{
    "2023-06-30": {
        "Tax Effect Of Unusual Items": NaN,
        "Tax Rate For Calcs": NaN,
        "Normalized EBITDA": NaN,
        "Total Unusual Items": NaN,
        "Total Unusual Items Excluding Goodwill": NaN,
        "Net Income From Continuing Operation Net Minority Interest": NaN,
        "Reconciled Depreciation": NaN,
        "Reconciled Cost Of Revenue": NaN,
        "EBITDA": NaN,
        "EBIT": NaN,
        "Net Interest Income": NaN,
        "Interest Expense": NaN,
        "Normalized Income": NaN,
        "Net Income From Continuing And Discontinued Operation": NaN,
        "Total Expenses": NaN,
        "Diluted Average Shares": NaN,
        "Basic Average Shares": NaN,
        "Diluted EPS": NaN,
        "Basic EPS": NaN,
        "Diluted NI Availto Com Stockholders": NaN,
        "Net Income Common Stockholders": NaN,
        "Net Income": NaN,
        "Minority Interests": NaN,
        "Net Income Including Noncontrolling Interests": NaN,
        "Net Income Continuous Operations": NaN,
        "Tax Provision": NaN,
        "Pretax Income": NaN,
        "Other Income Expense": NaN,
        "Other Non Operating Income Expenses": NaN,
        "Special Income Charges": NaN,
        "Gain On Sale Of Ppe": NaN,
        "Restructuring And Mergern Acquisition": NaN,
        "Earnings From Equity Interest": NaN,
        "Gain On Sale Of Security": NaN,
        "Net Non Operating Interest Income Expense": NaN,
        "Interest Expense Non Operating": NaN,
        "Operating Income": NaN,
        "Operating Expense": NaN,
        "Other Operating Expenses": 153000000.0,
        "Depreciation Amortization Depletion Income Statement": NaN,
        "Depreciation And Amortization In Income Statement": 153000000.0,
        "Research And Development": NaN,
        "Selling General And Administration": NaN,
        "Gross Profit": NaN,
        "Cost Of Revenue": NaN,
        "Total Revenue": NaN,
        "Operating Revenue": NaN
    },
    "2023-03-31": {
        "Tax Effect Of Unusual Items": NaN,
        "Tax Rate For Calcs": NaN,
        "Normalized EBITDA": NaN,
        "Total Unusual Items": NaN,
        "Total Unusual Items Excluding Goodwill": NaN,
        "Net Income From Continuing Operation Net Minority Interest": NaN,
        "Reconciled Depreciation": NaN,
        "Reconciled Cost Of Revenue": NaN,
        "EBITDA": NaN,
        "EBIT": NaN,
        "Net Interest Income": NaN,
        "Interest Expense": NaN,
        "Normalized Income": NaN,
        "Net Income From Continuing And Discontinued Operation": NaN,
        "Total Expenses": NaN,
        "Diluted Average Shares": NaN,
        "Basic Average Shares": NaN,
        "Diluted EPS": NaN,
        "Basic EPS": NaN,
        "Diluted NI Availto Com Stockholders": NaN,
        "Net Income Common Stockholders": NaN,
        "Net Income": NaN,
        "Minority Interests": NaN,
        "Net Income Including Noncontrolling Interests": NaN,
        "Net Income Continuous Operations": NaN,
        "Tax Provision": NaN,
        "Pretax Income": NaN,
        "Other Income Expense": NaN,
        "Other Non Operating Income Expenses": NaN,
        "Special Income Charges": NaN,
        "Gain On Sale Of Ppe": NaN,
        "Restructuring And Mergern Acquisition": NaN,
        "Earnings From Equity Interest": NaN,
        "Gain On Sale Of Security": NaN,
        "Net Non Operating Interest Income Expense": NaN,
        "Interest Expense Non Operating": NaN,
        "Operating Income": NaN,
        "Operating Expense": NaN,
        "Other Operating Expenses": 153000000.0,
        "Depreciation Amortization Depletion Income Statement": NaN,
        "Depreciation And Amortization In Income Statement": 153000000.0,
        "Research And Development": NaN,
        "Selling General And Administration": NaN,
        "Gross Profit": NaN,
        "Cost Of Revenue": NaN,
        "Total Revenue": NaN,
        "Operating Revenue": NaN
    },
    "2022-12-31": {
        "Tax Effect Of Unusual Items": NaN,
        "Tax Rate For Calcs": NaN,
        "Normalized EBITDA": NaN,
        "Total Unusual Items": NaN,
        "Total Unusual Items Excluding Goodwill": NaN,
        "Net Income From Continuing Operation Net Minority Interest": NaN,
        "Reconciled Depreciation": NaN,
        "Reconciled Cost Of Revenue": NaN,
        "EBITDA": NaN,
        "EBIT": NaN,
        "Net Interest Income": NaN,
        "Interest Expense": NaN,
        "Normalized Income": NaN,
        "Net Income From Continuing And Discontinued Operation": NaN,
        "Total Expenses": NaN,
        "Diluted Average Shares": NaN,
        "Basic Average Shares": NaN,
        "Diluted EPS": NaN,
        "Basic EPS": NaN,
        "Diluted NI Availto Com Stockholders": NaN,
        "Net Income Common Stockholders": NaN,
        "Net Income": NaN,
        "Minority Interests": NaN,
        "Net Income Including Noncontrolling Interests": NaN,
        "Net Income Continuous Operations": NaN,
        "Tax Provision": NaN,
        "Pretax Income": NaN,
        "Other Income Expense": NaN,
        "Other Non Operating Income Expenses": NaN,
        "Special Income Charges": NaN,
        "Gain On Sale Of Ppe": NaN,
        "Restructuring And Mergern Acquisition": NaN,
        "Earnings From Equity Interest": NaN,
        "Gain On Sale Of Security": NaN,
        "Net Non Operating Interest Income Expense": NaN,
        "Interest Expense Non Operating": NaN,
        "Operating Income": NaN,
        "Operating Expense": NaN,
        "Other Operating Expenses": 202000000.0,
        "Depreciation Amortization Depletion Income Statement": NaN,
        "Depreciation And Amortization In Income Statement": 147000000.0,
        "Research And Development": NaN,
        "Selling General And Administration": NaN,
        "Gross Profit": NaN,
        "Cost Of Revenue": NaN,
        "Total Revenue": NaN,
        "Operating Revenue": NaN
    },
    "2022-09-30": {
        "Tax Effect Of Unusual Items": NaN,
        "Tax Rate For Calcs": NaN,
        "Normalized EBITDA": NaN,
        "Total Unusual Items": NaN,
        "Total Unusual Items Excluding Goodwill": NaN,
        "Net Income From Continuing Operation Net Minority Interest": NaN,
        "Reconciled Depreciation": NaN,
        "Reconciled Cost Of Revenue": NaN,
        "EBITDA": NaN,
        "EBIT": NaN,
        "Net Interest Income": NaN,
        "Interest Expense": NaN,
        "Normalized Income": NaN,
        "Net Income From Continuing And Discontinued Operation": NaN,
        "Total Expenses": NaN,
        "Diluted Average Shares": NaN,
        "Basic Average Shares": NaN,
        "Diluted EPS": NaN,
        "Basic EPS": NaN,
        "Diluted NI Availto Com Stockholders": NaN,
        "Net Income Common Stockholders": NaN,
        "Net Income": NaN,
        "Minority Interests": NaN,
        "Net Income Including Noncontrolling Interests": NaN,
        "Net Income Continuous Operations": NaN,
        "Tax Provision": NaN,
        "Pretax Income": NaN,
        "Other Income Expense": NaN,
        "Other Non Operating Income Expenses": NaN,
        "Special Income Charges": NaN,
        "Gain On Sale Of Ppe": NaN,
        "Restructuring And Mergern Acquisition": NaN,
        "Earnings From Equity Interest": NaN,
        "Gain On Sale Of Security": NaN,
        "Net Non Operating Interest Income Expense": NaN,
        "Interest Expense Non Operating": NaN,
        "Operating Income": NaN,
        "Operating Expense": NaN,
        "Other Operating Expenses": 149000000.0,
        "Depreciation Amortization Depletion Income Statement": NaN,
        "Depreciation And Amortization In Income Statement": NaN,
        "Research And Development": NaN,
        "Selling General And Administration": NaN,
        "Gross Profit": NaN,
        "Cost Of Revenue": NaN,
        "Total Revenue": NaN,
        "Operating Revenue": NaN
    },
    "2022-06-30": {
        "Tax Effect Of Unusual Items": 19328193.832599,
        "Tax Rate For Calcs": 0.257709,
        "Normalized EBITDA": 1024000000.0,
        "Total Unusual Items": 75000000.0,
        "Total Unusual Items Excluding Goodwill": 75000000.0,
        "Net Income From Continuing Operation Net Minority Interest": 549000000.0,
        "Reconciled Depreciation": 161000000.0,
        "Reconciled Cost Of Revenue": 2767000000.0,
        "EBITDA": 1099000000.0,
        "EBIT": 938000000.0,
        "Net Interest Income": -30000000.0,
        "Interest Expense": 30000000.0,
        "Normalized Income": 493328193.832599,
        "Net Income From Continuing And Discontinued Operation": 549000000.0,
        "Total Expenses": 2987000000.0,
        "Diluted Average Shares": 186000000.0,
        "Basic Average Shares": 182000000.0,
        "Diluted EPS": 2.95,
        "Basic EPS": 3.01,
        "Diluted NI Availto Com Stockholders": 549000000.0,
        "Net Income Common Stockholders": 549000000.0,
        "Net Income": 549000000.0,
        "Minority Interests": -125000000.0,
        "Net Income Including Noncontrolling Interests": 674000000.0,
        "Net Income Continuous Operations": 674000000.0,
        "Tax Provision": 234000000.0,
        "Pretax Income": 908000000.0,
        "Other Income Expense": 281000000.0,
        "Other Non Operating Income Expenses": 206000000.0,
        "Special Income Charges": 75000000.0,
        "Gain On Sale Of Ppe": -4000000.0,
        "Restructuring And Mergern Acquisition": -75000000.0,
        "Earnings From Equity Interest": 35000000.0,
        "Gain On Sale Of Security": 180000000.0,
        "Net Non Operating Interest Income Expense": -30000000.0,
        "Interest Expense Non Operating": 30000000.0,
        "Operating Income": 657000000.0,
        "Operating Expense": 220000000.0,
        "Other Operating Expenses": 161000000.0,
        "Research And Development": 7000000.0,
        "Selling General And Administration": 52000000.0,
        "Gross Profit": 877000000.0,
        "Cost Of Revenue": 2767000000.0,
        "Total Revenue": 3644000000.0,
        "Operating Revenue": 3644000000.0
    },
    "2023-09-30": {
        "Tax Effect Of Unusual Items": NaN,
        "Tax Rate For Calcs": NaN,
        "Normalized EBITDA": NaN,
        "Total Unusual Items": NaN,
        "Total Unusual Items Excluding Goodwill": NaN,
        "Net Income From Continuing Operation Net Minority Interest": NaN,
        "Reconciled Depreciation": NaN,
        "Reconciled Cost Of Revenue": NaN,
        "EBITDA": NaN,
        "EBIT": NaN,
        "Net Interest Income": NaN,
        "Interest Expense": NaN,
        "Normalized Income": NaN,
        "Net Income From Continuing And Discontinued Operation": NaN,
        "Total Expenses": NaN,
        "Diluted Average Shares": NaN,
        "Basic Average Shares": NaN,
        "Diluted EPS": NaN,
        "Basic EPS": NaN,
        "Diluted NI Availto Com Stockholders": NaN,
        "Net Income Common Stockholders": NaN,
        "Net Income": NaN,
        "Minority Interests": NaN,
        "Net Income Including Noncontrolling Interests": NaN,
        "Net Income Continuous Operations": NaN,
        "Tax Provision": NaN,
        "Pretax Income": NaN,
        "Other Income Expense": NaN,
        "Other Non Operating Income Expenses": NaN,
        "Special Income Charges": NaN,
        "Gain On Sale Of Ppe": NaN,
        "Restructuring And Mergern Acquisition": NaN,
        "Earnings From Equity Interest": NaN,
        "Gain On Sale Of Security": NaN,
        "Net Non Operating Interest Income Expense": NaN,
        "Interest Expense Non Operating": NaN,
        "Operating Income": NaN,
        "Operating Expense": NaN,
        "Other Operating Expenses": 163000000.0,
        "Depreciation Amortization Depletion Income Statement": NaN,
        "Depreciation And Amortization In Income Statement": 163000000.0,
        "Research And Development": NaN,
        "Selling General And Administration": NaN,
        "Gross Profit": NaN,
        "Cost Of Revenue": NaN,
        "Total Revenue": NaN,
        "Operating Revenue": NaN
    },
    "2023-12-31": {
        "Tax Effect Of Unusual Items": NaN,
        "Tax Rate For Calcs": NaN,
        "Normalized EBITDA": NaN,
        "Total Unusual Items": NaN,
        "Total Unusual Items Excluding Goodwill": NaN,
        "Net Income From Continuing Operation Net Minority Interest": NaN,
        "Reconciled Depreciation": NaN,
        "Reconciled Cost Of Revenue": NaN,
        "EBITDA": NaN,
        "EBIT": NaN,
        "Net Interest Income": NaN,
        "Interest Expense": NaN,
        "Normalized Income": NaN,
        "Net Income From Continuing And Discontinued Operation": NaN,
        "Total Expenses": NaN,
        "Diluted Average Shares": NaN,
        "Basic Average Shares": NaN,
        "Diluted EPS": NaN,
        "Basic EPS": NaN,
        "Diluted NI Availto Com Stockholders": NaN,
        "Net Income Common Stockholders": NaN,
        "Net Income": NaN,
        "Minority Interests": NaN,
        "Net Income Including Noncontrolling Interests": NaN,
        "Net Income Continuous Operations": NaN,
        "Tax Provision": NaN,
        "Pretax Income": NaN,
        "Other Income Expense": NaN,
        "Other Non Operating Income Expenses": NaN,
        "Special Income Charges": NaN,
        "Gain On Sale Of Ppe": NaN,
        "Restructuring And Mergern Acquisition": NaN,
        "Earnings From Equity Interest": NaN,
        "Gain On Sale Of Security": NaN,
        "Net Non Operating Interest Income Expense": NaN,
        "Interest Expense Non Operating": NaN,
        "Operating Income": NaN,
        "Operating Expense": NaN,
        "Depreciation Amortization Depletion Income Statement": NaN,
        "Depreciation And Amortization In Income Statement": 163000000.0,
        "Research And Development": NaN,
        "Selling General And Administration": NaN,
        "Gross Profit": NaN,
        "Cost Of Revenue": NaN,
        "Total Revenue": NaN,
        "Operating Revenue": NaN
    },
    "2024-03-31": {
        "Tax Effect Of Unusual Items": -13403076.923077,
        "Tax Rate For Calcs": 0.055385,
        "Normalized EBITDA": 105000000.0,
        "Total Unusual Items": -242000000.0,
        "Total Unusual Items Excluding Goodwill": -242000000.0,
        "Net Income From Continuing Operation Net Minority Interest": -252000000.0,
        "Reconciled Depreciation": 161000000.0,
        "Reconciled Cost Of Revenue": 2404000000.0,
        "EBITDA": -137000000.0,
        "EBIT": -298000000.0,
        "Net Interest Income": -27000000.0,
        "Interest Expense": 27000000.0,
        "Normalized Income": -23403076.923077,
        "Net Income From Continuing And Discontinued Operation": -252000000.0,
        "Total Expenses": 2636000000.0,
        "Diluted Average Shares": 179285359.0,
        "Basic Average Shares": 179285359.0,
        "Diluted EPS": -1.41,
        "Basic EPS": -1.41,
        "Diluted NI Availto Com Stockholders": -252000000.0,
        "Net Income Common Stockholders": -252000000.0,
        "Net Income": -252000000.0,
        "Minority Interests": 55000000.0,
        "Net Income Including Noncontrolling Interests": -307000000.0,
        "Net Income Continuous Operations": -307000000.0,
        "Tax Provision": -18000000.0,
        "Pretax Income": -325000000.0,
        "Other Income Expense": -261000000.0,
        "Other Non Operating Income Expenses": 8000000.0,
        "Special Income Charges": -213000000.0,
        "Gain On Sale Of Ppe": -11000000.0,
        "Restructuring And Mergern Acquisition": 202000000.0,
        "Earnings From Equity Interest": -27000000.0,
        "Gain On Sale Of Security": -29000000.0,
        "Net Non Operating Interest Income Expense": -27000000.0,
        "Interest Expense Non Operating": 27000000.0,
        "Operating Income": -37000000.0,
        "Operating Expense": 232000000.0,
        "Depreciation Amortization Depletion Income Statement": 161000000.0,
        "Depreciation And Amortization In Income Statement": NaN,
        "Research And Development": 11000000.0,
        "Selling General And Administration": 60000000.0,
        "Gross Profit": 195000000.0,
        "Cost Of Revenue": 2404000000.0,
        "Total Revenue": 2599000000.0,
        "Operating Revenue": 2599000000.0
    },
    "2024-06-30": {
        "Tax Effect Of Unusual Items": -5670000.0,
        "Tax Rate For Calcs": 0.21,
        "Normalized EBITDA": 322000000.0,
        "Total Unusual Items": -27000000.0,
        "Total Unusual Items Excluding Goodwill": -27000000.0,
        "Net Income From Continuing Operation Net Minority Interest": 20000000.0,
        "Reconciled Depreciation": 163000000.0,
        "Reconciled Cost Of Revenue": 2533000000.0,
        "EBITDA": 295000000.0,
        "EBIT": 132000000.0,
        "Net Interest Income": -40000000.0,
        "Interest Expense": 40000000.0,
        "Normalized Income": 41330000.0,
        "Net Income From Continuing And Discontinued Operation": 20000000.0,
        "Total Expenses": 2778000000.0,
        "Diluted Average Shares": 181056581.0,
        "Basic Average Shares": 179560596.0,
        "Diluted EPS": 0.11,
        "Basic EPS": 0.11,
        "Diluted NI Availto Com Stockholders": 20000000.0,
        "Net Income Common Stockholders": 20000000.0,
        "Net Income": 20000000.0,
        "Minority Interests": -11000000.0,
        "Net Income Including Noncontrolling Interests": 31000000.0,
        "Net Income Continuous Operations": 31000000.0,
        "Tax Provision": 61000000.0,
        "Pretax Income": 92000000.0,
        "Other Income Expense": 4000000.0,
        "Other Non Operating Income Expenses": 9000000.0,
        "Special Income Charges": -24000000.0,
        "Gain On Sale Of Ppe": -6000000.0,
        "Restructuring And Mergern Acquisition": 18000000.0,
        "Earnings From Equity Interest": 22000000.0,
        "Gain On Sale Of Security": -3000000.0,
        "Net Non Operating Interest Income Expense": -40000000.0,
        "Interest Expense Non Operating": 40000000.0,
        "Operating Income": 128000000.0,
        "Operating Expense": 245000000.0,
        "Depreciation Amortization Depletion Income Statement": 163000000.0,
        "Depreciation And Amortization In Income Statement": NaN,
        "Research And Development": 13000000.0,
        "Selling General And Administration": 69000000.0,
        "Gross Profit": 373000000.0,
        "Cost Of Revenue": 2533000000.0,
        "Total Revenue": 2906000000.0,
        "Operating Revenue": 2906000000.0
    },
    "2024-09-30": {
        "Tax Effect Of Unusual Items": -7350000.0,
        "Tax Rate For Calcs": 0.21,
        "Normalized EBITDA": 422000000.0,
        "Total Unusual Items": -35000000.0,
        "Total Unusual Items Excluding Goodwill": -35000000.0,
        "Net Income From Continuing Operation Net Minority Interest": 90000000.0,
        "Reconciled Depreciation": 159000000.0,
        "Reconciled Cost Of Revenue": 2393000000.0,
        "EBITDA": 387000000.0,
        "EBIT": 228000000.0,
        "Net Interest Income": -44000000.0,
        "Interest Expense": 44000000.0,
        "Normalized Income": 117650000.0,
        "Net Income From Continuing And Discontinued Operation": 90000000.0,
        "Total Expenses": 2634000000.0,
        "Diluted Average Shares": 233594549.0,
        "Basic Average Shares": 231799090.0,
        "Diluted EPS": 0.38,
        "Basic EPS": 0.39,
        "Diluted NI Availto Com Stockholders": 90000000.0,
        "Net Income Common Stockholders": 90000000.0,
        "Net Income": 90000000.0,
        "Minority Interests": -8000000.0,
        "Net Income Including Noncontrolling Interests": 98000000.0,
        "Net Income Continuous Operations": 98000000.0,
        "Tax Provision": 86000000.0,
        "Pretax Income": 184000000.0,
        "Other Income Expense": -42000000.0,
        "Other Non Operating Income Expenses": 12000000.0,
        "Special Income Charges": -31000000.0,
        "Gain On Sale Of Ppe": -1000000.0,
        "Restructuring And Mergern Acquisition": 30000000.0,
        "Earnings From Equity Interest": -19000000.0,
        "Gain On Sale Of Security": -4000000.0,
        "Net Non Operating Interest Income Expense": -44000000.0,
        "Interest Expense Non Operating": 44000000.0,
        "Operating Income": 270000000.0,
        "Operating Expense": 241000000.0,
        "Depreciation Amortization Depletion Income Statement": 159000000.0,
        "Depreciation And Amortization In Income Statement": NaN,
        "Research And Development": 16000000.0,
        "Selling General And Administration": 66000000.0,
        "Gross Profit": 511000000.0,
        "Cost Of Revenue": 2393000000.0,
        "Total Revenue": 2904000000.0,
        "Operating Revenue": 2904000000.0
    },
    "2024-12-31": {
        "Tax Effect Of Unusual Items": -37200000.0,
        "Tax Rate For Calcs": 0.4,
        "Normalized EBITDA": 635000000.0,
        "Total Unusual Items": -93000000.0,
        "Total Unusual Items Excluding Goodwill": -93000000.0,
        "Net Income From Continuing Operation Net Minority Interest": 202000000.0,
        "Reconciled Depreciation": 159000000.0,
        "Reconciled Cost Of Revenue": 2714000000.0,
        "EBITDA": 542000000.0,
        "EBIT": 383000000.0,
        "Net Interest Income": -45000000.0,
        "Interest Expense": 45000000.0,
        "Normalized Income": 257800000.0,
        "Net Income From Continuing And Discontinued Operation": 202000000.0,
        "Total Expenses": 3019000000.0,
        "Diluted Average Shares": 260457179.0,
        "Basic Average Shares": 258356066.0,
        "Diluted EPS": 0.76,
        "Basic EPS": 0.77,
        "Diluted NI Availto Com Stockholders": 202000000.0,
        "Net Income Common Stockholders": 202000000.0,
        "Net Income": 202000000.0,
        "Minority Interests": 0.0,
        "Net Income Including Noncontrolling Interests": 202000000.0,
        "Net Income Continuous Operations": 202000000.0,
        "Tax Provision": 136000000.0,
        "Pretax Income": 338000000.0,
        "Other Income Expense": -84000000.0,
        "Other Non Operating Income Expenses": 9000000.0,
        "Special Income Charges": -61000000.0,
        "Gain On Sale Of Ppe": -19000000.0,
        "Restructuring And Mergern Acquisition": 37000000.0,
        "Earnings From Equity Interest": 0.0,
        "Gain On Sale Of Security": -32000000.0,
        "Net Non Operating Interest Income Expense": -45000000.0,
        "Interest Expense Non Operating": 45000000.0,
        "Operating Income": 467000000.0,
        "Operating Expense": 305000000.0,
        "Depreciation Amortization Depletion Income Statement": 159000000.0,
        "Depreciation And Amortization In Income Statement": NaN,
        "Research And Development": 17000000.0,
        "Selling General And Administration": 80000000.0,
        "Gross Profit": 772000000.0,
        "Cost Of Revenue": 2714000000.0,
        "Total Revenue": 3486000000.0,
        "Operating Revenue": 3486000000.0
    },
    "2025-03-31": {
        "Tax Effect Of Unusual Items": 2874251.497006,
        "Tax Rate For Calcs": 0.179641,
        "Normalized EBITDA": 853000000.0,
        "Total Unusual Items": 16000000.0,
        "Total Unusual Items Excluding Goodwill": 16000000.0,
        "Net Income From Continuing Operation Net Minority Interest": 548000000.0,
        "Reconciled Depreciation": 148000000.0,
        "Reconciled Cost Of Revenue": 2438000000.0,
        "EBITDA": 869000000.0,
        "EBIT": 721000000.0,
        "Net Interest Income": -53000000.0,
        "Interest Expense": 53000000.0,
        "Normalized Income": 534874251.497006,
        "Net Income From Continuing And Discontinued Operation": 548000000.0,
        "Total Expenses": 2669000000.0,
        "Diluted Average Shares": 259000000.0,
        "Basic Average Shares": 259000000.0,
        "Diluted EPS": 2.07,
        "Basic EPS": 2.08,
        "Diluted NI Availto Com Stockholders": 548000000.0,
        "Net Income Common Stockholders": 548000000.0,
        "Net Income": 548000000.0,
        "Minority Interests": 0.0,
        "Net Income Including Noncontrolling Interests": 548000000.0,
        "Net Income Continuous Operations": 548000000.0,
        "Tax Provision": 120000000.0,
        "Pretax Income": 668000000.0,
        "Other Income Expense": 21000000.0,
        "Other Non Operating Income Expenses": 11000000.0,
        "Special Income Charges": -8000000.0,
        "Gain On Sale Of Ppe": -3000000.0,
        "Restructuring And Mergern Acquisition": 5000000.0,
        "Earnings From Equity Interest": -6000000.0,
        "Gain On Sale Of Security": 24000000.0,
        "Net Non Operating Interest Income Expense": -53000000.0,
        "Interest Expense Non Operating": 53000000.0,
        "Operating Income": 700000000.0,
        "Operating Expense": 231000000.0,
        "Depreciation Amortization Depletion Income Statement": 148000000.0,
        "Depreciation And Amortization In Income Statement": NaN,
        "Research And Development": 12000000.0,
        "Selling General And Administration": 71000000.0,
        "Gross Profit": 931000000.0,
        "Cost Of Revenue": 2438000000.0,
        "Total Revenue": 3369000000.0,
        "Operating Revenue": 3369000000.0
    },
    "2025-06-30": {
        "Tax Effect Of Unusual Items": 5838509.31677,
        "Tax Rate For Calcs": 0.062112,
        "Normalized EBITDA": 276000000.0,
        "Total Unusual Items": 94000000.0,
        "Total Unusual Items Excluding Goodwill": 94000000.0,
        "Net Income From Continuing Operation Net Minority Interest": 164000000.0,
        "Reconciled Depreciation": 153000000.0,
        "Reconciled Cost Of Revenue": 2652000000.0,
        "EBITDA": 370000000.0,
        "EBIT": 217000000.0,
        "Net Interest Income": -56000000.0,
        "Interest Expense": 56000000.0,
        "Normalized Income": 75838509.31677,
        "Net Income From Continuing And Discontinued Operation": 164000000.0,
        "Total Expenses": 2899000000.0,
        "Diluted Average Shares": 260000000.0,
        "Basic Average Shares": 259000000.0,
        "Diluted EPS": 0.62,
        "Basic EPS": 0.63,
        "Diluted NI Availto Com Stockholders": 164000000.0,
        "Net Income Common Stockholders": 164000000.0,
        "Net Income": 164000000.0,
        "Minority Interests": 13000000.0,
        "Net Income Including Noncontrolling Interests": 151000000.0,
        "Net Income Continuous Operations": 151000000.0,
        "Tax Provision": 10000000.0,
        "Pretax Income": 161000000.0,
        "Other Income Expense": 98000000.0,
        "Other Non Operating Income Expenses": 26000000.0,
        "Special Income Charges": -16000000.0,
        "Gain On Sale Of Ppe": -2000000.0,
        "Restructuring And Mergern Acquisition": 14000000.0,
        "Earnings From Equity Interest": -22000000.0,
        "Gain On Sale Of Security": 110000000.0,
        "Net Non Operating Interest Income Expense": -56000000.0,
        "Interest Expense Non Operating": 56000000.0,
        "Operating Income": 119000000.0,
        "Operating Expense": 247000000.0,
        "Depreciation Amortization Depletion Income Statement": 153000000.0,
        "Depreciation And Amortization In Income Statement": NaN,
        "Research And Development": 12000000.0,
        "Selling General And Administration": 82000000.0,
        "Gross Profit": 366000000.0,
        "Cost Of Revenue": 2652000000.0,
        "Total Revenue": 3018000000.0,
        "Operating Revenue": 3018000000.0
    }
}