{
    "2023-03-31": {
        "Tax Effect Of Unusual Items": NaN,
        "Tax Rate For Calcs": NaN,
        "Normalized EBITDA": NaN,
        "Total Unusual Items": NaN,
        "Total Unusual Items Excluding Goodwill": NaN,
        "Net Income From Continuing Operation Net Minority Interest": NaN,
        "Reconciled Depreciation": NaN,
        "Reconciled Cost Of Revenue": NaN,
        "EBITDA": NaN,
        "EBIT": NaN,
        "Net Interest Income": NaN,
        "Interest Expense": NaN,
        "Interest Income": NaN,
        "Normalized Income": NaN,
        "Net Income From Continuing And Discontinued Operation": NaN,
        "Total Expenses": NaN,
        "Total Operating Income As Reported": NaN,
        "Diluted Average Shares": 26862646.0,
        "Basic Average Shares": 26862646.0,
        "Diluted EPS": -0.57,
        "Basic EPS": -0.57,
        "Diluted NI Availto Com Stockholders": NaN,
        "Net Income Common Stockholders": NaN,
        "Net Income": NaN,
        "Net Income Including Noncontrolling Interests": NaN,
        "Net Income Continuous Operations": NaN,
        "Tax Provision": NaN,
        "Pretax Income": NaN,
        "Other Income Expense": NaN,
        "Special Income Charges": NaN,
        "Impairment Of Capital Assets": NaN,
        "Gain On Sale Of Security": NaN,
        "Net Non Operating Interest Income Expense": NaN,
        "Interest Expense Non Operating": NaN,
        "Interest Income Non Operating": NaN,
        "Operating Income": NaN,
        "Operating Expense": NaN,
        "Research And Development": NaN,
        "Selling General And Administration": NaN,
        "Gross Profit": NaN,
        "Cost Of Revenue": NaN,
        "Total Revenue": NaN,
        "Operating Revenue": NaN
    },
    "2022-12-31": {
        "Tax Effect Of Unusual Items": NaN,
        "Tax Rate For Calcs": NaN,
        "Normalized EBITDA": NaN,
        "Total Unusual Items": NaN,
        "Total Unusual Items Excluding Goodwill": NaN,
        "Net Income From Continuing Operation Net Minority Interest": NaN,
        "Reconciled Depreciation": NaN,
        "Reconciled Cost Of Revenue": NaN,
        "EBITDA": NaN,
        "EBIT": NaN,
        "Net Interest Income": NaN,
        "Interest Expense": NaN,
        "Interest Income": NaN,
        "Normalized Income": NaN,
        "Net Income From Continuing And Discontinued Operation": NaN,
        "Total Expenses": NaN,
        "Total Operating Income As Reported": NaN,
        "Diluted Average Shares": NaN,
        "Basic Average Shares": NaN,
        "Diluted EPS": NaN,
        "Basic EPS": NaN,
        "Diluted NI Availto Com Stockholders": NaN,
        "Net Income Common Stockholders": NaN,
        "Net Income": NaN,
        "Net Income Including Noncontrolling Interests": NaN,
        "Net Income Continuous Operations": NaN,
        "Tax Provision": -9000.0,
        "Pretax Income": NaN,
        "Other Income Expense": 0.0,
        "Special Income Charges": 0.0,
        "Impairment Of Capital Assets": 0.0,
        "Gain On Sale Of Security": NaN,
        "Net Non Operating Interest Income Expense": NaN,
        "Interest Expense Non Operating": NaN,
        "Interest Income Non Operating": NaN,
        "Operating Income": NaN,
        "Operating Expense": NaN,
        "Research And Development": NaN,
        "Selling General And Administration": NaN,
        "Gross Profit": NaN,
        "Cost Of Revenue": NaN,
        "Total Revenue": NaN,
        "Operating Revenue": NaN
    },
    "2022-09-30": {
        "Tax Effect Of Unusual Items": NaN,
        "Tax Rate For Calcs": NaN,
        "Normalized EBITDA": NaN,
        "Total Unusual Items": NaN,
        "Total Unusual Items Excluding Goodwill": NaN,
        "Net Income From Continuing Operation Net Minority Interest": NaN,
        "Reconciled Depreciation": NaN,
        "Reconciled Cost Of Revenue": NaN,
        "EBITDA": NaN,
        "EBIT": NaN,
        "Net Interest Income": NaN,
        "Interest Expense": NaN,
        "Interest Income": NaN,
        "Normalized Income": NaN,
        "Net Income From Continuing And Discontinued Operation": NaN,
        "Total Expenses": NaN,
        "Total Operating Income As Reported": NaN,
        "Diluted Average Shares": NaN,
        "Basic Average Shares": NaN,
        "Diluted EPS": NaN,
        "Basic EPS": NaN,
        "Diluted NI Availto Com Stockholders": NaN,
        "Net Income Common Stockholders": NaN,
        "Net Income": NaN,
        "Net Income Including Noncontrolling Interests": NaN,
        "Net Income Continuous Operations": NaN,
        "Tax Provision": 0.0,
        "Pretax Income": NaN,
        "Other Income Expense": NaN,
        "Special Income Charges": 0.0,
        "Impairment Of Capital Assets": 0.0,
        "Gain On Sale Of Security": NaN,
        "Net Non Operating Interest Income Expense": NaN,
        "Interest Expense Non Operating": NaN,
        "Interest Income Non Operating": NaN,
        "Operating Income": NaN,
        "Operating Expense": NaN,
        "Research And Development": NaN,
        "Selling General And Administration": NaN,
        "Gross Profit": NaN,
        "Cost Of Revenue": NaN,
        "Total Revenue": NaN,
        "Operating Revenue": NaN
    },
    "2022-06-30": {
        "Tax Effect Of Unusual Items": -1489600.0,
        "Tax Rate For Calcs": 0.4,
        "Normalized EBITDA": -14478000.0,
        "Total Unusual Items": -3724000.0,
        "Total Unusual Items Excluding Goodwill": -3724000.0,
        "Net Income From Continuing Operation Net Minority Interest": -18269000.0,
        "Reconciled Depreciation": 27000.0,
        "Reconciled Cost Of Revenue": 341000.0,
        "EBITDA": -18202000.0,
        "EBIT": -18202000.0,
        "Net Interest Income": 100000.0,
        "Interest Expense": 58000.0,
        "Interest Income": 158000.0,
        "Normalized Income": -16034600.0,
        "Net Income From Continuing And Discontinued Operation": -18269000.0,
        "Total Expenses": 18073000.0,
        "Total Operating Income As Reported": -18360000.0,
        "Diluted Average Shares": 20970459.0,
        "Basic Average Shares": 20970459.0,
        "Diluted EPS": -0.87,
        "Basic EPS": -0.87,
        "Diluted NI Availto Com Stockholders": -18269000.0,
        "Net Income Common Stockholders": -18269000.0,
        "Net Income": -18269000.0,
        "Net Income Including Noncontrolling Interests": -18269000.0,
        "Net Income Continuous Operations": -18269000.0,
        "Tax Provision": 9000.0,
        "Pretax Income": -18260000.0,
        "Other Income Expense": -3724000.0,
        "Special Income Charges": -3724000.0,
        "Impairment Of Capital Assets": 3724000.0,
        "Gain On Sale Of Security": NaN,
        "Net Non Operating Interest Income Expense": 100000.0,
        "Interest Expense Non Operating": 58000.0,
        "Interest Income Non Operating": 158000.0,
        "Operating Income": -14636000.0,
        "Operating Expense": 17732000.0,
        "Research And Development": 7726000.0,
        "Selling General And Administration": 10006000.0,
        "Gross Profit": 3096000.0,
        "Cost Of Revenue": 341000.0,
        "Total Revenue": 3437000.0,
        "Operating Revenue": 3437000.0
    },
    "2022-03-31": {
        "Diluted EPS": -0.66,
        "Total Revenue": 2,
        "Gross Profit": 2,
        "Operating Income": -14,
        "EBIT": -14,
        "Net Income": -14
    },
    "2021-12-31": {
        "Diluted EPS": -0.49,
        "Total Revenue": 1,
        "Gross Profit": 1,
        "Operating Income": -16,
        "EBIT": -16,
        "Net Income": -17
    },
    "2021-09-30": {
        "Diluted EPS": -9.17,
        "Total Revenue": NaN,
        "Gross Profit": NaN,
        "Operating Income": -87,
        "EBIT": -13,
        "Net Income": -87
    },
    "2021-06-30": {
        "Diluted EPS": -0.6,
        "Total Revenue": NaN,
        "Gross Profit": NaN,
        "Operating Income": -4,
        "EBIT": -4,
        "Net Income": -2
    },
    "2021-03-31": {
        "Diluted EPS": -2.15,
        "Total Revenue": 0,
        "Gross Profit": 0,
        "Operating Income": -4,
        "EBIT": -4,
        "Net Income": -5
    },
    "2020-12-31": {
        "Diluted EPS": -2.48,
        "Total Revenue": -1,
        "Gross Profit": -1,
        "Operating Income": -5,
        "EBIT": -5,
        "Net Income": -7
    },
    "2020-09-30": {
        "Diluted EPS": -1.23,
        "Total Revenue": 0,
        "Gross Profit": 0,
        "Operating Income": -3,
        "EBIT": -3,
        "Net Income": -3
    },
    "2020-06-30": {
        "Diluted EPS": 3.45,
        "Total Revenue": 15,
        "Gross Profit": 15,
        "Operating Income": 9,
        "EBIT": 9,
        "Net Income": 9
    },
    "2020-03-31": {
        "Diluted EPS": -1.5,
        "Total Revenue": NaN,
        "Gross Profit": NaN,
        "Operating Income": -4,
        "EBIT": -4,
        "Net Income": -4
    },
    "2019-12-31": {
        "Diluted EPS": -1.65,
        "Total Revenue": NaN,
        "Gross Profit": NaN,
        "Operating Income": -5,
        "EBIT": -5,
        "Net Income": -4
    },
    "2019-09-30": {
        "Diluted EPS": -1.65,
        "Total Revenue": NaN,
        "Gross Profit": NaN,
        "Operating Income": -5,
        "EBIT": -5,
        "Net Income": -5
    },
    "2019-06-30": {
        "Diluted EPS": -2.1,
        "Total Revenue": NaN,
        "Gross Profit": NaN,
        "Operating Income": -6,
        "EBIT": -6,
        "Net Income": -6
    },
    "2019-03-31": {
        "Diluted EPS": -3.15,
        "Total Revenue": NaN,
        "Gross Profit": NaN,
        "Operating Income": -9,
        "EBIT": -9,
        "Net Income": -8
    },
    "2018-12-31": {
        "Diluted EPS": -1.5,
        "Total Revenue": 0,
        "Gross Profit": 0,
        "Operating Income": -9,
        "EBIT": -9,
        "Net Income": -9
    },
    "2018-09-30": {
        "Diluted EPS": 4.2,
        "Total Revenue": 19,
        "Gross Profit": 19,
        "Operating Income": 11,
        "EBIT": 11,
        "Net Income": 12
    },
    "2018-06-30": {
        "Diluted EPS": -3.3,
        "Total Revenue": 1,
        "Gross Profit": 1,
        "Operating Income": -6,
        "EBIT": -6,
        "Net Income": -6
    },
    "2018-03-31": {
        "Diluted EPS": -4.05,
        "Total Revenue": NaN,
        "Gross Profit": NaN,
        "Operating Income": -7,
        "EBIT": -7,
        "Net Income": -7
    },
    "2017-12-31": {
        "Diluted EPS": 6.15,
        "Total Revenue": NaN,
        "Gross Profit": NaN,
        "Operating Income": -6,
        "EBIT": -6,
        "Net Income": -7
    },
    "2017-09-30": {
        "Diluted EPS": -2.55,
        "Total Revenue": NaN,
        "Gross Profit": NaN,
        "Operating Income": -5,
        "EBIT": -5,
        "Net Income": -5
    },
    "2017-06-30": {
        "Diluted EPS": -3.15,
        "Total Revenue": NaN,
        "Gross Profit": NaN,
        "Operating Income": -6,
        "EBIT": -6,
        "Net Income": -6
    },
    "2017-03-31": {
        "Diluted EPS": -15.89,
        "Total Revenue": NaN,
        "Gross Profit": NaN,
        "Operating Income": -5,
        "EBIT": -5,
        "Net Income": -5
    },
    "2016-12-31": {
        "Diluted EPS": -66.87,
        "Total Revenue": NaN,
        "Gross Profit": NaN,
        "Operating Income": -3,
        "EBIT": -3,
        "Net Income": -5
    },
    "2016-09-30": {
        "Diluted EPS": -100.3,
        "Total Revenue": NaN,
        "Gross Profit": NaN,
        "Operating Income": -5,
        "EBIT": -5,
        "Net Income": -6
    },
    "2016-06-30": {
        "Diluted EPS": -94.45,
        "Total Revenue": NaN,
        "Gross Profit": NaN,
        "Operating Income": -4,
        "EBIT": -4,
        "Net Income": -5
    },
    "2016-03-31": {
        "Diluted EPS": -106.0,
        "Total Revenue": NaN,
        "Gross Profit": NaN,
        "Operating Income": -4,
        "EBIT": -4,
        "Net Income": -5
    },
    "2015-12-31": {
        "Diluted EPS": 0.0,
        "Total Revenue": NaN,
        "Gross Profit": NaN,
        "Operating Income": 0,
        "EBIT": 0,
        "Net Income": 0
    },
    "2015-09-30": {
        "Diluted EPS": 0.0,
        "Total Revenue": NaN,
        "Gross Profit": NaN,
        "Operating Income": 0,
        "EBIT": 0,
        "Net Income": 0
    },
    "2015-06-30": {
        "Diluted EPS": 0.0,
        "Total Revenue": NaN,
        "Gross Profit": NaN,
        "Operating Income": 0,
        "EBIT": 0,
        "Net Income": 0
    },
    "2015-03-31": {
        "Diluted EPS": 0.0,
        "Total Revenue": NaN,
        "Gross Profit": NaN,
        "Operating Income": 0,
        "EBIT": 0,
        "Net Income": 0
    },
    "2014-12-31": {
        "Diluted EPS": 0.0,
        "Total Revenue": NaN,
        "Gross Profit": NaN,
        "Operating Income": 0,
        "EBIT": 0,
        "Net Income": 0
    },
    "2014-09-30": {
        "Diluted EPS": 0.0,
        "Total Revenue": NaN,
        "Gross Profit": NaN,
        "Operating Income": 0,
        "EBIT": 0,
        "Net Income": 0
    },
    "2014-06-30": {
        "Diluted EPS": 0.0,
        "Total Revenue": NaN,
        "Gross Profit": NaN,
        "Operating Income": 0,
        "EBIT": 0,
        "Net Income": 0
    },
    "2014-03-31": {
        "Diluted EPS": 0.0,
        "Total Revenue": NaN,
        "Gross Profit": NaN,
        "Operating Income": 0,
        "EBIT": 0,
        "Net Income": 0
    },
    "2013-12-31": {
        "Diluted EPS": 0.0,
        "Total Revenue": NaN,
        "Gross Profit": NaN,
        "Operating Income": 0,
        "EBIT": 0,
        "Net Income": 0
    },
    "2013-09-30": {
        "Diluted EPS": 0.0,
        "Total Revenue": NaN,
        "Gross Profit": NaN,
        "Operating Income": 0,
        "EBIT": 0,
        "Net Income": 0
    },
    "2013-06-30": {
        "Diluted EPS": 0.0,
        "Total Revenue": NaN,
        "Gross Profit": NaN,
        "Operating Income": 0,
        "EBIT": 0,
        "Net Income": 0
    },
    "2013-03-31": {
        "Diluted EPS": 0.0,
        "Total Revenue": NaN,
        "Gross Profit": NaN,
        "Operating Income": 0,
        "EBIT": 0,
        "Net Income": 0
    },
    "2012-12-31": {
        "Diluted EPS": 0.0,
        "Total Revenue": NaN,
        "Gross Profit": NaN,
        "Operating Income": 0,
        "EBIT": 0,
        "Net Income": 0
    },
    "2012-09-30": {
        "Diluted EPS": 0.0,
        "Total Revenue": NaN,
        "Gross Profit": NaN,
        "Operating Income": 0,
        "EBIT": 0,
        "Net Income": 0
    },
    "2012-06-30": {
        "Diluted EPS": 0.0,
        "Total Revenue": NaN,
        "Gross Profit": NaN,
        "Operating Income": 0,
        "EBIT": 0,
        "Net Income": 0
    },
    "2012-03-31": {
        "Diluted EPS": 0.0,
        "Total Revenue": NaN,
        "Gross Profit": NaN,
        "Operating Income": 0,
        "EBIT": 0,
        "Net Income": 0
    },
    "2011-12-31": {
        "Diluted EPS": 0.0,
        "Total Revenue": NaN,
        "Gross Profit": NaN,
        "Operating Income": 0,
        "EBIT": 0,
        "Net Income": 0
    },
    "2011-09-30": {
        "Diluted EPS": 0.0,
        "Total Revenue": NaN,
        "Gross Profit": NaN,
        "Operating Income": 0,
        "EBIT": 0,
        "Net Income": 0
    },
    "2011-06-30": {
        "Diluted EPS": 0.0,
        "Total Revenue": NaN,
        "Gross Profit": NaN,
        "Operating Income": 0,
        "EBIT": 0,
        "Net Income": 0
    },
    "2011-03-31": {
        "Diluted EPS": 0.0,
        "Total Revenue": NaN,
        "Gross Profit": NaN,
        "Operating Income": 0,
        "EBIT": 0,
        "Net Income": 0
    },
    "2010-12-31": {
        "Diluted EPS": 0.0,
        "Total Revenue": NaN,
        "Gross Profit": NaN,
        "Operating Income": 0,
        "EBIT": 0,
        "Net Income": 0
    },
    "2010-09-30": {
        "Diluted EPS": 0.0,
        "Total Revenue": NaN,
        "Gross Profit": NaN,
        "Operating Income": 0,
        "EBIT": 0,
        "Net Income": 0
    },
    "2010-06-30": {
        "Diluted EPS": 0.0,
        "Total Revenue": NaN,
        "Gross Profit": NaN,
        "Operating Income": 0,
        "EBIT": 0,
        "Net Income": 0
    },
    "2010-03-31": {
        "Diluted EPS": 0.0,
        "Total Revenue": NaN,
        "Gross Profit": NaN,
        "Operating Income": 0,
        "EBIT": 0,
        "Net Income": 0
    },
    "2009-12-31": {
        "Diluted EPS": 0.0,
        "Total Revenue": NaN,
        "Gross Profit": NaN,
        "Operating Income": 0,
        "EBIT": 0,
        "Net Income": 0
    },
    "2009-09-30": {
        "Diluted EPS": 0.0,
        "Total Revenue": NaN,
        "Gross Profit": NaN,
        "Operating Income": 0,
        "EBIT": 0,
        "Net Income": 0
    },
    "2009-06-30": {
        "Diluted EPS": 0.0,
        "Total Revenue": NaN,
        "Gross Profit": NaN,
        "Operating Income": 0,
        "EBIT": 0,
        "Net Income": 0
    },
    "2009-03-31": {
        "Diluted EPS": 0.0,
        "Total Revenue": NaN,
        "Gross Profit": NaN,
        "Operating Income": 0,
        "EBIT": 0,
        "Net Income": 0
    },
    "2023-06-30": {
        "Tax Effect Of Unusual Items": NaN,
        "Tax Rate For Calcs": NaN,
        "Normalized EBITDA": NaN,
        "Total Unusual Items": NaN,
        "Total Unusual Items Excluding Goodwill": NaN,
        "Net Income From Continuing Operation Net Minority Interest": NaN,
        "Reconciled Depreciation": NaN,
        "Reconciled Cost Of Revenue": NaN,
        "EBITDA": NaN,
        "EBIT": NaN,
        "Net Interest Income": NaN,
        "Interest Expense": NaN,
        "Interest Income": NaN,
        "Normalized Income": NaN,
        "Net Income From Continuing And Discontinued Operation": NaN,
        "Total Expenses": NaN,
        "Total Operating Income As Reported": NaN,
        "Diluted Average Shares": 26879089.0,
        "Basic Average Shares": 26879089.0,
        "Diluted EPS": -0.67,
        "Basic EPS": -0.67,
        "Diluted NI Availto Com Stockholders": NaN,
        "Net Income Common Stockholders": NaN,
        "Net Income": NaN,
        "Net Income Including Noncontrolling Interests": NaN,
        "Net Income Continuous Operations": NaN,
        "Tax Provision": 0.0,
        "Pretax Income": NaN,
        "Other Income Expense": -3000.0,
        "Special Income Charges": 0.0,
        "Impairment Of Capital Assets": 0.0,
        "Restructuring And Mergern Acquisition": NaN,
        "Gain On Sale Of Security": -3000.0,
        "Net Non Operating Interest Income Expense": NaN,
        "Interest Expense Non Operating": NaN,
        "Interest Income Non Operating": NaN,
        "Operating Income": NaN,
        "Operating Expense": NaN,
        "Research And Development": NaN,
        "Selling General And Administration": NaN,
        "Gross Profit": NaN,
        "Cost Of Revenue": NaN,
        "Total Revenue": NaN,
        "Operating Revenue": NaN
    },
    "2023-09-30": {
        "Tax Effect Of Unusual Items": 0.0,
        "Tax Rate For Calcs": 0.0,
        "Normalized EBITDA": -16200000.0,
        "Total Unusual Items": 0.0,
        "Total Unusual Items Excluding Goodwill": 0.0,
        "Net Income From Continuing Operation Net Minority Interest": -16302000.0,
        "Reconciled Depreciation": 44000.0,
        "Reconciled Cost Of Revenue": 697000.0,
        "EBITDA": -16200000.0,
        "EBIT": -16244000.0,
        "Net Interest Income": 1547000.0,
        "Interest Expense": 58000.0,
        "Interest Income": 1605000.0,
        "Normalized Income": -16302000.0,
        "Net Income From Continuing And Discontinued Operation": -16302000.0,
        "Total Expenses": 23808000.0,
        "Total Operating Income As Reported": -17849000.0,
        "Diluted Average Shares": 26946683.0,
        "Basic Average Shares": 26946683.0,
        "Diluted EPS": -0.6,
        "Basic EPS": -0.6,
        "Diluted NI Availto Com Stockholders": -16302000.0,
        "Net Income Common Stockholders": -16302000.0,
        "Net Income": -16302000.0,
        "Net Income Including Noncontrolling Interests": -16302000.0,
        "Net Income Continuous Operations": -16302000.0,
        "Tax Provision": 0.0,
        "Pretax Income": -16302000.0,
        "Other Income Expense": NaN,
        "Special Income Charges": 0.0,
        "Impairment Of Capital Assets": 0.0,
        "Restructuring And Mergern Acquisition": 0.0,
        "Gain On Sale Of Security": NaN,
        "Net Non Operating Interest Income Expense": 1547000.0,
        "Interest Expense Non Operating": 58000.0,
        "Interest Income Non Operating": 1605000.0,
        "Operating Income": -17849000.0,
        "Operating Expense": 23111000.0,
        "Research And Development": 11890000.0,
        "Selling General And Administration": 11221000.0,
        "Gross Profit": 5262000.0,
        "Cost Of Revenue": 697000.0,
        "Total Revenue": 5959000.0,
        "Operating Revenue": 5959000.0
    },
    "2023-12-31": {
        "Tax Effect Of Unusual Items": 0.0,
        "Tax Rate For Calcs": 0.0,
        "Normalized EBITDA": -16170000.0,
        "Total Unusual Items": 2000.0,
        "Total Unusual Items Excluding Goodwill": 2000.0,
        "Net Income From Continuing Operation Net Minority Interest": -16269000.0,
        "Reconciled Depreciation": 44000.0,
        "Reconciled Cost Of Revenue": 927000.0,
        "EBITDA": -16168000.0,
        "EBIT": -16212000.0,
        "Net Interest Income": 1443000.0,
        "Interest Expense": 57000.0,
        "Interest Income": 1500000.0,
        "Normalized Income": -16271000.0,
        "Net Income From Continuing And Discontinued Operation": -16269000.0,
        "Total Expenses": 24040000.0,
        "Total Operating Income As Reported": -17714000.0,
        "Diluted Average Shares": NaN,
        "Basic Average Shares": NaN,
        "Diluted EPS": NaN,
        "Basic EPS": NaN,
        "Diluted NI Availto Com Stockholders": -16269000.0,
        "Net Income Common Stockholders": -16269000.0,
        "Net Income": -16269000.0,
        "Net Income Including Noncontrolling Interests": -16269000.0,
        "Net Income Continuous Operations": -16269000.0,
        "Tax Provision": 0.0,
        "Pretax Income": -16269000.0,
        "Other Income Expense": 2000.0,
        "Special Income Charges": 0.0,
        "Impairment Of Capital Assets": 0.0,
        "Restructuring And Mergern Acquisition": NaN,
        "Gain On Sale Of Security": 2000.0,
        "Net Non Operating Interest Income Expense": 1443000.0,
        "Interest Expense Non Operating": 57000.0,
        "Interest Income Non Operating": 1500000.0,
        "Operating Income": -17714000.0,
        "Operating Expense": 23113000.0,
        "Research And Development": 12768000.0,
        "Selling General And Administration": 10345000.0,
        "Gross Profit": 5399000.0,
        "Cost Of Revenue": 927000.0,
        "Total Revenue": 6326000.0,
        "Operating Revenue": 6326000.0
    },
    "2024-03-31": {
        "Tax Effect Of Unusual Items": 0.0,
        "Tax Rate For Calcs": 0.0,
        "Normalized EBITDA": -18180000.0,
        "Total Unusual Items": -1000.0,
        "Total Unusual Items Excluding Goodwill": -1000.0,
        "Net Income From Continuing Operation Net Minority Interest": -18289000.0,
        "Reconciled Depreciation": 50000.0,
        "Reconciled Cost Of Revenue": 652000.0,
        "EBITDA": -18181000.0,
        "EBIT": -18231000.0,
        "Net Interest Income": 1224000.0,
        "Interest Expense": 58000.0,
        "Interest Income": 1282000.0,
        "Normalized Income": -18288000.0,
        "Net Income From Continuing And Discontinued Operation": -18289000.0,
        "Total Expenses": 24865000.0,
        "Total Operating Income As Reported": -19512000.0,
        "Diluted Average Shares": 26980698.0,
        "Basic Average Shares": 26980698.0,
        "Diluted EPS": -0.68,
        "Basic EPS": -0.68,
        "Diluted NI Availto Com Stockholders": -18289000.0,
        "Net Income Common Stockholders": -18289000.0,
        "Net Income": -18289000.0,
        "Net Income Including Noncontrolling Interests": -18289000.0,
        "Net Income Continuous Operations": -18289000.0,
        "Tax Provision": NaN,
        "Pretax Income": -18289000.0,
        "Other Income Expense": -1000.0,
        "Special Income Charges": NaN,
        "Impairment Of Capital Assets": NaN,
        "Restructuring And Mergern Acquisition": NaN,
        "Gain On Sale Of Security": -1000.0,
        "Net Non Operating Interest Income Expense": 1224000.0,
        "Interest Expense Non Operating": 58000.0,
        "Interest Income Non Operating": 1282000.0,
        "Operating Income": -19512000.0,
        "Operating Expense": 24213000.0,
        "Research And Development": 13593000.0,
        "Selling General And Administration": 10620000.0,
        "Gross Profit": 4701000.0,
        "Cost Of Revenue": 652000.0,
        "Total Revenue": 5353000.0,
        "Operating Revenue": 5353000.0
    },
    "2024-06-30": {
        "Tax Effect Of Unusual Items": 0.0,
        "Tax Rate For Calcs": 0.0,
        "Normalized EBITDA": -14474000.0,
        "Total Unusual Items": -2000.0,
        "Total Unusual Items Excluding Goodwill": -2000.0,
        "Net Income From Continuing Operation Net Minority Interest": -14583000.0,
        "Reconciled Depreciation": 49000.0,
        "Reconciled Cost Of Revenue": 778000.0,
        "EBITDA": -14476000.0,
        "EBIT": -14525000.0,
        "Net Interest Income": 1003000.0,
        "Interest Expense": 58000.0,
        "Interest Income": 1061000.0,
        "Normalized Income": -14581000.0,
        "Net Income From Continuing And Discontinued Operation": -14583000.0,
        "Total Expenses": 21763000.0,
        "Total Operating Income As Reported": -15584000.0,
        "Diluted Average Shares": 27010013.0,
        "Basic Average Shares": 27010013.0,
        "Diluted EPS": -0.54,
        "Basic EPS": -0.54,
        "Diluted NI Availto Com Stockholders": -14583000.0,
        "Net Income Common Stockholders": -14583000.0,
        "Net Income": -14583000.0,
        "Net Income Including Noncontrolling Interests": -14583000.0,
        "Net Income Continuous Operations": -14583000.0,
        "Tax Provision": NaN,
        "Pretax Income": -14583000.0,
        "Other Income Expense": -2000.0,
        "Special Income Charges": NaN,
        "Impairment Of Capital Assets": NaN,
        "Restructuring And Mergern Acquisition": NaN,
        "Gain On Sale Of Security": -2000.0,
        "Net Non Operating Interest Income Expense": 1003000.0,
        "Interest Expense Non Operating": 58000.0,
        "Interest Income Non Operating": 1061000.0,
        "Operating Income": -15584000.0,
        "Operating Expense": 20985000.0,
        "Research And Development": 13093000.0,
        "Selling General And Administration": 7892000.0,
        "Gross Profit": 5401000.0,
        "Cost Of Revenue": 778000.0,
        "Total Revenue": 6179000.0,
        "Operating Revenue": 6179000.0
    },
    "2024-09-30": {
        "Tax Effect Of Unusual Items": 0.0,
        "Tax Rate For Calcs": 0.0,
        "Normalized EBITDA": -9822000.0,
        "Total Unusual Items": -2639000.0,
        "Total Unusual Items Excluding Goodwill": -2639000.0,
        "Net Income From Continuing Operation Net Minority Interest": -12546000.0,
        "Reconciled Depreciation": 47000.0,
        "Reconciled Cost Of Revenue": 804000.0,
        "EBITDA": -12461000.0,
        "EBIT": -12508000.0,
        "Net Interest Income": 868000.0,
        "Interest Expense": 38000.0,
        "Interest Income": 906000.0,
        "Normalized Income": -9907000.0,
        "Net Income From Continuing And Discontinued Operation": -12546000.0,
        "Total Expenses": 17987000.0,
        "Total Operating Income As Reported": -13413000.0,
        "Diluted Average Shares": 27041327.0,
        "Basic Average Shares": 27041327.0,
        "Diluted EPS": -0.46,
        "Basic EPS": -0.46,
        "Diluted NI Availto Com Stockholders": -12546000.0,
        "Net Income Common Stockholders": -12546000.0,
        "Net Income": -12546000.0,
        "Net Income Including Noncontrolling Interests": -12546000.0,
        "Net Income Continuous Operations": -12546000.0,
        "Tax Provision": NaN,
        "Pretax Income": -12546000.0,
        "Other Income Expense": -2639000.0,
        "Special Income Charges": -2638000.0,
        "Impairment Of Capital Assets": NaN,
        "Restructuring And Mergern Acquisition": 2638000.0,
        "Gain On Sale Of Security": -1000.0,
        "Net Non Operating Interest Income Expense": 868000.0,
        "Interest Expense Non Operating": 38000.0,
        "Interest Income Non Operating": 906000.0,
        "Operating Income": -10775000.0,
        "Operating Expense": 17183000.0,
        "Research And Development": 9997000.0,
        "Selling General And Administration": 7186000.0,
        "Gross Profit": 6408000.0,
        "Cost Of Revenue": 804000.0,
        "Total Revenue": 7212000.0,
        "Operating Revenue": 7212000.0
    }
}