{
    "2024-09-30": {
        "Tax Effect Of Unusual Items": 1754500.0,
        "Tax Rate For Calcs": 0.319,
        "Normalized EBITDA": 32100000.0,
        "Total Unusual Items": 5500000.0,
        "Total Unusual Items Excluding Goodwill": 5500000.0,
        "Net Income From Continuing Operation Net Minority Interest": 16900000.0,
        "Reconciled Depreciation": 4500000.0,
        "Reconciled Cost Of Revenue": 69800000.0,
        "EBITDA": 37600000.0,
        "EBIT": 33100000.0,
        "Net Interest Income": -4100000.0,
        "Interest Expense": 4700000.0,
        "Interest Income": 600000.0,
        "Normalized Income": 13154500.0,
        "Net Income From Continuing And Discontinued Operation": 16900000.0,
        "Total Expenses": 96100000.0,
        "Total Operating Income As Reported": 27000000.0,
        "Diluted Average Shares": 37800000.0,
        "Basic Average Shares": 37100000.0,
        "Diluted EPS": 0.45,
        "Basic EPS": 0.46,
        "Diluted NI Availto Com Stockholders": 16900000.0,
        "Net Income Common Stockholders": 16900000.0,
        "Net Income": 16900000.0,
        "Minority Interests": -2100000.0,
        "Net Income Including Noncontrolling Interests": 19000000.0,
        "Net Income Continuous Operations": 19000000.0,
        "Tax Provision": 9400000.0,
        "Pretax Income": 28400000.0,
        "Other Income Expense": 5500000.0,
        "Gain On Sale Of Security": 5500000.0,
        "Net Non Operating Interest Income Expense": -4100000.0,
        "Interest Expense Non Operating": 4700000.0,
        "Interest Income Non Operating": 600000.0,
        "Operating Income": 27000000.0,
        "Operating Expense": 26300000.0,
        "Depreciation Amortization Depletion Income Statement": 4500000.0,
        "Depreciation And Amortization In Income Statement": 4500000.0,
        "Selling General And Administration": 21800000.0,
        "General And Administrative Expense": 21800000.0,
        "Other Gand A": 21800000.0,
        "Gross Profit": 53300000.0,
        "Cost Of Revenue": 69800000.0,
        "Total Revenue": 123100000.0,
        "Operating Revenue": 123100000.0
    },
    "2024-06-30": {
        "Tax Effect Of Unusual Items": 249300.0,
        "Tax Rate For Calcs": 0.277,
        "Normalized EBITDA": 26500000.0,
        "Total Unusual Items": 900000.0,
        "Total Unusual Items Excluding Goodwill": 900000.0,
        "Net Income From Continuing Operation Net Minority Interest": 11000000.0,
        "Reconciled Depreciation": 5000000.0,
        "Reconciled Cost Of Revenue": 62300000.0,
        "EBITDA": 27400000.0,
        "EBIT": 22400000.0,
        "Net Interest Income": -4400000.0,
        "Interest Expense": 5300000.0,
        "Interest Income": 900000.0,
        "Normalized Income": 10349300.0,
        "Net Income From Continuing And Discontinued Operation": 11000000.0,
        "Total Expenses": 88400000.0,
        "Total Operating Income As Reported": 20600000.0,
        "Diluted Average Shares": 38238620.0,
        "Basic Average Shares": 37547741.0,
        "Diluted EPS": 0.29,
        "Basic EPS": 0.29,
        "Diluted NI Availto Com Stockholders": 11000000.0,
        "Net Income Common Stockholders": 11000000.0,
        "Net Income": 11000000.0,
        "Minority Interests": -500000.0,
        "Net Income Including Noncontrolling Interests": 11500000.0,
        "Net Income Continuous Operations": 11500000.0,
        "Tax Provision": 5600000.0,
        "Pretax Income": 17100000.0,
        "Other Income Expense": 900000.0,
        "Gain On Sale Of Security": 900000.0,
        "Net Non Operating Interest Income Expense": -4400000.0,
        "Interest Expense Non Operating": 5300000.0,
        "Interest Income Non Operating": 900000.0,
        "Operating Income": 20600000.0,
        "Operating Expense": 26100000.0,
        "Depreciation Amortization Depletion Income Statement": 5000000.0,
        "Depreciation And Amortization In Income Statement": 5000000.0,
        "Selling General And Administration": 21100000.0,
        "General And Administrative Expense": 21100000.0,
        "Other Gand A": 21100000.0,
        "Gross Profit": 46700000.0,
        "Cost Of Revenue": 62300000.0,
        "Total Revenue": 109000000.0,
        "Operating Revenue": 109000000.0
    },
    "2024-03-31": {
        "Tax Effect Of Unusual Items": 727522.93578,
        "Tax Rate For Calcs": 0.279817,
        "Normalized EBITDA": 28800000.0,
        "Total Unusual Items": 2600000.0,
        "Total Unusual Items Excluding Goodwill": 2600000.0,
        "Net Income From Continuing Operation Net Minority Interest": 14600000.0,
        "Reconciled Depreciation": 4600000.0,
        "Reconciled Cost Of Revenue": 58200000.0,
        "EBITDA": 31400000.0,
        "EBIT": 26800000.0,
        "Net Interest Income": -3700000.0,
        "Interest Expense": 5000000.0,
        "Interest Income": 1300000.0,
        "Normalized Income": 12727522.93578,
        "Net Income From Continuing And Discontinued Operation": 14600000.0,
        "Total Expenses": 82800000.0,
        "Total Operating Income As Reported": 22900000.0,
        "Diluted Average Shares": 39731440.0,
        "Basic Average Shares": 39063522.0,
        "Diluted EPS": 0.37,
        "Basic EPS": 0.37,
        "Diluted NI Availto Com Stockholders": 14600000.0,
        "Net Income Common Stockholders": 14600000.0,
        "Net Income": 14600000.0,
        "Minority Interests": -1100000.0,
        "Net Income Including Noncontrolling Interests": 15700000.0,
        "Net Income Continuous Operations": 15700000.0,
        "Tax Provision": 6100000.0,
        "Pretax Income": 21800000.0,
        "Other Income Expense": 2600000.0,
        "Special Income Charges": NaN,
        "Gain On Sale Of Security": 2600000.0,
        "Net Non Operating Interest Income Expense": -3700000.0,
        "Interest Expense Non Operating": 5000000.0,
        "Interest Income Non Operating": 1300000.0,
        "Operating Income": 22900000.0,
        "Operating Expense": 24600000.0,
        "Depreciation Amortization Depletion Income Statement": 4600000.0,
        "Depreciation And Amortization In Income Statement": 4600000.0,
        "Amortization": NaN,
        "Amortization Of Intangibles Income Statement": NaN,
        "Depreciation Income Statement": NaN,
        "Selling General And Administration": 20000000.0,
        "General And Administrative Expense": 20000000.0,
        "Other Gand A": 20000000.0,
        "Gross Profit": 47500000.0,
        "Cost Of Revenue": 58200000.0,
        "Total Revenue": 105700000.0,
        "Operating Revenue": 105700000.0
    },
    "2023-12-31": {
        "Tax Effect Of Unusual Items": NaN,
        "Tax Rate For Calcs": NaN,
        "Normalized EBITDA": NaN,
        "Total Unusual Items": NaN,
        "Total Unusual Items Excluding Goodwill": NaN,
        "Net Income From Continuing Operation Net Minority Interest": NaN,
        "Reconciled Depreciation": NaN,
        "Reconciled Cost Of Revenue": NaN,
        "EBITDA": NaN,
        "EBIT": NaN,
        "Net Interest Income": NaN,
        "Interest Expense": NaN,
        "Interest Income": NaN,
        "Normalized Income": NaN,
        "Net Income From Continuing And Discontinued Operation": NaN,
        "Total Expenses": NaN,
        "Total Operating Income As Reported": NaN,
        "Diluted Average Shares": NaN,
        "Basic Average Shares": NaN,
        "Diluted EPS": NaN,
        "Basic EPS": NaN,
        "Diluted NI Availto Com Stockholders": NaN,
        "Net Income Common Stockholders": NaN,
        "Net Income": NaN,
        "Minority Interests": NaN,
        "Net Income Including Noncontrolling Interests": NaN,
        "Net Income Continuous Operations": NaN,
        "Tax Provision": NaN,
        "Pretax Income": NaN,
        "Other Income Expense": NaN,
        "Special Income Charges": 0.0,
        "Gain On Sale Of Security": NaN,
        "Net Non Operating Interest Income Expense": NaN,
        "Interest Expense Non Operating": NaN,
        "Interest Income Non Operating": NaN,
        "Operating Income": NaN,
        "Operating Expense": NaN,
        "Depreciation Amortization Depletion Income Statement": NaN,
        "Depreciation And Amortization In Income Statement": NaN,
        "Amortization": 0.0,
        "Amortization Of Intangibles Income Statement": 0.0,
        "Depreciation Income Statement": 4600000.0,
        "Selling General And Administration": NaN,
        "General And Administrative Expense": NaN,
        "Other Gand A": NaN,
        "Gross Profit": NaN,
        "Cost Of Revenue": NaN,
        "Total Revenue": NaN,
        "Operating Revenue": NaN
    },
    "2023-09-30": {
        "Tax Effect Of Unusual Items": NaN,
        "Tax Rate For Calcs": NaN,
        "Normalized EBITDA": NaN,
        "Total Unusual Items": NaN,
        "Total Unusual Items Excluding Goodwill": NaN,
        "Net Income From Continuing Operation Net Minority Interest": NaN,
        "Reconciled Depreciation": NaN,
        "Reconciled Cost Of Revenue": NaN,
        "EBITDA": NaN,
        "EBIT": NaN,
        "Net Interest Income": NaN,
        "Interest Expense": NaN,
        "Interest Income": NaN,
        "Normalized Income": NaN,
        "Net Income From Continuing And Discontinued Operation": NaN,
        "Total Expenses": NaN,
        "Total Operating Income As Reported": NaN,
        "Diluted Average Shares": NaN,
        "Basic Average Shares": NaN,
        "Diluted EPS": NaN,
        "Basic EPS": NaN,
        "Diluted NI Availto Com Stockholders": NaN,
        "Net Income Common Stockholders": NaN,
        "Net Income": NaN,
        "Minority Interests": NaN,
        "Net Income Including Noncontrolling Interests": NaN,
        "Net Income Continuous Operations": NaN,
        "Tax Provision": NaN,
        "Pretax Income": NaN,
        "Other Income Expense": NaN,
        "Special Income Charges": 0.0,
        "Gain On Sale Of Security": NaN,
        "Net Non Operating Interest Income Expense": NaN,
        "Interest Expense Non Operating": NaN,
        "Interest Income Non Operating": NaN,
        "Operating Income": NaN,
        "Operating Expense": NaN,
        "Depreciation Amortization Depletion Income Statement": NaN,
        "Depreciation And Amortization In Income Statement": NaN,
        "Amortization": 0.0,
        "Amortization Of Intangibles Income Statement": 0.0,
        "Depreciation Income Statement": 4500000.0,
        "Selling General And Administration": NaN,
        "General And Administrative Expense": NaN,
        "Other Gand A": NaN,
        "Gross Profit": NaN,
        "Cost Of Revenue": NaN,
        "Total Revenue": NaN,
        "Operating Revenue": NaN
    },
    "2023-06-30": {
        "Tax Effect Of Unusual Items": NaN,
        "Tax Rate For Calcs": NaN,
        "Normalized EBITDA": NaN,
        "Total Unusual Items": NaN,
        "Total Unusual Items Excluding Goodwill": NaN,
        "Net Income From Continuing Operation Net Minority Interest": NaN,
        "Reconciled Depreciation": NaN,
        "Reconciled Cost Of Revenue": NaN,
        "EBITDA": NaN,
        "EBIT": NaN,
        "Net Interest Income": NaN,
        "Interest Expense": NaN,
        "Interest Income": NaN,
        "Normalized Income": NaN,
        "Net Income From Continuing And Discontinued Operation": NaN,
        "Total Expenses": NaN,
        "Total Operating Income As Reported": NaN,
        "Diluted Average Shares": 42645419.0,
        "Basic Average Shares": 41484303.0,
        "Diluted EPS": 0.27,
        "Basic EPS": 0.27,
        "Diluted NI Availto Com Stockholders": NaN,
        "Net Income Common Stockholders": NaN,
        "Net Income": NaN,
        "Minority Interests": NaN,
        "Net Income Including Noncontrolling Interests": NaN,
        "Net Income Continuous Operations": NaN,
        "Tax Provision": NaN,
        "Pretax Income": NaN,
        "Other Income Expense": NaN,
        "Special Income Charges": 0.0,
        "Gain On Sale Of Security": NaN,
        "Net Non Operating Interest Income Expense": NaN,
        "Interest Expense Non Operating": NaN,
        "Interest Income Non Operating": NaN,
        "Operating Income": NaN,
        "Operating Expense": NaN,
        "Depreciation Amortization Depletion Income Statement": NaN,
        "Depreciation And Amortization In Income Statement": NaN,
        "Amortization": NaN,
        "Amortization Of Intangibles Income Statement": NaN,
        "Depreciation Income Statement": NaN,
        "Selling General And Administration": NaN,
        "General And Administrative Expense": NaN,
        "Other Gand A": NaN,
        "Gross Profit": NaN,
        "Cost Of Revenue": NaN,
        "Total Revenue": NaN,
        "Operating Revenue": NaN
    },
    "2024-12-31": {
        "Tax Effect Of Unusual Items": -883904.109589,
        "Tax Rate For Calcs": 0.304795,
        "Normalized EBITDA": 70100000.0,
        "Total Unusual Items": -2900000.0,
        "Total Unusual Items Excluding Goodwill": -2900000.0,
        "Net Income From Continuing Operation Net Minority Interest": 42500000.0,
        "Reconciled Depreciation": 4400000.0,
        "Reconciled Cost Of Revenue": 76100000.0,
        "EBITDA": 67200000.0,
        "EBIT": 62800000.0,
        "Net Interest Income": -3700000.0,
        "Interest Expense": 4400000.0,
        "Interest Income": 700000.0,
        "Normalized Income": 44516095.890411,
        "Net Income From Continuing And Discontinued Operation": 42500000.0,
        "Total Expenses": 102800000.0,
        "Total Operating Income As Reported": 65000000.0,
        "Diluted Average Shares": 37600000.0,
        "Basic Average Shares": 37400000.0,
        "Diluted EPS": 1.13,
        "Basic EPS": 1.14,
        "Diluted NI Availto Com Stockholders": 42500000.0,
        "Net Income Common Stockholders": 42500000.0,
        "Net Income": 42500000.0,
        "Minority Interests": 1900000.0,
        "Net Income Including Noncontrolling Interests": 40600000.0,
        "Net Income Continuous Operations": 40600000.0,
        "Tax Provision": 17800000.0,
        "Pretax Income": 58400000.0,
        "Other Income Expense": -2900000.0,
        "Gain On Sale Of Security": -2900000.0,
        "Net Non Operating Interest Income Expense": -3700000.0,
        "Interest Expense Non Operating": 4400000.0,
        "Interest Income Non Operating": 700000.0,
        "Operating Income": 65000000.0,
        "Operating Expense": 26700000.0,
        "Depreciation Amortization Depletion Income Statement": 4400000.0,
        "Depreciation And Amortization In Income Statement": 4400000.0,
        "Selling General And Administration": 22300000.0,
        "General And Administrative Expense": 22300000.0,
        "Other Gand A": 22300000.0,
        "Gross Profit": 91700000.0,
        "Cost Of Revenue": 76100000.0,
        "Total Revenue": 167800000.0,
        "Operating Revenue": 167800000.0
    },
    "2025-03-31": {
        "Tax Effect Of Unusual Items": 1072500.0,
        "Tax Rate For Calcs": 0.275,
        "Normalized EBITDA": 37200000.0,
        "Total Unusual Items": 3900000.0,
        "Total Unusual Items Excluding Goodwill": 3900000.0,
        "Net Income From Continuing Operation Net Minority Interest": 20100000.0,
        "Reconciled Depreciation": 4200000.0,
        "Reconciled Cost Of Revenue": 61500000.0,
        "EBITDA": 41100000.0,
        "EBIT": 36900000.0,
        "Net Interest Income": -3700000.0,
        "Interest Expense": 4800000.0,
        "Interest Income": 1100000.0,
        "Normalized Income": 17272500.0,
        "Net Income From Continuing And Discontinued Operation": 20100000.0,
        "Total Expenses": 88000000.0,
        "Total Operating Income As Reported": 31900000.0,
        "Diluted Average Shares": 37380535.0,
        "Basic Average Shares": 37362476.0,
        "Diluted EPS": 0.54,
        "Basic EPS": 0.54,
        "Diluted NI Availto Com Stockholders": 20100000.0,
        "Net Income Common Stockholders": 20100000.0,
        "Net Income": 20100000.0,
        "Minority Interests": -3700000.0,
        "Net Income Including Noncontrolling Interests": 23800000.0,
        "Net Income Continuous Operations": 23800000.0,
        "Tax Provision": 8300000.0,
        "Pretax Income": 32100000.0,
        "Other Income Expense": 3900000.0,
        "Gain On Sale Of Security": 3900000.0,
        "Net Non Operating Interest Income Expense": -3700000.0,
        "Interest Expense Non Operating": 4800000.0,
        "Interest Income Non Operating": 1100000.0,
        "Operating Income": 31900000.0,
        "Operating Expense": 26500000.0,
        "Depreciation Amortization Depletion Income Statement": 4200000.0,
        "Depreciation And Amortization In Income Statement": 4200000.0,
        "Selling General And Administration": 22300000.0,
        "General And Administrative Expense": 22300000.0,
        "Other Gand A": 22300000.0,
        "Gross Profit": 58400000.0,
        "Cost Of Revenue": 61500000.0,
        "Total Revenue": 119900000.0,
        "Operating Revenue": 119900000.0
    },
    "2025-06-30": {
        "Tax Effect Of Unusual Items": 3224900.0,
        "Tax Rate For Calcs": 0.271,
        "Normalized EBITDA": 21200000.0,
        "Total Unusual Items": 11900000.0,
        "Total Unusual Items Excluding Goodwill": 11900000.0,
        "Net Income From Continuing Operation Net Minority Interest": 10100000.0,
        "Reconciled Depreciation": 4200000.0,
        "Reconciled Cost Of Revenue": 85200000.0,
        "EBITDA": 33100000.0,
        "EBIT": 28900000.0,
        "Net Interest Income": -4500000.0,
        "Interest Expense": 5300000.0,
        "Interest Income": 800000.0,
        "Normalized Income": 1424900.0,
        "Net Income From Continuing And Discontinued Operation": 10100000.0,
        "Total Expenses": 111200000.0,
        "Total Operating Income As Reported": 16200000.0,
        "Diluted Average Shares": 35929662.0,
        "Basic Average Shares": 35912023.0,
        "Diluted EPS": 0.28,
        "Basic EPS": 0.28,
        "Diluted NI Availto Com Stockholders": 10100000.0,
        "Net Income Common Stockholders": 10100000.0,
        "Net Income": 10100000.0,
        "Minority Interests": -9000000.0,
        "Net Income Including Noncontrolling Interests": 19100000.0,
        "Net Income Continuous Operations": 19100000.0,
        "Tax Provision": 4500000.0,
        "Pretax Income": 23600000.0,
        "Other Income Expense": 11900000.0,
        "Gain On Sale Of Security": 11900000.0,
        "Net Non Operating Interest Income Expense": -4500000.0,
        "Interest Expense Non Operating": 5300000.0,
        "Interest Income Non Operating": 800000.0,
        "Operating Income": 16200000.0,
        "Operating Expense": 26000000.0,
        "Depreciation Amortization Depletion Income Statement": 4200000.0,
        "Depreciation And Amortization In Income Statement": 4200000.0,
        "Selling General And Administration": 21800000.0,
        "General And Administrative Expense": 21800000.0,
        "Other Gand A": 21800000.0,
        "Gross Profit": 42200000.0,
        "Cost Of Revenue": 85200000.0,
        "Total Revenue": 127400000.0,
        "Operating Revenue": 127400000.0
    },
    "2025-09-30": {
        "Tax Effect Of Unusual Items": 3220000.0,
        "Tax Rate For Calcs": 0.28,
        "Normalized EBITDA": 31600000.0,
        "Total Unusual Items": 11500000.0,
        "Total Unusual Items Excluding Goodwill": 11500000.0,
        "Net Income From Continuing Operation Net Minority Interest": 15100000.0,
        "Reconciled Depreciation": 4100000.0,
        "Reconciled Cost Of Revenue": 90000000.0,
        "EBITDA": 43100000.0,
        "EBIT": 39000000.0,
        "Net Interest Income": -3700000.0,
        "Interest Expense": 4600000.0,
        "Interest Income": 900000.0,
        "Normalized Income": 6820000.0,
        "Net Income From Continuing And Discontinued Operation": 15100000.0,
        "Total Expenses": 117600000.0,
        "Total Operating Income As Reported": 26600000.0,
        "Diluted Average Shares": 35846621.0,
        "Basic Average Shares": 35806742.0,
        "Diluted EPS": 0.42,
        "Basic EPS": 0.42,
        "Diluted NI Availto Com Stockholders": 15100000.0,
        "Net Income Common Stockholders": 15100000.0,
        "Net Income": 15100000.0,
        "Minority Interests": -11900000.0,
        "Net Income Including Noncontrolling Interests": 27000000.0,
        "Net Income Continuous Operations": 27000000.0,
        "Tax Provision": 7400000.0,
        "Pretax Income": 34400000.0,
        "Other Income Expense": 11500000.0,
        "Gain On Sale Of Security": 11500000.0,
        "Net Non Operating Interest Income Expense": -3700000.0,
        "Interest Expense Non Operating": 4600000.0,
        "Interest Income Non Operating": 900000.0,
        "Operating Income": 26600000.0,
        "Operating Expense": 27600000.0,
        "Depreciation Amortization Depletion Income Statement": 4100000.0,
        "Depreciation And Amortization In Income Statement": 4100000.0,
        "Selling General And Administration": 23500000.0,
        "General And Administrative Expense": 23500000.0,
        "Other Gand A": 23500000.0,
        "Gross Profit": 54200000.0,
        "Cost Of Revenue": 90000000.0,
        "Total Revenue": 144200000.0,
        "Operating Revenue": 144200000.0
    }
}