{
    "2023-03-31": {
        "Tax Effect Of Unusual Items": NaN,
        "Tax Rate For Calcs": NaN,
        "Normalized EBITDA": NaN,
        "Total Unusual Items": 0.0,
        "Total Unusual Items Excluding Goodwill": 0.0,
        "Net Income From Continuing Operation Net Minority Interest": NaN,
        "Reconciled Depreciation": NaN,
        "Reconciled Cost Of Revenue": NaN,
        "EBITDA": NaN,
        "EBIT": NaN,
        "Net Interest Income": NaN,
        "Interest Expense": NaN,
        "Normalized Income": NaN,
        "Net Income From Continuing And Discontinued Operation": NaN,
        "Total Expenses": NaN,
        "Total Operating Income As Reported": NaN,
        "Diluted Average Shares": NaN,
        "Basic Average Shares": NaN,
        "Diluted EPS": NaN,
        "Basic EPS": NaN,
        "Diluted NI Availto Com Stockholders": NaN,
        "Net Income Common Stockholders": NaN,
        "Net Income": NaN,
        "Net Income Including Noncontrolling Interests": NaN,
        "Net Income Discontinuous Operations": NaN,
        "Net Income Continuous Operations": NaN,
        "Tax Provision": NaN,
        "Pretax Income": NaN,
        "Other Income Expense": NaN,
        "Other Non Operating Income Expenses": NaN,
        "Special Income Charges": 0.0,
        "Net Non Operating Interest Income Expense": NaN,
        "Interest Expense Non Operating": NaN,
        "Operating Income": NaN,
        "Operating Expense": NaN,
        "Selling General And Administration": NaN,
        "Gross Profit": NaN,
        "Cost Of Revenue": NaN,
        "Total Revenue": NaN,
        "Operating Revenue": NaN
    },
    "2022-12-31": {
        "Tax Effect Of Unusual Items": NaN,
        "Tax Rate For Calcs": NaN,
        "Normalized EBITDA": NaN,
        "Total Unusual Items": 0.0,
        "Total Unusual Items Excluding Goodwill": 0.0,
        "Net Income From Continuing Operation Net Minority Interest": NaN,
        "Reconciled Depreciation": NaN,
        "Reconciled Cost Of Revenue": NaN,
        "EBITDA": NaN,
        "EBIT": NaN,
        "Net Interest Income": NaN,
        "Interest Expense": NaN,
        "Normalized Income": NaN,
        "Net Income From Continuing And Discontinued Operation": NaN,
        "Total Expenses": NaN,
        "Total Operating Income As Reported": NaN,
        "Diluted Average Shares": NaN,
        "Basic Average Shares": NaN,
        "Diluted EPS": NaN,
        "Basic EPS": NaN,
        "Diluted NI Availto Com Stockholders": NaN,
        "Net Income Common Stockholders": NaN,
        "Net Income": NaN,
        "Net Income Including Noncontrolling Interests": NaN,
        "Net Income Continuous Operations": NaN,
        "Tax Provision": NaN,
        "Pretax Income": NaN,
        "Other Income Expense": NaN,
        "Other Non Operating Income Expenses": NaN,
        "Special Income Charges": 0.0,
        "Other Special Charges": 0.0,
        "Net Non Operating Interest Income Expense": NaN,
        "Interest Expense Non Operating": NaN,
        "Operating Income": NaN,
        "Operating Expense": NaN,
        "Selling General And Administration": NaN,
        "Gross Profit": NaN,
        "Cost Of Revenue": NaN,
        "Total Revenue": NaN,
        "Operating Revenue": NaN
    },
    "2022-09-30": {
        "Tax Effect Of Unusual Items": 0.0,
        "Tax Rate For Calcs": 0.247,
        "Normalized EBITDA": 159457000.0,
        "Total Unusual Items": 0.0,
        "Total Unusual Items Excluding Goodwill": 0.0,
        "Net Income From Continuing Operation Net Minority Interest": 110982000.0,
        "Reconciled Depreciation": 66533000.0,
        "Reconciled Cost Of Revenue": 1461490000.0,
        "EBITDA": 159457000.0,
        "EBIT": 159457000.0,
        "Net Interest Income": -12039000.0,
        "Interest Expense": 12039000.0,
        "Normalized Income": 110982000.0,
        "Net Income From Continuing And Discontinued Operation": 110982000.0,
        "Total Expenses": 2464143000.0,
        "Total Operating Income As Reported": 177198000.0,
        "Diluted Average Shares": 60384000.0,
        "Basic Average Shares": 60053000.0,
        "Diluted EPS": 1.84,
        "Basic EPS": 1.85,
        "Diluted NI Availto Com Stockholders": 110982000.0,
        "Net Income Common Stockholders": 110982000.0,
        "Net Income": 110982000.0,
        "Net Income Including Noncontrolling Interests": 110982000.0,
        "Net Income Continuous Operations": 110982000.0,
        "Tax Provision": 36436000.0,
        "Pretax Income": 147418000.0,
        "Other Income Expense": -17741000.0,
        "Other Non Operating Income Expenses": -17741000.0,
        "Special Income Charges": 0.0,
        "Other Special Charges": NaN,
        "Net Non Operating Interest Income Expense": -12039000.0,
        "Interest Expense Non Operating": 12039000.0,
        "Operating Income": 177198000.0,
        "Operating Expense": 1002653000.0,
        "Selling General And Administration": 1002653000.0,
        "Gross Profit": 1179851000.0,
        "Cost Of Revenue": 1461490000.0,
        "Total Revenue": 2641341000.0,
        "Operating Revenue": 2641341000.0
    },
    "2022-06-30": {
        "Tax Effect Of Unusual Items": 0.0,
        "Tax Rate For Calcs": 0.243,
        "Normalized EBITDA": 264081000.0,
        "Total Unusual Items": 0.0,
        "Total Unusual Items Excluding Goodwill": 0.0,
        "Net Income From Continuing Operation Net Minority Interest": 144402000.0,
        "Reconciled Depreciation": 63110000.0,
        "Reconciled Cost Of Revenue": 1479707000.0,
        "EBITDA": 264081000.0,
        "EBIT": 200971000.0,
        "Net Interest Income": -10207000.0,
        "Interest Expense": 10207000.0,
        "Normalized Income": 144402000.0,
        "Net Income From Continuing And Discontinued Operation": 144402000.0,
        "Total Expenses": 2463744000.0,
        "Total Operating Income As Reported": 201682000.0,
        "Diluted Average Shares": 60782000.0,
        "Basic Average Shares": 60452000.0,
        "Diluted EPS": 2.38,
        "Basic EPS": 2.39,
        "Diluted NI Availto Com Stockholders": 144402000.0,
        "Net Income Common Stockholders": 144402000.0,
        "Net Income": 144402000.0,
        "Net Income Including Noncontrolling Interests": 144402000.0,
        "Net Income Continuous Operations": 144402000.0,
        "Tax Provision": 46362000.0,
        "Pretax Income": 190764000.0,
        "Other Income Expense": -711000.0,
        "Other Non Operating Income Expenses": -711000.0,
        "Special Income Charges": 0.0,
        "Other Special Charges": NaN,
        "Net Non Operating Interest Income Expense": -10207000.0,
        "Interest Expense Non Operating": 10207000.0,
        "Operating Income": 201682000.0,
        "Operating Expense": 984037000.0,
        "Selling General And Administration": 984037000.0,
        "Gross Profit": 1185719000.0,
        "Cost Of Revenue": 1479707000.0,
        "Total Revenue": 2665426000.0,
        "Operating Revenue": 2665426000.0
    },
    "2022-03-31": {
        "Diluted EPS": 2.26,
        "Total Revenue": NaN,
        "Gross Profit": NaN,
        "Operating Income": 203,
        "EBIT": 289,
        "Net Income": 140
    },
    "2021-12-31": {
        "Diluted EPS": 1.32,
        "Total Revenue": NaN,
        "Gross Profit": NaN,
        "Operating Income": 112,
        "EBIT": 178,
        "Net Income": 82
    },
    "2021-09-30": {
        "Diluted EPS": 2.68,
        "Total Revenue": NaN,
        "Gross Profit": NaN,
        "Operating Income": 229,
        "EBIT": 289,
        "Net Income": 170
    },
    "2021-06-30": {
        "Diluted EPS": 2.74,
        "Total Revenue": NaN,
        "Gross Profit": NaN,
        "Operating Income": 245,
        "EBIT": 303,
        "Net Income": 179
    },
    "2021-03-31": {
        "Diluted EPS": 2.81,
        "Total Revenue": NaN,
        "Gross Profit": NaN,
        "Operating Income": 252,
        "EBIT": 329,
        "Net Income": 186
    },
    "2020-12-31": {
        "Diluted EPS": 1.64,
        "Total Revenue": NaN,
        "Gross Profit": NaN,
        "Operating Income": 152,
        "EBIT": 209,
        "Net Income": 112
    },
    "2020-09-30": {
        "Diluted EPS": 2.13,
        "Total Revenue": NaN,
        "Gross Profit": NaN,
        "Operating Income": 257,
        "EBIT": 315,
        "Net Income": 147
    },
    "2020-06-30": {
        "Diluted EPS": 2.74,
        "Total Revenue": NaN,
        "Gross Profit": NaN,
        "Operating Income": 263,
        "EBIT": 319,
        "Net Income": 190
    },
    "2020-03-31": {
        "Diluted EPS": 0.63,
        "Total Revenue": NaN,
        "Gross Profit": NaN,
        "Operating Income": 78,
        "EBIT": 157,
        "Net Income": 44
    },
    "2019-12-31": {
        "Diluted EPS": 1.38,
        "Total Revenue": NaN,
        "Gross Profit": 929,
        "Operating Income": 126,
        "EBIT": 185,
        "Net Income": 96
    },
    "2019-09-30": {
        "Diluted EPS": 1.75,
        "Total Revenue": NaN,
        "Gross Profit": NaN,
        "Operating Income": 172,
        "EBIT": 229,
        "Net Income": 124
    },
    "2019-06-30": {
        "Diluted EPS": 1.73,
        "Total Revenue": NaN,
        "Gross Profit": NaN,
        "Operating Income": 171,
        "EBIT": 224,
        "Net Income": 125
    },
    "2019-03-31": {
        "Diluted EPS": 1.98,
        "Total Revenue": NaN,
        "Gross Profit": NaN,
        "Operating Income": 208,
        "EBIT": 278,
        "Net Income": 143
    },
    "2018-12-31": {
        "Diluted EPS": 0.74,
        "Total Revenue": NaN,
        "Gross Profit": 929,
        "Operating Income": 84,
        "EBIT": 139,
        "Net Income": 53
    },
    "2018-09-30": {
        "Diluted EPS": 1.56,
        "Total Revenue": NaN,
        "Gross Profit": NaN,
        "Operating Income": 154,
        "EBIT": 210,
        "Net Income": 116
    },
    "2018-06-30": {
        "Diluted EPS": 1.59,
        "Total Revenue": NaN,
        "Gross Profit": NaN,
        "Operating Income": 168,
        "EBIT": 224,
        "Net Income": 118
    },
    "2018-03-31": {
        "Diluted EPS": 1.84,
        "Total Revenue": NaN,
        "Gross Profit": NaN,
        "Operating Income": 198,
        "EBIT": 270,
        "Net Income": 137
    },
    "2017-12-31": {
        "Diluted EPS": 2.49,
        "Total Revenue": NaN,
        "Gross Profit": 874,
        "Operating Income": 87,
        "EBIT": 144,
        "Net Income": 185
    },
    "2017-09-30": {
        "Diluted EPS": 1.3,
        "Total Revenue": NaN,
        "Gross Profit": 948,
        "Operating Income": 157,
        "EBIT": 214,
        "Net Income": 96
    },
    "2017-06-30": {
        "Diluted EPS": 1.17,
        "Total Revenue": NaN,
        "Gross Profit": 993,
        "Operating Income": 147,
        "EBIT": 204,
        "Net Income": 87
    },
    "2017-03-31": {
        "Diluted EPS": 1.46,
        "Total Revenue": NaN,
        "Gross Profit": NaN,
        "Operating Income": 180,
        "EBIT": 257,
        "Net Income": 108
    },
    "2016-12-31": {
        "Diluted EPS": 0.85,
        "Total Revenue": NaN,
        "Gross Profit": 908,
        "Operating Income": 106,
        "EBIT": 165,
        "Net Income": 62
    },
    "2016-09-30": {
        "Diluted EPS": 1.53,
        "Total Revenue": NaN,
        "Gross Profit": 988,
        "Operating Income": 194,
        "EBIT": 254,
        "Net Income": 114
    },
    "2016-06-30": {
        "Diluted EPS": 1.68,
        "Total Revenue": NaN,
        "Gross Profit": NaN,
        "Operating Income": 217,
        "EBIT": 277,
        "Net Income": 125
    },
    "2016-03-31": {
        "Diluted EPS": 2.14,
        "Total Revenue": NaN,
        "Gross Profit": NaN,
        "Operating Income": 271,
        "EBIT": 350,
        "Net Income": 159
    },
    "2015-12-31": {
        "Diluted EPS": 0.74,
        "Total Revenue": NaN,
        "Gross Profit": 909,
        "Operating Income": 101,
        "EBIT": 163,
        "Net Income": 55
    },
    "2015-09-30": {
        "Diluted EPS": 1.63,
        "Total Revenue": NaN,
        "Gross Profit": NaN,
        "Operating Income": 206,
        "EBIT": 267,
        "Net Income": 120
    },
    "2015-06-30": {
        "Diluted EPS": 2.03,
        "Total Revenue": NaN,
        "Gross Profit": NaN,
        "Operating Income": 257,
        "EBIT": 320,
        "Net Income": 150
    },
    "2015-03-31": {
        "Diluted EPS": 2.0,
        "Total Revenue": NaN,
        "Gross Profit": NaN,
        "Operating Income": 263,
        "EBIT": 346,
        "Net Income": 148
    },
    "2014-12-31": {
        "Diluted EPS": 1.15,
        "Total Revenue": NaN,
        "Gross Profit": NaN,
        "Operating Income": 146,
        "EBIT": 212,
        "Net Income": 84
    },
    "2014-09-30": {
        "Diluted EPS": 1.66,
        "Total Revenue": NaN,
        "Gross Profit": NaN,
        "Operating Income": 209,
        "EBIT": 275,
        "Net Income": 122
    },
    "2014-06-30": {
        "Diluted EPS": 1.89,
        "Total Revenue": NaN,
        "Gross Profit": NaN,
        "Operating Income": 241,
        "EBIT": 305,
        "Net Income": 139
    },
    "2014-03-31": {
        "Diluted EPS": 2.01,
        "Total Revenue": NaN,
        "Gross Profit": NaN,
        "Operating Income": 256,
        "EBIT": 344,
        "Net Income": 147
    },
    "2013-12-31": {
        "Diluted EPS": 0.66,
        "Total Revenue": NaN,
        "Gross Profit": 702,
        "Operating Income": 91,
        "EBIT": 139,
        "Net Income": 49
    },
    "2013-09-30": {
        "Diluted EPS": 1.42,
        "Total Revenue": NaN,
        "Gross Profit": 763,
        "Operating Income": 171,
        "EBIT": 219,
        "Net Income": 104
    },
    "2013-06-30": {
        "Diluted EPS": 1.59,
        "Total Revenue": NaN,
        "Gross Profit": 779,
        "Operating Income": 195,
        "EBIT": 243,
        "Net Income": 117
    },
    "2013-03-31": {
        "Diluted EPS": 1.65,
        "Total Revenue": NaN,
        "Gross Profit": NaN,
        "Operating Income": 204,
        "EBIT": 268,
        "Net Income": 122
    },
    "2012-12-31": {
        "Diluted EPS": 0.88,
        "Total Revenue": NaN,
        "Gross Profit": 663,
        "Operating Income": 113,
        "EBIT": 159,
        "Net Income": 65
    },
    "2012-09-30": {
        "Diluted EPS": 1.21,
        "Total Revenue": NaN,
        "Gross Profit": 725,
        "Operating Income": 150,
        "EBIT": 196,
        "Net Income": 90
    },
    "2012-06-30": {
        "Diluted EPS": 1.34,
        "Total Revenue": NaN,
        "Gross Profit": 729,
        "Operating Income": 169,
        "EBIT": 212,
        "Net Income": 100
    },
    "2012-03-31": {
        "Diluted EPS": 1.79,
        "Total Revenue": NaN,
        "Gross Profit": 981,
        "Operating Income": 225,
        "EBIT": 280,
        "Net Income": 133
    },
    "2011-12-31": {
        "Diluted EPS": 0.89,
        "Total Revenue": NaN,
        "Gross Profit": 651,
        "Operating Income": 112,
        "EBIT": 153,
        "Net Income": 66
    },
    "2011-09-30": {
        "Diluted EPS": 1.41,
        "Total Revenue": NaN,
        "Gross Profit": 725,
        "Operating Income": 178,
        "EBIT": 219,
        "Net Income": 105
    },
    "2011-06-30": {
        "Diluted EPS": 1.46,
        "Total Revenue": NaN,
        "Gross Profit": 736,
        "Operating Income": 189,
        "EBIT": 229,
        "Net Income": 113
    },
    "2011-03-31": {
        "Diluted EPS": 1.35,
        "Total Revenue": NaN,
        "Gross Profit": 958,
        "Operating Income": 186,
        "EBIT": 239,
        "Net Income": 109
    },
    "2010-12-31": {
        "Diluted EPS": 0.57,
        "Total Revenue": NaN,
        "Gross Profit": 627,
        "Operating Income": 84,
        "EBIT": 123,
        "Net Income": 48
    },
    "2010-09-30": {
        "Diluted EPS": 1.03,
        "Total Revenue": NaN,
        "Gross Profit": 708,
        "Operating Income": 147,
        "EBIT": 186,
        "Net Income": 87
    },
    "2010-06-30": {
        "Diluted EPS": 1.16,
        "Total Revenue": NaN,
        "Gross Profit": 715,
        "Operating Income": 172,
        "EBIT": 209,
        "Net Income": 100
    },
    "2010-03-31": {
        "Diluted EPS": 1.19,
        "Total Revenue": NaN,
        "Gross Profit": 911,
        "Operating Income": 182,
        "EBIT": 232,
        "Net Income": 109
    },
    "2009-12-31": {
        "Diluted EPS": 0.37,
        "Total Revenue": NaN,
        "Gross Profit": 548,
        "Operating Income": 57,
        "EBIT": 93,
        "Net Income": 34
    },
    "2009-09-30": {
        "Diluted EPS": 0.65,
        "Total Revenue": NaN,
        "Gross Profit": 621,
        "Operating Income": 105,
        "EBIT": 140,
        "Net Income": 62
    },
    "2009-06-30": {
        "Diluted EPS": 0.83,
        "Total Revenue": NaN,
        "Gross Profit": 653,
        "Operating Income": 135,
        "EBIT": 169,
        "Net Income": 80
    },
    "2009-03-31": {
        "Diluted EPS": 0.98,
        "Total Revenue": NaN,
        "Gross Profit": 822,
        "Operating Income": 158,
        "EBIT": 203,
        "Net Income": 93
    },
    "2023-06-30": {
        "Tax Effect Of Unusual Items": NaN,
        "Tax Rate For Calcs": NaN,
        "Normalized EBITDA": NaN,
        "Total Unusual Items": 0.0,
        "Total Unusual Items Excluding Goodwill": 0.0,
        "Net Income From Continuing Operation Net Minority Interest": NaN,
        "Reconciled Depreciation": NaN,
        "Reconciled Cost Of Revenue": NaN,
        "EBITDA": NaN,
        "EBIT": NaN,
        "Net Interest Income": NaN,
        "Interest Expense": NaN,
        "Normalized Income": NaN,
        "Net Income From Continuing And Discontinued Operation": NaN,
        "Total Expenses": NaN,
        "Total Operating Income As Reported": NaN,
        "Diluted Average Shares": NaN,
        "Basic Average Shares": NaN,
        "Diluted EPS": NaN,
        "Basic EPS": NaN,
        "Diluted NI Availto Com Stockholders": NaN,
        "Net Income Common Stockholders": NaN,
        "Net Income": NaN,
        "Net Income Including Noncontrolling Interests": NaN,
        "Net Income Discontinuous Operations": NaN,
        "Net Income Continuous Operations": NaN,
        "Tax Provision": NaN,
        "Pretax Income": NaN,
        "Other Income Expense": NaN,
        "Other Non Operating Income Expenses": NaN,
        "Special Income Charges": 0.0,
        "Net Non Operating Interest Income Expense": NaN,
        "Interest Expense Non Operating": NaN,
        "Operating Income": NaN,
        "Operating Expense": NaN,
        "Selling General And Administration": NaN,
        "Gross Profit": NaN,
        "Cost Of Revenue": NaN,
        "Total Revenue": NaN,
        "Operating Revenue": NaN
    },
    "2022-07-31": {
        "Tax Effect Of Unusual Items": 0.0,
        "Tax Rate For Calcs": 0.243033,
        "Normalized EBITDA": 264081000.0,
        "Total Unusual Items": 0.0,
        "Total Unusual Items Excluding Goodwill": 0.0,
        "Net Income From Continuing Operation Net Minority Interest": 144402000.0,
        "Reconciled Depreciation": 63110000.0,
        "Reconciled Cost Of Revenue": 1479707000.0,
        "EBITDA": 264081000.0,
        "EBIT": 200971000.0,
        "Net Interest Income": -10207000.0,
        "Interest Expense": 10207000.0,
        "Normalized Income": 144402000.0,
        "Net Income From Continuing And Discontinued Operation": 144402000.0,
        "Total Expenses": 2463744000.0,
        "Total Operating Income As Reported": 201682000.0,
        "Diluted Average Shares": 60782000.0,
        "Basic Average Shares": 60452000.0,
        "Diluted EPS": 2.38,
        "Basic EPS": 2.39,
        "Diluted NI Availto Com Stockholders": 144402000.0,
        "Net Income Common Stockholders": 144402000.0,
        "Net Income": 144402000.0,
        "Net Income Including Noncontrolling Interests": 144402000.0,
        "Net Income Continuous Operations": 144402000.0,
        "Tax Provision": 46362000.0,
        "Pretax Income": 190764000.0,
        "Other Income Expense": -711000.0,
        "Other Non Operating Income Expenses": -711000.0,
        "Special Income Charges": 0.0,
        "Other Special Charges": NaN,
        "Net Non Operating Interest Income Expense": -10207000.0,
        "Interest Expense Non Operating": 10207000.0,
        "Operating Income": 201682000.0,
        "Operating Expense": 984037000.0,
        "Selling General And Administration": 984037000.0,
        "Gross Profit": 1185719000.0,
        "Cost Of Revenue": 1479707000.0,
        "Total Revenue": 2665426000.0,
        "Operating Revenue": 2665426000.0
    },
    "2023-09-30": {
        "Tax Effect Of Unusual Items": NaN,
        "Tax Rate For Calcs": NaN,
        "Normalized EBITDA": NaN,
        "Total Unusual Items": 0.0,
        "Total Unusual Items Excluding Goodwill": 0.0,
        "Net Income From Continuing Operation Net Minority Interest": NaN,
        "Reconciled Depreciation": NaN,
        "Reconciled Cost Of Revenue": NaN,
        "EBITDA": NaN,
        "EBIT": NaN,
        "Net Interest Income": NaN,
        "Interest Expense": NaN,
        "Normalized Income": NaN,
        "Net Income From Continuing And Discontinued Operation": NaN,
        "Total Expenses": NaN,
        "Total Operating Income As Reported": NaN,
        "Diluted Average Shares": NaN,
        "Basic Average Shares": NaN,
        "Diluted EPS": NaN,
        "Basic EPS": NaN,
        "Diluted NI Availto Com Stockholders": NaN,
        "Net Income Common Stockholders": NaN,
        "Net Income": NaN,
        "Net Income Including Noncontrolling Interests": NaN,
        "Net Income Discontinuous Operations": 12149000.0,
        "Net Income Continuous Operations": NaN,
        "Tax Provision": NaN,
        "Pretax Income": NaN,
        "Other Income Expense": NaN,
        "Other Non Operating Income Expenses": NaN,
        "Special Income Charges": 0.0,
        "Restructuring And Mergern Acquisition": NaN,
        "Net Non Operating Interest Income Expense": NaN,
        "Interest Expense Non Operating": NaN,
        "Operating Income": NaN,
        "Operating Expense": NaN,
        "Selling General And Administration": NaN,
        "Gross Profit": NaN,
        "Cost Of Revenue": NaN,
        "Total Revenue": NaN,
        "Operating Revenue": NaN
    },
    "2023-12-31": {
        "Tax Effect Of Unusual Items": NaN,
        "Tax Rate For Calcs": NaN,
        "Normalized EBITDA": NaN,
        "Total Unusual Items": 0.0,
        "Total Unusual Items Excluding Goodwill": 0.0,
        "Net Income From Continuing Operation Net Minority Interest": NaN,
        "Reconciled Depreciation": NaN,
        "Reconciled Cost Of Revenue": NaN,
        "EBITDA": NaN,
        "EBIT": NaN,
        "Net Interest Income": NaN,
        "Interest Expense": NaN,
        "Normalized Income": NaN,
        "Net Income From Continuing And Discontinued Operation": NaN,
        "Total Expenses": NaN,
        "Total Operating Income As Reported": NaN,
        "Diluted Average Shares": NaN,
        "Basic Average Shares": NaN,
        "Diluted EPS": NaN,
        "Basic EPS": NaN,
        "Diluted NI Availto Com Stockholders": NaN,
        "Net Income Common Stockholders": NaN,
        "Net Income": NaN,
        "Net Income Including Noncontrolling Interests": NaN,
        "Net Income Discontinuous Operations": NaN,
        "Net Income Continuous Operations": NaN,
        "Tax Provision": NaN,
        "Pretax Income": NaN,
        "Other Income Expense": NaN,
        "Other Non Operating Income Expenses": NaN,
        "Special Income Charges": 0.0,
        "Restructuring And Mergern Acquisition": NaN,
        "Net Non Operating Interest Income Expense": NaN,
        "Interest Expense Non Operating": NaN,
        "Operating Income": NaN,
        "Operating Expense": NaN,
        "Selling General And Administration": NaN,
        "Gross Profit": NaN,
        "Cost Of Revenue": NaN,
        "Total Revenue": NaN,
        "Operating Revenue": NaN
    },
    "2024-03-31": {
        "Tax Effect Of Unusual Items": NaN,
        "Tax Rate For Calcs": NaN,
        "Normalized EBITDA": NaN,
        "Total Unusual Items": 0.0,
        "Total Unusual Items Excluding Goodwill": 0.0,
        "Net Income From Continuing Operation Net Minority Interest": NaN,
        "Reconciled Depreciation": NaN,
        "Reconciled Cost Of Revenue": NaN,
        "EBITDA": NaN,
        "EBIT": NaN,
        "Net Interest Income": NaN,
        "Interest Expense": NaN,
        "Normalized Income": NaN,
        "Net Income From Continuing And Discontinued Operation": NaN,
        "Total Expenses": NaN,
        "Total Operating Income As Reported": NaN,
        "Diluted Average Shares": NaN,
        "Basic Average Shares": NaN,
        "Diluted EPS": NaN,
        "Basic EPS": NaN,
        "Diluted NI Availto Com Stockholders": NaN,
        "Net Income Common Stockholders": NaN,
        "Net Income": NaN,
        "Net Income Including Noncontrolling Interests": NaN,
        "Net Income Discontinuous Operations": NaN,
        "Net Income Continuous Operations": NaN,
        "Tax Provision": NaN,
        "Pretax Income": NaN,
        "Other Income Expense": NaN,
        "Other Non Operating Income Expenses": NaN,
        "Special Income Charges": 0.0,
        "Restructuring And Mergern Acquisition": 0.0,
        "Net Non Operating Interest Income Expense": NaN,
        "Interest Expense Non Operating": NaN,
        "Operating Income": NaN,
        "Operating Expense": NaN,
        "Selling General And Administration": NaN,
        "Gross Profit": NaN,
        "Cost Of Revenue": NaN,
        "Total Revenue": NaN,
        "Operating Revenue": NaN
    },
    "2024-06-30": {
        "Tax Effect Of Unusual Items": -2068181.818182,
        "Tax Rate For Calcs": 0.295455,
        "Normalized EBITDA": 138000000.0,
        "Total Unusual Items": -7000000.0,
        "Total Unusual Items Excluding Goodwill": -7000000.0,
        "Net Income From Continuing Operation Net Minority Interest": 31000000.0,
        "Reconciled Depreciation": 68000000.0,
        "Reconciled Cost Of Revenue": 1228000000.0,
        "EBITDA": 131000000.0,
        "EBIT": 63000000.0,
        "Net Interest Income": -19000000.0,
        "Interest Expense": 19000000.0,
        "Normalized Income": 35931818.181818,
        "Net Income From Continuing And Discontinued Operation": 45000000.0,
        "Total Expenses": 2117000000.0,
        "Total Operating Income As Reported": 54000000.0,
        "Diluted Average Shares": 59905000.0,
        "Basic Average Shares": 59633000.0,
        "Diluted EPS": 0.75,
        "Basic EPS": 0.75,
        "Diluted NI Availto Com Stockholders": 45000000.0,
        "Net Income Common Stockholders": 45000000.0,
        "Net Income": 45000000.0,
        "Net Income Including Noncontrolling Interests": 45000000.0,
        "Net Income Discontinuous Operations": 14000000.0,
        "Net Income Continuous Operations": 31000000.0,
        "Tax Provision": 13000000.0,
        "Pretax Income": 44000000.0,
        "Other Income Expense": 2000000.0,
        "Other Non Operating Income Expenses": 9000000.0,
        "Special Income Charges": -7000000.0,
        "Restructuring And Mergern Acquisition": 7000000.0,
        "Net Non Operating Interest Income Expense": -19000000.0,
        "Interest Expense Non Operating": 19000000.0,
        "Operating Income": 61000000.0,
        "Operating Expense": 889000000.0,
        "Selling General And Administration": 889000000.0,
        "Gross Profit": 950000000.0,
        "Cost Of Revenue": 1228000000.0,
        "Total Revenue": 2178000000.0,
        "Operating Revenue": 2178000000.0
    },
    "2024-09-30": {
        "Tax Effect Of Unusual Items": 0.0,
        "Tax Rate For Calcs": 0.21,
        "Normalized EBITDA": 68993000.0,
        "Total Unusual Items": NaN,
        "Total Unusual Items Excluding Goodwill": NaN,
        "Net Income From Continuing Operation Net Minority Interest": -25363000.0,
        "Reconciled Depreciation": 66197000.0,
        "Reconciled Cost Of Revenue": 1240093000.0,
        "EBITDA": 68993000.0,
        "EBIT": 2796000.0,
        "Net Interest Income": -18805000.0,
        "Interest Expense": 18805000.0,
        "Normalized Income": -25363000.0,
        "Net Income From Continuing And Discontinued Operation": -6014000.0,
        "Total Expenses": 2147588000.0,
        "Total Operating Income As Reported": 403000.0,
        "Diluted Average Shares": 59902000.0,
        "Basic Average Shares": 59684000.0,
        "Diluted EPS": -0.1,
        "Basic EPS": -0.1,
        "Diluted NI Availto Com Stockholders": -6014000.0,
        "Net Income Common Stockholders": -6014000.0,
        "Net Income": -6014000.0,
        "Net Income Including Noncontrolling Interests": -6014000.0,
        "Net Income Discontinuous Operations": 19349000.0,
        "Net Income Continuous Operations": -25363000.0,
        "Tax Provision": 9354000.0,
        "Pretax Income": -16009000.0,
        "Other Income Expense": 2393000.0,
        "Other Non Operating Income Expenses": 2393000.0,
        "Special Income Charges": NaN,
        "Restructuring And Mergern Acquisition": NaN,
        "Net Non Operating Interest Income Expense": -18805000.0,
        "Interest Expense Non Operating": 18805000.0,
        "Operating Income": 403000.0,
        "Operating Expense": 907495000.0,
        "Selling General And Administration": 907495000.0,
        "Gross Profit": 907898000.0,
        "Cost Of Revenue": 1240093000.0,
        "Total Revenue": 2147991000.0,
        "Operating Revenue": 2147991000.0
    },
    "2024-12-31": {
        "Tax Effect Of Unusual Items": 0.0,
        "Tax Rate For Calcs": 0.261566,
        "Normalized EBITDA": -731748000.0,
        "Total Unusual Items": NaN,
        "Total Unusual Items Excluding Goodwill": NaN,
        "Net Income From Continuing Operation Net Minority Interest": -609531000.0,
        "Reconciled Depreciation": 74783000.0,
        "Reconciled Cost Of Revenue": 1648909000.0,
        "EBITDA": -731748000.0,
        "EBIT": -806531000.0,
        "Net Interest Income": -18906000.0,
        "Interest Expense": 18906000.0,
        "Normalized Income": -609531000.0,
        "Net Income From Continuing And Discontinued Operation": -414777000.0,
        "Total Expenses": 2816028000.0,
        "Total Operating Income As Reported": -820003000.0,
        "Diluted Average Shares": 59978000.0,
        "Basic Average Shares": 59743000.0,
        "Diluted EPS": -6.94,
        "Basic EPS": -6.94,
        "Diluted NI Availto Com Stockholders": -414777000.0,
        "Net Income Common Stockholders": -414777000.0,
        "Net Income": -414777000.0,
        "Net Income Including Noncontrolling Interests": -414777000.0,
        "Net Income Discontinuous Operations": 194754000.0,
        "Net Income Continuous Operations": -609531000.0,
        "Tax Provision": -215906000.0,
        "Pretax Income": -825437000.0,
        "Other Income Expense": 13472000.0,
        "Other Non Operating Income Expenses": 13472000.0,
        "Special Income Charges": NaN,
        "Restructuring And Mergern Acquisition": NaN,
        "Net Non Operating Interest Income Expense": -18906000.0,
        "Interest Expense Non Operating": 18906000.0,
        "Operating Income": -820003000.0,
        "Operating Expense": 1167119000.0,
        "Selling General And Administration": 1167119000.0,
        "Gross Profit": 347116000.0,
        "Cost Of Revenue": 1648909000.0,
        "Total Revenue": 1996025000.0,
        "Operating Revenue": 1996025000.0
    },
    "2025-03-31": {
        "Tax Effect Of Unusual Items": -24780000.0,
        "Tax Rate For Calcs": 0.21,
        "Normalized EBITDA": 103000000.0,
        "Total Unusual Items": -118000000.0,
        "Total Unusual Items Excluding Goodwill": -118000000.0,
        "Net Income From Continuing Operation Net Minority Interest": 24000000.0,
        "Reconciled Depreciation": 89000000.0,
        "Reconciled Cost Of Revenue": 1474000000.0,
        "EBITDA": -15000000.0,
        "EBIT": -104000000.0,
        "Net Interest Income": -27000000.0,
        "Interest Expense": 27000000.0,
        "Normalized Income": 117220000.0,
        "Net Income From Continuing And Discontinued Operation": 24000000.0,
        "Total Expenses": 2596000000.0,
        "Total Operating Income As Reported": -131000000.0,
        "Diluted Average Shares": 60200000.0,
        "Basic Average Shares": 59800000.0,
        "Diluted EPS": 0.4,
        "Basic EPS": 0.4,
        "Diluted NI Availto Com Stockholders": 24000000.0,
        "Net Income Common Stockholders": 24000000.0,
        "Net Income": 24000000.0,
        "Net Income Including Noncontrolling Interests": 24000000.0,
        "Net Income Discontinuous Operations": 0.0,
        "Net Income Continuous Operations": 24000000.0,
        "Tax Provision": -155000000.0,
        "Pretax Income": -131000000.0,
        "Other Income Expense": -91000000.0,
        "Other Non Operating Income Expenses": 27000000.0,
        "Special Income Charges": -118000000.0,
        "Restructuring And Mergern Acquisition": 118000000.0,
        "Net Non Operating Interest Income Expense": -27000000.0,
        "Interest Expense Non Operating": 27000000.0,
        "Operating Income": -13000000.0,
        "Operating Expense": 1122000000.0,
        "Selling General And Administration": 1122000000.0,
        "Gross Profit": 1109000000.0,
        "Cost Of Revenue": 1474000000.0,
        "Total Revenue": 2583000000.0,
        "Operating Revenue": 2583000000.0
    },
    "2025-06-30": {
        "Tax Effect Of Unusual Items": -8285714.285714,
        "Tax Rate For Calcs": 0.285714,
        "Normalized EBITDA": 126000000.0,
        "Total Unusual Items": -29000000.0,
        "Total Unusual Items Excluding Goodwill": -29000000.0,
        "Net Income From Continuing Operation Net Minority Interest": 15000000.0,
        "Reconciled Depreciation": 57000000.0,
        "Reconciled Cost Of Revenue": 1136000000.0,
        "EBITDA": 97000000.0,
        "EBIT": 40000000.0,
        "Net Interest Income": -19000000.0,
        "Interest Expense": 19000000.0,
        "Normalized Income": 35714285.714286,
        "Net Income From Continuing And Discontinued Operation": 15000000.0,
        "Total Expenses": 1959000000.0,
        "Total Operating Income As Reported": 22000000.0,
        "Diluted Average Shares": 60500000.0,
        "Basic Average Shares": 59900000.0,
        "Diluted EPS": 0.25,
        "Basic EPS": 0.25,
        "Diluted NI Availto Com Stockholders": 15000000.0,
        "Net Income Common Stockholders": 15000000.0,
        "Net Income": 15000000.0,
        "Net Income Including Noncontrolling Interests": 15000000.0,
        "Net Income Discontinuous Operations": 0.0,
        "Net Income Continuous Operations": 15000000.0,
        "Tax Provision": 6000000.0,
        "Pretax Income": 21000000.0,
        "Other Income Expense": -11000000.0,
        "Other Non Operating Income Expenses": 18000000.0,
        "Special Income Charges": -29000000.0,
        "Restructuring And Mergern Acquisition": 29000000.0,
        "Net Non Operating Interest Income Expense": -19000000.0,
        "Interest Expense Non Operating": 19000000.0,
        "Operating Income": 51000000.0,
        "Operating Expense": 823000000.0,
        "Selling General And Administration": 823000000.0,
        "Gross Profit": 874000000.0,
        "Cost Of Revenue": 1136000000.0,
        "Total Revenue": 2010000000.0,
        "Operating Revenue": 2010000000.0
    }
}