{
    "2023-03-31": {
        "Tax Effect Of Unusual Items": NaN,
        "Tax Rate For Calcs": NaN,
        "Normalized EBITDA": NaN,
        "Net Income From Continuing Operation Net Minority Interest": NaN,
        "Reconciled Depreciation": NaN,
        "Reconciled Cost Of Revenue": NaN,
        "EBITDA": NaN,
        "EBIT": NaN,
        "Net Interest Income": -12000000.0,
        "Interest Expense": 930000000.0,
        "Interest Income": 918000000.0,
        "Normalized Income": NaN,
        "Net Income From Continuing And Discontinued Operation": NaN,
        "Total Expenses": NaN,
        "Total Operating Income As Reported": NaN,
        "Diluted Average Shares": NaN,
        "Basic Average Shares": NaN,
        "Diluted EPS": NaN,
        "Basic EPS": NaN,
        "Diluted NI Availto Com Stockholders": NaN,
        "Net Income Common Stockholders": NaN,
        "Net Income": NaN,
        "Net Income Including Noncontrolling Interests": NaN,
        "Net Income Continuous Operations": NaN,
        "Tax Provision": NaN,
        "Pretax Income": NaN,
        "Other Income Expense": NaN,
        "Other Non Operating Income Expenses": NaN,
        "Net Non Operating Interest Income Expense": -12000000.0,
        "Interest Expense Non Operating": 930000000.0,
        "Interest Income Non Operating": 918000000.0,
        "Operating Income": NaN,
        "Operating Expense": NaN,
        "Research And Development": NaN,
        "Selling General And Administration": NaN,
        "Gross Profit": NaN,
        "Cost Of Revenue": NaN,
        "Total Revenue": NaN,
        "Operating Revenue": NaN
    },
    "2022-12-31": {
        "Tax Effect Of Unusual Items": NaN,
        "Tax Rate For Calcs": NaN,
        "Normalized EBITDA": NaN,
        "Net Income From Continuing Operation Net Minority Interest": NaN,
        "Reconciled Depreciation": NaN,
        "Reconciled Cost Of Revenue": NaN,
        "EBITDA": NaN,
        "EBIT": NaN,
        "Net Interest Income": -135000000.0,
        "Interest Expense": 1003000000.0,
        "Interest Income": 868000000.0,
        "Normalized Income": NaN,
        "Net Income From Continuing And Discontinued Operation": NaN,
        "Total Expenses": NaN,
        "Total Operating Income As Reported": NaN,
        "Diluted Average Shares": NaN,
        "Basic Average Shares": NaN,
        "Diluted EPS": NaN,
        "Basic EPS": NaN,
        "Diluted NI Availto Com Stockholders": NaN,
        "Net Income Common Stockholders": NaN,
        "Net Income": NaN,
        "Net Income Including Noncontrolling Interests": NaN,
        "Net Income Continuous Operations": NaN,
        "Tax Provision": NaN,
        "Pretax Income": NaN,
        "Other Income Expense": NaN,
        "Other Non Operating Income Expenses": NaN,
        "Net Non Operating Interest Income Expense": -135000000.0,
        "Interest Expense Non Operating": 1003000000.0,
        "Interest Income Non Operating": 868000000.0,
        "Operating Income": NaN,
        "Operating Expense": NaN,
        "Research And Development": NaN,
        "Selling General And Administration": NaN,
        "Gross Profit": NaN,
        "Cost Of Revenue": NaN,
        "Total Revenue": NaN,
        "Operating Revenue": NaN
    },
    "2022-09-30": {
        "Tax Effect Of Unusual Items": NaN,
        "Tax Rate For Calcs": NaN,
        "Normalized EBITDA": NaN,
        "Net Income From Continuing Operation Net Minority Interest": NaN,
        "Reconciled Depreciation": NaN,
        "Reconciled Cost Of Revenue": NaN,
        "EBITDA": NaN,
        "EBIT": NaN,
        "Net Interest Income": -74000000.0,
        "Interest Expense": 827000000.0,
        "Interest Income": 753000000.0,
        "Normalized Income": NaN,
        "Net Income From Continuing And Discontinued Operation": NaN,
        "Total Expenses": NaN,
        "Total Operating Income As Reported": NaN,
        "Diluted Average Shares": NaN,
        "Basic Average Shares": NaN,
        "Diluted EPS": NaN,
        "Basic EPS": NaN,
        "Diluted NI Availto Com Stockholders": NaN,
        "Net Income Common Stockholders": NaN,
        "Net Income": NaN,
        "Net Income Including Noncontrolling Interests": NaN,
        "Net Income Continuous Operations": NaN,
        "Tax Provision": NaN,
        "Pretax Income": NaN,
        "Other Income Expense": NaN,
        "Other Non Operating Income Expenses": NaN,
        "Net Non Operating Interest Income Expense": -74000000.0,
        "Interest Expense Non Operating": 827000000.0,
        "Interest Income Non Operating": 753000000.0,
        "Operating Income": NaN,
        "Operating Expense": NaN,
        "Research And Development": NaN,
        "Selling General And Administration": NaN,
        "Gross Profit": NaN,
        "Cost Of Revenue": NaN,
        "Total Revenue": NaN,
        "Operating Revenue": NaN
    },
    "2022-06-30": {
        "Tax Effect Of Unusual Items": 0.0,
        "Tax Rate For Calcs": 0.157114,
        "Normalized EBITDA": 25881000000.0,
        "Net Income From Continuing Operation Net Minority Interest": 19442000000.0,
        "Reconciled Depreciation": 2805000000.0,
        "Reconciled Cost Of Revenue": 47074000000.0,
        "EBITDA": 25881000000.0,
        "EBIT": 23076000000.0,
        "Net Interest Income": 3000000.0,
        "Interest Expense": 719000000.0,
        "Interest Income": 722000000.0,
        "Normalized Income": 19442000000.0,
        "Net Income From Continuing And Discontinued Operation": 19442000000.0,
        "Total Expenses": 59883000000.0,
        "Total Operating Income As Reported": 23076000000.0,
        "Diluted Average Shares": 16262203000.0,
        "Basic Average Shares": 16162945000.0,
        "Diluted EPS": 1.2,
        "Basic EPS": 1.2,
        "Diluted NI Availto Com Stockholders": 19442000000.0,
        "Net Income Common Stockholders": 19442000000.0,
        "Net Income": 19442000000.0,
        "Net Income Including Noncontrolling Interests": 19442000000.0,
        "Net Income Continuous Operations": 19442000000.0,
        "Tax Provision": 3624000000.0,
        "Pretax Income": 23066000000.0,
        "Other Income Expense": -10000000.0,
        "Other Non Operating Income Expenses": -10000000.0,
        "Net Non Operating Interest Income Expense": 3000000.0,
        "Interest Expense Non Operating": 719000000.0,
        "Interest Income Non Operating": 722000000.0,
        "Operating Income": 23076000000.0,
        "Operating Expense": 12809000000.0,
        "Research And Development": 6797000000.0,
        "Selling General And Administration": 6012000000.0,
        "Gross Profit": 35885000000.0,
        "Cost Of Revenue": 47074000000.0,
        "Total Revenue": 82959000000.0,
        "Operating Revenue": 82959000000.0
    },
    "2023-06-30": {
        "Tax Effect Of Unusual Items": NaN,
        "Tax Rate For Calcs": NaN,
        "Normalized EBITDA": NaN,
        "Net Income From Continuing Operation Net Minority Interest": NaN,
        "Reconciled Depreciation": NaN,
        "Reconciled Cost Of Revenue": NaN,
        "EBITDA": NaN,
        "EBIT": NaN,
        "Net Interest Income": -18000000.0,
        "Interest Expense": 998000000.0,
        "Interest Income": 980000000.0,
        "Normalized Income": NaN,
        "Net Income From Continuing And Discontinued Operation": NaN,
        "Total Expenses": NaN,
        "Total Operating Income As Reported": NaN,
        "Diluted Average Shares": NaN,
        "Basic Average Shares": NaN,
        "Diluted EPS": NaN,
        "Basic EPS": NaN,
        "Diluted NI Availto Com Stockholders": NaN,
        "Net Income Common Stockholders": NaN,
        "Net Income": NaN,
        "Net Income Including Noncontrolling Interests": NaN,
        "Net Income Continuous Operations": NaN,
        "Tax Provision": NaN,
        "Pretax Income": NaN,
        "Other Income Expense": NaN,
        "Other Non Operating Income Expenses": NaN,
        "Net Non Operating Interest Income Expense": -18000000.0,
        "Interest Expense Non Operating": 998000000.0,
        "Interest Income Non Operating": 980000000.0,
        "Operating Income": NaN,
        "Operating Expense": NaN,
        "Research And Development": NaN,
        "Selling General And Administration": NaN,
        "Gross Profit": NaN,
        "Cost Of Revenue": NaN,
        "Total Revenue": NaN,
        "Operating Revenue": NaN
    },
    "2022-03-31": {
        "Diluted EPS": 1.52,
        "Total Revenue": NaN,
        "Gross Profit": NaN,
        "Operating Income": NaN,
        "EBIT": NaN,
        "Net Income": NaN
    },
    "2021-12-31": {
        "Diluted EPS": 2.1,
        "Total Revenue": NaN,
        "Gross Profit": NaN,
        "Operating Income": NaN,
        "EBIT": NaN,
        "Net Income": NaN
    },
    "2021-09-30": {
        "Diluted EPS": 1.23,
        "Total Revenue": NaN,
        "Gross Profit": NaN,
        "Operating Income": NaN,
        "EBIT": NaN,
        "Net Income": NaN
    },
    "2021-06-30": {
        "Diluted EPS": 1.3,
        "Total Revenue": NaN,
        "Gross Profit": NaN,
        "Operating Income": NaN,
        "EBIT": NaN,
        "Net Income": NaN
    },
    "2021-03-31": {
        "Diluted EPS": 1.4,
        "Total Revenue": NaN,
        "Gross Profit": NaN,
        "Operating Income": NaN,
        "EBIT": NaN,
        "Net Income": NaN
    },
    "2020-12-31": {
        "Diluted EPS": 1.68,
        "Total Revenue": NaN,
        "Gross Profit": NaN,
        "Operating Income": NaN,
        "EBIT": NaN,
        "Net Income": NaN
    },
    "2020-09-30": {
        "Diluted EPS": 0.74,
        "Total Revenue": NaN,
        "Gross Profit": NaN,
        "Operating Income": NaN,
        "EBIT": NaN,
        "Net Income": NaN
    },
    "2020-06-30": {
        "Diluted EPS": 0.65,
        "Total Revenue": NaN,
        "Gross Profit": NaN,
        "Operating Income": NaN,
        "EBIT": NaN,
        "Net Income": NaN
    },
    "2020-03-31": {
        "Diluted EPS": 0.64,
        "Total Revenue": NaN,
        "Gross Profit": NaN,
        "Operating Income": NaN,
        "EBIT": NaN,
        "Net Income": NaN
    },
    "2019-12-31": {
        "Diluted EPS": 1.25,
        "Total Revenue": NaN,
        "Gross Profit": NaN,
        "Operating Income": NaN,
        "EBIT": NaN,
        "Net Income": NaN
    },
    "2019-09-30": {
        "Diluted EPS": 0.77,
        "Total Revenue": NaN,
        "Gross Profit": NaN,
        "Operating Income": NaN,
        "EBIT": NaN,
        "Net Income": NaN
    },
    "2019-06-30": {
        "Diluted EPS": 0.55,
        "Total Revenue": NaN,
        "Gross Profit": NaN,
        "Operating Income": NaN,
        "EBIT": NaN,
        "Net Income": NaN
    },
    "2019-03-31": {
        "Diluted EPS": 0.62,
        "Total Revenue": NaN,
        "Gross Profit": NaN,
        "Operating Income": NaN,
        "EBIT": NaN,
        "Net Income": NaN
    },
    "2018-12-31": {
        "Diluted EPS": 1.05,
        "Total Revenue": NaN,
        "Gross Profit": NaN,
        "Operating Income": NaN,
        "EBIT": NaN,
        "Net Income": NaN
    },
    "2018-09-30": {
        "Diluted EPS": 0.74,
        "Total Revenue": NaN,
        "Gross Profit": NaN,
        "Operating Income": NaN,
        "EBIT": NaN,
        "Net Income": NaN
    },
    "2018-06-30": {
        "Diluted EPS": 0.59,
        "Total Revenue": NaN,
        "Gross Profit": NaN,
        "Operating Income": NaN,
        "EBIT": NaN,
        "Net Income": NaN
    },
    "2018-03-31": {
        "Diluted EPS": 0.68,
        "Total Revenue": NaN,
        "Gross Profit": NaN,
        "Operating Income": NaN,
        "EBIT": NaN,
        "Net Income": NaN
    },
    "2017-12-31": {
        "Diluted EPS": 0.97,
        "Total Revenue": NaN,
        "Gross Profit": NaN,
        "Operating Income": NaN,
        "EBIT": NaN,
        "Net Income": NaN
    },
    "2017-09-30": {
        "Diluted EPS": 0.52,
        "Total Revenue": NaN,
        "Gross Profit": NaN,
        "Operating Income": NaN,
        "EBIT": NaN,
        "Net Income": NaN
    },
    "2017-06-30": {
        "Diluted EPS": 0.42,
        "Total Revenue": NaN,
        "Gross Profit": NaN,
        "Operating Income": NaN,
        "EBIT": NaN,
        "Net Income": NaN
    },
    "2017-03-31": {
        "Diluted EPS": 0.53,
        "Total Revenue": NaN,
        "Gross Profit": NaN,
        "Operating Income": NaN,
        "EBIT": NaN,
        "Net Income": NaN
    },
    "2016-12-31": {
        "Diluted EPS": 0.84,
        "Total Revenue": NaN,
        "Gross Profit": NaN,
        "Operating Income": NaN,
        "EBIT": NaN,
        "Net Income": NaN
    },
    "2016-09-30": {
        "Diluted EPS": 0.43,
        "Total Revenue": NaN,
        "Gross Profit": NaN,
        "Operating Income": NaN,
        "EBIT": NaN,
        "Net Income": NaN
    },
    "2016-06-30": {
        "Diluted EPS": 0.36,
        "Total Revenue": NaN,
        "Gross Profit": NaN,
        "Operating Income": NaN,
        "EBIT": NaN,
        "Net Income": NaN
    },
    "2016-03-31": {
        "Diluted EPS": 0.48,
        "Total Revenue": NaN,
        "Gross Profit": NaN,
        "Operating Income": NaN,
        "EBIT": NaN,
        "Net Income": NaN
    },
    "2015-12-31": {
        "Diluted EPS": 0.82,
        "Total Revenue": NaN,
        "Gross Profit": NaN,
        "Operating Income": NaN,
        "EBIT": NaN,
        "Net Income": NaN
    },
    "2015-09-30": {
        "Diluted EPS": 0.5,
        "Total Revenue": NaN,
        "Gross Profit": NaN,
        "Operating Income": NaN,
        "EBIT": NaN,
        "Net Income": NaN
    },
    "2015-06-30": {
        "Diluted EPS": 0.46,
        "Total Revenue": NaN,
        "Gross Profit": NaN,
        "Operating Income": NaN,
        "EBIT": NaN,
        "Net Income": NaN
    },
    "2015-03-31": {
        "Diluted EPS": 0.58,
        "Total Revenue": NaN,
        "Gross Profit": NaN,
        "Operating Income": NaN,
        "EBIT": NaN,
        "Net Income": NaN
    },
    "2014-12-31": {
        "Diluted EPS": 0.77,
        "Total Revenue": NaN,
        "Gross Profit": NaN,
        "Operating Income": NaN,
        "EBIT": NaN,
        "Net Income": NaN
    },
    "2014-09-30": {
        "Diluted EPS": 0.36,
        "Total Revenue": NaN,
        "Gross Profit": NaN,
        "Operating Income": NaN,
        "EBIT": NaN,
        "Net Income": NaN
    },
    "2014-06-30": {
        "Diluted EPS": 0.32,
        "Total Revenue": NaN,
        "Gross Profit": NaN,
        "Operating Income": NaN,
        "EBIT": NaN,
        "Net Income": NaN
    },
    "2014-03-31": {
        "Diluted EPS": 0.42,
        "Total Revenue": NaN,
        "Gross Profit": NaN,
        "Operating Income": NaN,
        "EBIT": NaN,
        "Net Income": NaN
    },
    "2013-12-31": {
        "Diluted EPS": 0.52,
        "Total Revenue": NaN,
        "Gross Profit": NaN,
        "Operating Income": NaN,
        "EBIT": NaN,
        "Net Income": NaN
    },
    "2013-09-30": {
        "Diluted EPS": 0.3,
        "Total Revenue": NaN,
        "Gross Profit": NaN,
        "Operating Income": NaN,
        "EBIT": NaN,
        "Net Income": NaN
    },
    "2013-06-30": {
        "Diluted EPS": 0.27,
        "Total Revenue": NaN,
        "Gross Profit": NaN,
        "Operating Income": NaN,
        "EBIT": NaN,
        "Net Income": NaN
    },
    "2013-03-31": {
        "Diluted EPS": 0.36,
        "Total Revenue": NaN,
        "Gross Profit": NaN,
        "Operating Income": NaN,
        "EBIT": NaN,
        "Net Income": NaN
    },
    "2012-12-31": {
        "Diluted EPS": 0.49,
        "Total Revenue": NaN,
        "Gross Profit": NaN,
        "Operating Income": NaN,
        "EBIT": NaN,
        "Net Income": NaN
    },
    "2012-09-30": {
        "Diluted EPS": 0.31,
        "Total Revenue": NaN,
        "Gross Profit": NaN,
        "Operating Income": NaN,
        "EBIT": NaN,
        "Net Income": NaN
    },
    "2012-06-30": {
        "Diluted EPS": 0.33,
        "Total Revenue": NaN,
        "Gross Profit": NaN,
        "Operating Income": NaN,
        "EBIT": NaN,
        "Net Income": NaN
    },
    "2012-03-31": {
        "Diluted EPS": 0.44,
        "Total Revenue": NaN,
        "Gross Profit": NaN,
        "Operating Income": NaN,
        "EBIT": NaN,
        "Net Income": NaN
    },
    "2011-12-31": {
        "Diluted EPS": 0.5,
        "Total Revenue": NaN,
        "Gross Profit": NaN,
        "Operating Income": NaN,
        "EBIT": NaN,
        "Net Income": NaN
    },
    "2011-09-30": {
        "Diluted EPS": 0.25,
        "Total Revenue": NaN,
        "Gross Profit": NaN,
        "Operating Income": NaN,
        "EBIT": NaN,
        "Net Income": NaN
    },
    "2011-06-30": {
        "Diluted EPS": 0.28,
        "Total Revenue": NaN,
        "Gross Profit": NaN,
        "Operating Income": NaN,
        "EBIT": NaN,
        "Net Income": NaN
    },
    "2011-03-31": {
        "Diluted EPS": 0.23,
        "Total Revenue": NaN,
        "Gross Profit": NaN,
        "Operating Income": NaN,
        "EBIT": NaN,
        "Net Income": NaN
    },
    "2010-12-31": {
        "Diluted EPS": 0.23,
        "Total Revenue": NaN,
        "Gross Profit": NaN,
        "Operating Income": NaN,
        "EBIT": NaN,
        "Net Income": NaN
    },
    "2010-09-30": {
        "Diluted EPS": 0.17,
        "Total Revenue": NaN,
        "Gross Profit": NaN,
        "Operating Income": NaN,
        "EBIT": NaN,
        "Net Income": NaN
    },
    "2010-06-30": {
        "Diluted EPS": 0.13,
        "Total Revenue": NaN,
        "Gross Profit": NaN,
        "Operating Income": NaN,
        "EBIT": NaN,
        "Net Income": NaN
    },
    "2010-03-31": {
        "Diluted EPS": 0.12,
        "Total Revenue": NaN,
        "Gross Profit": NaN,
        "Operating Income": NaN,
        "EBIT": NaN,
        "Net Income": NaN
    },
    "2009-12-31": {
        "Diluted EPS": 0.13,
        "Total Revenue": NaN,
        "Gross Profit": NaN,
        "Operating Income": NaN,
        "EBIT": NaN,
        "Net Income": NaN
    },
    "2009-09-30": {
        "Diluted EPS": 0.1,
        "Total Revenue": NaN,
        "Gross Profit": NaN,
        "Operating Income": NaN,
        "EBIT": NaN,
        "Net Income": NaN
    },
    "2009-06-30": {
        "Diluted EPS": 0.07,
        "Total Revenue": NaN,
        "Gross Profit": NaN,
        "Operating Income": NaN,
        "EBIT": NaN,
        "Net Income": NaN
    },
    "2009-03-31": {
        "Diluted EPS": 0.06,
        "Total Revenue": NaN,
        "Gross Profit": NaN,
        "Operating Income": NaN,
        "EBIT": NaN,
        "Net Income": NaN
    },
    "2023-09-30": {
        "Tax Effect Of Unusual Items": NaN,
        "Tax Rate For Calcs": NaN,
        "Normalized EBITDA": NaN,
        "Net Income From Continuing Operation Net Minority Interest": NaN,
        "Reconciled Depreciation": NaN,
        "Reconciled Cost Of Revenue": NaN,
        "EBITDA": NaN,
        "EBIT": NaN,
        "Net Interest Income": -18000000.0,
        "Interest Expense": 1002000000.0,
        "Interest Income": 984000000.0,
        "Normalized Income": NaN,
        "Net Income From Continuing And Discontinued Operation": NaN,
        "Total Expenses": NaN,
        "Total Operating Income As Reported": NaN,
        "Diluted Average Shares": NaN,
        "Basic Average Shares": NaN,
        "Diluted EPS": NaN,
        "Basic EPS": NaN,
        "Diluted NI Availto Com Stockholders": NaN,
        "Net Income Common Stockholders": NaN,
        "Net Income": NaN,
        "Net Income Including Noncontrolling Interests": NaN,
        "Net Income Continuous Operations": NaN,
        "Tax Provision": NaN,
        "Pretax Income": NaN,
        "Other Income Expense": NaN,
        "Other Non Operating Income Expenses": NaN,
        "Net Non Operating Interest Income Expense": -18000000.0,
        "Interest Expense Non Operating": 1002000000.0,
        "Interest Income Non Operating": 984000000.0,
        "Operating Income": NaN,
        "Operating Expense": NaN,
        "Research And Development": NaN,
        "Selling General And Administration": NaN,
        "Gross Profit": NaN,
        "Cost Of Revenue": NaN,
        "Total Revenue": NaN,
        "Operating Revenue": NaN
    },
    "2023-12-31": {
        "Tax Effect Of Unusual Items": 0.0,
        "Tax Rate For Calcs": 0.21,
        "Normalized EBITDA": 43221000000.0,
        "Net Income From Continuing Operation Net Minority Interest": 33916000000.0,
        "Reconciled Depreciation": 2848000000.0,
        "Reconciled Cost Of Revenue": 64720000000.0,
        "EBITDA": 43221000000.0,
        "EBIT": 40373000000.0,
        "Net Interest Income": NaN,
        "Interest Expense": NaN,
        "Interest Income": NaN,
        "Normalized Income": 33916000000.0,
        "Net Income From Continuing And Discontinued Operation": 33916000000.0,
        "Total Expenses": 79202000000.0,
        "Total Operating Income As Reported": 40373000000.0,
        "Diluted Average Shares": 15576641000.0,
        "Basic Average Shares": 15509763000.0,
        "Diluted EPS": 2.18,
        "Basic EPS": 2.19,
        "Diluted NI Availto Com Stockholders": 33916000000.0,
        "Net Income Common Stockholders": 33916000000.0,
        "Net Income": 33916000000.0,
        "Net Income Including Noncontrolling Interests": 33916000000.0,
        "Net Income Continuous Operations": 33916000000.0,
        "Tax Provision": 6407000000.0,
        "Pretax Income": 40323000000.0,
        "Other Income Expense": -50000000.0,
        "Other Non Operating Income Expenses": -50000000.0,
        "Net Non Operating Interest Income Expense": NaN,
        "Interest Expense Non Operating": NaN,
        "Interest Income Non Operating": NaN,
        "Operating Income": 40373000000.0,
        "Operating Expense": 14482000000.0,
        "Research And Development": 7696000000.0,
        "Selling General And Administration": 6786000000.0,
        "Gross Profit": 54855000000.0,
        "Cost Of Revenue": 64720000000.0,
        "Total Revenue": 119575000000.0,
        "Operating Revenue": 119575000000.0
    },
    "2024-03-31": {
        "Tax Effect Of Unusual Items": 0.0,
        "Tax Rate For Calcs": 0.158,
        "Normalized EBITDA": 30736000000.0,
        "Net Income From Continuing Operation Net Minority Interest": 23636000000.0,
        "Reconciled Depreciation": 2836000000.0,
        "Reconciled Cost Of Revenue": 48482000000.0,
        "EBITDA": 30736000000.0,
        "EBIT": 27900000000.0,
        "Normalized Income": 23636000000.0,
        "Net Income From Continuing And Discontinued Operation": 23636000000.0,
        "Total Expenses": 62853000000.0,
        "Total Operating Income As Reported": 27900000000.0,
        "Diluted Average Shares": 15464709000.0,
        "Basic Average Shares": 15405856000.0,
        "Diluted EPS": 1.53,
        "Basic EPS": 1.53,
        "Diluted NI Availto Com Stockholders": 23636000000.0,
        "Net Income Common Stockholders": 23636000000.0,
        "Net Income": 23636000000.0,
        "Net Income Including Noncontrolling Interests": 23636000000.0,
        "Net Income Continuous Operations": 23636000000.0,
        "Tax Provision": 4422000000.0,
        "Pretax Income": 28058000000.0,
        "Other Income Expense": 158000000.0,
        "Other Non Operating Income Expenses": 158000000.0,
        "Operating Income": 27900000000.0,
        "Operating Expense": 14371000000.0,
        "Research And Development": 7903000000.0,
        "Selling General And Administration": 6468000000.0,
        "Gross Profit": 42271000000.0,
        "Cost Of Revenue": 48482000000.0,
        "Total Revenue": 90753000000.0,
        "Operating Revenue": 90753000000.0
    },
    "2024-06-30": {
        "Tax Effect Of Unusual Items": 0.0,
        "Tax Rate For Calcs": 0.159,
        "Normalized EBITDA": 28202000000.0,
        "Net Income From Continuing Operation Net Minority Interest": 21448000000.0,
        "Reconciled Depreciation": 2850000000.0,
        "Reconciled Cost Of Revenue": 46099000000.0,
        "EBITDA": 28202000000.0,
        "EBIT": 25352000000.0,
        "Normalized Income": 21448000000.0,
        "Net Income From Continuing And Discontinued Operation": 21448000000.0,
        "Total Expenses": 60425000000.0,
        "Total Operating Income As Reported": 25352000000.0,
        "Diluted Average Shares": 15348175000.0,
        "Basic Average Shares": 15287521000.0,
        "Diluted EPS": 1.4,
        "Basic EPS": 1.4,
        "Diluted NI Availto Com Stockholders": 21448000000.0,
        "Net Income Common Stockholders": 21448000000.0,
        "Net Income": 21448000000.0,
        "Net Income Including Noncontrolling Interests": 21448000000.0,
        "Net Income Continuous Operations": 21448000000.0,
        "Tax Provision": 4046000000.0,
        "Pretax Income": 25494000000.0,
        "Other Income Expense": 142000000.0,
        "Other Non Operating Income Expenses": 142000000.0,
        "Operating Income": 25352000000.0,
        "Operating Expense": 14326000000.0,
        "Research And Development": 8006000000.0,
        "Selling General And Administration": 6320000000.0,
        "Gross Profit": 39678000000.0,
        "Cost Of Revenue": 46099000000.0,
        "Total Revenue": 85777000000.0,
        "Operating Revenue": 85777000000.0
    },
    "2024-09-30": {
        "Tax Effect Of Unusual Items": 0.0,
        "Tax Rate For Calcs": 0.21,
        "Normalized EBITDA": 32502000000.0,
        "Net Income From Continuing Operation Net Minority Interest": 14736000000.0,
        "Reconciled Depreciation": 2911000000.0,
        "Reconciled Cost Of Revenue": 51051000000.0,
        "EBITDA": 32502000000.0,
        "EBIT": 29591000000.0,
        "Normalized Income": 14736000000.0,
        "Net Income From Continuing And Discontinued Operation": 14736000000.0,
        "Total Expenses": 65339000000.0,
        "Total Operating Income As Reported": 29591000000.0,
        "Diluted Average Shares": NaN,
        "Basic Average Shares": NaN,
        "Diluted EPS": NaN,
        "Basic EPS": NaN,
        "Diluted NI Availto Com Stockholders": 14736000000.0,
        "Net Income Common Stockholders": 14736000000.0,
        "Net Income": 14736000000.0,
        "Net Income Including Noncontrolling Interests": 14736000000.0,
        "Net Income Continuous Operations": 14736000000.0,
        "Tax Provision": 14874000000.0,
        "Pretax Income": 29610000000.0,
        "Other Income Expense": 19000000.0,
        "Other Non Operating Income Expenses": 19000000.0,
        "Operating Income": 29591000000.0,
        "Operating Expense": 14288000000.0,
        "Research And Development": 7765000000.0,
        "Selling General And Administration": 6523000000.0,
        "Gross Profit": 43879000000.0,
        "Cost Of Revenue": 51051000000.0,
        "Total Revenue": 94930000000.0,
        "Operating Revenue": 94930000000.0
    },
    "2024-12-31": {
        "Tax Effect Of Unusual Items": 0.0,
        "Tax Rate For Calcs": 0.147,
        "Normalized EBITDA": 45912000000.0,
        "Net Income From Continuing Operation Net Minority Interest": 36330000000.0,
        "Reconciled Depreciation": 3080000000.0,
        "Reconciled Cost Of Revenue": 66025000000.0,
        "EBITDA": 45912000000.0,
        "EBIT": 42832000000.0,
        "Normalized Income": 36330000000.0,
        "Net Income From Continuing And Discontinued Operation": 36330000000.0,
        "Total Expenses": 81468000000.0,
        "Total Operating Income As Reported": 42832000000.0,
        "Diluted Average Shares": 15150865000.0,
        "Basic Average Shares": 15081724000.0,
        "Diluted EPS": 2.4,
        "Basic EPS": 2.41,
        "Diluted NI Availto Com Stockholders": 36330000000.0,
        "Net Income Common Stockholders": 36330000000.0,
        "Net Income": 36330000000.0,
        "Net Income Including Noncontrolling Interests": 36330000000.0,
        "Net Income Continuous Operations": 36330000000.0,
        "Tax Provision": 6254000000.0,
        "Pretax Income": 42584000000.0,
        "Other Income Expense": -248000000.0,
        "Other Non Operating Income Expenses": -248000000.0,
        "Operating Income": 42832000000.0,
        "Operating Expense": 15443000000.0,
        "Research And Development": 8268000000.0,
        "Selling General And Administration": 7175000000.0,
        "Gross Profit": 58275000000.0,
        "Cost Of Revenue": 66025000000.0,
        "Total Revenue": 124300000000.0,
        "Operating Revenue": 124300000000.0
    },
    "2025-03-31": {
        "Tax Effect Of Unusual Items": 0.0,
        "Tax Rate For Calcs": 0.155,
        "Normalized EBITDA": 32250000000.0,
        "Net Income From Continuing Operation Net Minority Interest": 24780000000.0,
        "Reconciled Depreciation": 2661000000.0,
        "Reconciled Cost Of Revenue": 50492000000.0,
        "EBITDA": 32250000000.0,
        "EBIT": 29589000000.0,
        "Normalized Income": 24780000000.0,
        "Net Income From Continuing And Discontinued Operation": 24780000000.0,
        "Total Expenses": 65770000000.0,
        "Total Operating Income As Reported": 29589000000.0,
        "Diluted Average Shares": 15056133000.0,
        "Basic Average Shares": 14994082000.0,
        "Diluted EPS": 1.65,
        "Basic EPS": 1.65,
        "Diluted NI Availto Com Stockholders": 24780000000.0,
        "Net Income Common Stockholders": 24780000000.0,
        "Net Income": 24780000000.0,
        "Net Income Including Noncontrolling Interests": 24780000000.0,
        "Net Income Continuous Operations": 24780000000.0,
        "Tax Provision": 4530000000.0,
        "Pretax Income": 29310000000.0,
        "Other Income Expense": -279000000.0,
        "Other Non Operating Income Expenses": -279000000.0,
        "Operating Income": 29589000000.0,
        "Operating Expense": 15278000000.0,
        "Research And Development": 8550000000.0,
        "Selling General And Administration": 6728000000.0,
        "Gross Profit": 44867000000.0,
        "Cost Of Revenue": 50492000000.0,
        "Total Revenue": 95359000000.0,
        "Operating Revenue": 95359000000.0
    },
    "2025-06-30": {
        "Tax Effect Of Unusual Items": 0.0,
        "Tax Rate For Calcs": 0.164,
        "Normalized EBITDA": 31032000000.0,
        "Net Income From Continuing Operation Net Minority Interest": 23434000000.0,
        "Reconciled Depreciation": 2830000000.0,
        "Reconciled Cost Of Revenue": 50318000000.0,
        "EBITDA": 31032000000.0,
        "EBIT": 28202000000.0,
        "Normalized Income": 23434000000.0,
        "Net Income From Continuing And Discontinued Operation": 23434000000.0,
        "Total Expenses": 65834000000.0,
        "Total Operating Income As Reported": 28202000000.0,
        "Diluted Average Shares": 14948179000.0,
        "Basic Average Shares": 14902886000.0,
        "Diluted EPS": 1.57,
        "Basic EPS": 1.57,
        "Diluted NI Availto Com Stockholders": 23434000000.0,
        "Net Income Common Stockholders": 23434000000.0,
        "Net Income": 23434000000.0,
        "Net Income Including Noncontrolling Interests": 23434000000.0,
        "Net Income Continuous Operations": 23434000000.0,
        "Tax Provision": 4597000000.0,
        "Pretax Income": 28031000000.0,
        "Other Income Expense": -171000000.0,
        "Other Non Operating Income Expenses": -171000000.0,
        "Operating Income": 28202000000.0,
        "Operating Expense": 15516000000.0,
        "Research And Development": 8866000000.0,
        "Selling General And Administration": 6650000000.0,
        "Gross Profit": 43718000000.0,
        "Cost Of Revenue": 50318000000.0,
        "Total Revenue": 94036000000.0,
        "Operating Revenue": 94036000000.0
    },
    "2025-09-30": {
        "Tax Effect Of Unusual Items": 0.0,
        "Tax Rate For Calcs": 0.162724,
        "Normalized EBITDA": 35554000000.0,
        "Net Income From Continuing Operation Net Minority Interest": 27466000000.0,
        "Reconciled Depreciation": 3127000000.0,
        "Reconciled Cost Of Revenue": 54125000000.0,
        "EBITDA": 35554000000.0,
        "EBIT": 32427000000.0,
        "Normalized Income": 27466000000.0,
        "Net Income From Continuing And Discontinued Operation": 27466000000.0,
        "Total Expenses": 70039000000.0,
        "Total Operating Income As Reported": 32427000000.0,
        "Diluted Average Shares": 14863609000.0,
        "Basic Average Shares": 14815307000.0,
        "Diluted EPS": 1.85,
        "Basic EPS": 1.85,
        "Diluted NI Availto Com Stockholders": 27466000000.0,
        "Net Income Common Stockholders": 27466000000.0,
        "Net Income": 27466000000.0,
        "Net Income Including Noncontrolling Interests": 27466000000.0,
        "Net Income Continuous Operations": 27466000000.0,
        "Tax Provision": 5338000000.0,
        "Pretax Income": 32804000000.0,
        "Other Income Expense": 377000000.0,
        "Other Non Operating Income Expenses": 377000000.0,
        "Operating Income": 32427000000.0,
        "Operating Expense": 15914000000.0,
        "Research And Development": 8866000000.0,
        "Selling General And Administration": 7048000000.0,
        "Gross Profit": 48341000000.0,
        "Cost Of Revenue": 54125000000.0,
        "Total Revenue": 102466000000.0,
        "Operating Revenue": 102466000000.0
    },
    "2025-12-31": {
        "Tax Effect Of Unusual Items": 0.0,
        "Tax Rate For Calcs": 0.175,
        "Normalized EBITDA": 54066000000.0,
        "Net Income From Continuing Operation Net Minority Interest": 42097000000.0,
        "Reconciled Depreciation": 3214000000.0,
        "Reconciled Cost Of Revenue": 74525000000.0,
        "EBITDA": 54066000000.0,
        "EBIT": 50852000000.0,
        "Normalized Income": 42097000000.0,
        "Net Income From Continuing And Discontinued Operation": 42097000000.0,
        "Total Expenses": 92904000000.0,
        "Total Operating Income As Reported": 50852000000.0,
        "Diluted Average Shares": 14810356000.0,
        "Basic Average Shares": 14748158000.0,
        "Diluted EPS": 2.84,
        "Basic EPS": 2.85,
        "Diluted NI Availto Com Stockholders": 42097000000.0,
        "Net Income Common Stockholders": 42097000000.0,
        "Net Income": 42097000000.0,
        "Net Income Including Noncontrolling Interests": 42097000000.0,
        "Net Income Continuous Operations": 42097000000.0,
        "Tax Provision": 8905000000.0,
        "Pretax Income": 51002000000.0,
        "Other Income Expense": 150000000.0,
        "Other Non Operating Income Expenses": 150000000.0,
        "Operating Income": 50852000000.0,
        "Operating Expense": 18379000000.0,
        "Research And Development": 10887000000.0,
        "Selling General And Administration": 7492000000.0,
        "Gross Profit": 69231000000.0,
        "Cost Of Revenue": 74525000000.0,
        "Total Revenue": 143756000000.0,
        "Operating Revenue": 143756000000.0
    }
}