{
    "2023-03-31": {
        "Tax Effect Of Unusual Items": NaN,
        "Tax Rate For Calcs": NaN,
        "Normalized EBITDA": NaN,
        "Total Unusual Items": NaN,
        "Total Unusual Items Excluding Goodwill": NaN,
        "Net Income From Continuing Operation Net Minority Interest": NaN,
        "Reconciled Depreciation": NaN,
        "Reconciled Cost Of Revenue": NaN,
        "EBITDA": NaN,
        "EBIT": NaN,
        "Net Interest Income": NaN,
        "Interest Expense": NaN,
        "Interest Income": NaN,
        "Normalized Income": NaN,
        "Net Income From Continuing And Discontinued Operation": NaN,
        "Total Expenses": NaN,
        "Total Operating Income As Reported": NaN,
        "Diluted Average Shares": NaN,
        "Basic Average Shares": NaN,
        "Diluted EPS": NaN,
        "Basic EPS": NaN,
        "Diluted NI Availto Com Stockholders": NaN,
        "Average Dilution Earnings": NaN,
        "Net Income Common Stockholders": NaN,
        "Net Income": NaN,
        "Net Income Including Noncontrolling Interests": NaN,
        "Net Income Continuous Operations": NaN,
        "Pretax Income": NaN,
        "Other Income Expense": NaN,
        "Other Non Operating Income Expenses": NaN,
        "Special Income Charges": NaN,
        "Gain On Sale Of Ppe": NaN,
        "Impairment Of Capital Assets": 0.0,
        "Gain On Sale Of Security": NaN,
        "Net Non Operating Interest Income Expense": NaN,
        "Interest Expense Non Operating": NaN,
        "Interest Income Non Operating": NaN,
        "Operating Income": NaN,
        "Operating Expense": NaN,
        "Research And Development": NaN,
        "Selling General And Administration": NaN,
        "General And Administrative Expense": NaN,
        "Other Gand A": NaN,
        "Gross Profit": NaN,
        "Cost Of Revenue": NaN,
        "Total Revenue": NaN,
        "Operating Revenue": NaN
    },
    "2022-12-31": {
        "Tax Effect Of Unusual Items": NaN,
        "Tax Rate For Calcs": NaN,
        "Normalized EBITDA": NaN,
        "Total Unusual Items": NaN,
        "Total Unusual Items Excluding Goodwill": NaN,
        "Net Income From Continuing Operation Net Minority Interest": NaN,
        "Reconciled Depreciation": NaN,
        "Reconciled Cost Of Revenue": 100000.0,
        "EBITDA": NaN,
        "EBIT": NaN,
        "Net Interest Income": NaN,
        "Interest Expense": NaN,
        "Interest Income": NaN,
        "Normalized Income": NaN,
        "Net Income From Continuing And Discontinued Operation": NaN,
        "Total Expenses": NaN,
        "Total Operating Income As Reported": NaN,
        "Diluted Average Shares": NaN,
        "Basic Average Shares": NaN,
        "Diluted EPS": NaN,
        "Basic EPS": NaN,
        "Diluted NI Availto Com Stockholders": NaN,
        "Average Dilution Earnings": NaN,
        "Net Income Common Stockholders": NaN,
        "Preferred Stock Dividends": 0.0,
        "Net Income": NaN,
        "Net Income Including Noncontrolling Interests": NaN,
        "Net Income Continuous Operations": NaN,
        "Pretax Income": NaN,
        "Other Income Expense": NaN,
        "Other Non Operating Income Expenses": NaN,
        "Special Income Charges": NaN,
        "Gain On Sale Of Ppe": NaN,
        "Impairment Of Capital Assets": 950000.0,
        "Gain On Sale Of Security": NaN,
        "Net Non Operating Interest Income Expense": NaN,
        "Interest Expense Non Operating": NaN,
        "Interest Income Non Operating": NaN,
        "Operating Income": NaN,
        "Operating Expense": NaN,
        "Research And Development": NaN,
        "Selling General And Administration": NaN,
        "General And Administrative Expense": NaN,
        "Other Gand A": NaN,
        "Gross Profit": -32000.0,
        "Cost Of Revenue": 100000.0,
        "Total Revenue": NaN,
        "Operating Revenue": NaN
    },
    "2022-09-30": {
        "Tax Effect Of Unusual Items": NaN,
        "Tax Rate For Calcs": NaN,
        "Normalized EBITDA": NaN,
        "Total Unusual Items": NaN,
        "Total Unusual Items Excluding Goodwill": NaN,
        "Net Income From Continuing Operation Net Minority Interest": NaN,
        "Reconciled Depreciation": NaN,
        "Reconciled Cost Of Revenue": 0.0,
        "EBITDA": NaN,
        "EBIT": NaN,
        "Net Interest Income": NaN,
        "Interest Expense": NaN,
        "Interest Income": NaN,
        "Normalized Income": NaN,
        "Net Income From Continuing And Discontinued Operation": NaN,
        "Total Expenses": NaN,
        "Total Operating Income As Reported": NaN,
        "Diluted Average Shares": 6421245.0,
        "Basic Average Shares": 6421245.0,
        "Diluted EPS": -1.0,
        "Basic EPS": -1.0,
        "Diluted NI Availto Com Stockholders": NaN,
        "Net Income Common Stockholders": NaN,
        "Preferred Stock Dividends": NaN,
        "Net Income": NaN,
        "Net Income Including Noncontrolling Interests": NaN,
        "Net Income Continuous Operations": NaN,
        "Pretax Income": NaN,
        "Other Income Expense": NaN,
        "Other Non Operating Income Expenses": NaN,
        "Special Income Charges": NaN,
        "Gain On Sale Of Ppe": 0.0,
        "Impairment Of Capital Assets": NaN,
        "Gain On Sale Of Security": NaN,
        "Net Non Operating Interest Income Expense": NaN,
        "Interest Expense Non Operating": NaN,
        "Interest Income Non Operating": NaN,
        "Operating Income": NaN,
        "Operating Expense": NaN,
        "Research And Development": NaN,
        "Selling General And Administration": NaN,
        "General And Administrative Expense": NaN,
        "Other Gand A": NaN,
        "Gross Profit": 0.0,
        "Cost Of Revenue": 0.0,
        "Total Revenue": NaN,
        "Operating Revenue": NaN
    },
    "2022-06-30": {
        "Tax Effect Of Unusual Items": 0.0,
        "Tax Rate For Calcs": 0.0,
        "Normalized EBITDA": -8068000.0,
        "Total Unusual Items": 1460000.0,
        "Total Unusual Items Excluding Goodwill": 1460000.0,
        "Net Income From Continuing Operation Net Minority Interest": -8295000.0,
        "Reconciled Depreciation": 1370000.0,
        "Reconciled Cost Of Revenue": 350000.0,
        "EBITDA": -6608000.0,
        "EBIT": -7978000.0,
        "Net Interest Income": -287000.0,
        "Interest Expense": 317000.0,
        "Interest Income": 30000.0,
        "Normalized Income": -9755000.0,
        "Net Income From Continuing And Discontinued Operation": -8295000.0,
        "Total Expenses": 10468000.0,
        "Total Operating Income As Reported": -8008000.0,
        "Diluted Average Shares": 5806473.0,
        "Basic Average Shares": 5806473.0,
        "Diluted EPS": -1.36,
        "Basic EPS": -1.36,
        "Diluted NI Availto Com Stockholders": -12077000.0,
        "Net Income Common Stockholders": -12077000.0,
        "Preferred Stock Dividends": 3782000.0,
        "Net Income": -8295000.0,
        "Net Income Including Noncontrolling Interests": -8295000.0,
        "Net Income Continuous Operations": -8295000.0,
        "Pretax Income": -8295000.0,
        "Other Income Expense": 1460000.0,
        "Other Non Operating Income Expenses": NaN,
        "Special Income Charges": 1460000.0,
        "Gain On Sale Of Ppe": NaN,
        "Impairment Of Capital Assets": -1460000.0,
        "Gain On Sale Of Security": NaN,
        "Net Non Operating Interest Income Expense": -287000.0,
        "Interest Expense Non Operating": 317000.0,
        "Interest Income Non Operating": 30000.0,
        "Operating Income": -9468000.0,
        "Operating Expense": 10118000.0,
        "Research And Development": 6658000.0,
        "Selling General And Administration": 3460000.0,
        "General And Administrative Expense": 3460000.0,
        "Other Gand A": 3460000.0,
        "Gross Profit": 650000.0,
        "Cost Of Revenue": 350000.0,
        "Total Revenue": 1000000.0,
        "Operating Revenue": 1000000.0
    },
    "2022-03-31": {
        "Diluted EPS": -3.8,
        "Total Revenue": 0,
        "Gross Profit": 0,
        "Operating Income": -21,
        "EBIT": -19,
        "Net Income": -22
    },
    "2021-12-31": {
        "Diluted EPS": -11.59,
        "Total Revenue": NaN,
        "Gross Profit": NaN,
        "Operating Income": -50,
        "EBIT": -48,
        "Net Income": -47
    },
    "2021-09-30": {
        "Diluted EPS": -1.8,
        "Total Revenue": NaN,
        "Gross Profit": NaN,
        "Operating Income": -15,
        "EBIT": -14,
        "Net Income": -7
    },
    "2021-06-30": {
        "Diluted EPS": -3.93,
        "Total Revenue": NaN,
        "Gross Profit": NaN,
        "Operating Income": -14,
        "EBIT": -13,
        "Net Income": -15
    },
    "2021-03-31": {
        "Diluted EPS": -4.25,
        "Total Revenue": NaN,
        "Gross Profit": NaN,
        "Operating Income": -15,
        "EBIT": -14,
        "Net Income": -16
    },
    "2020-12-31": {
        "Diluted EPS": -4.25,
        "Total Revenue": 3,
        "Gross Profit": 3,
        "Operating Income": -14,
        "EBIT": -13,
        "Net Income": -16
    },
    "2020-09-30": {
        "Diluted EPS": -2.0,
        "Total Revenue": 7,
        "Gross Profit": 7,
        "Operating Income": -6,
        "EBIT": -5,
        "Net Income": -7
    },
    "2020-06-30": {
        "Diluted EPS": -3.5,
        "Total Revenue": NaN,
        "Gross Profit": NaN,
        "Operating Income": -12,
        "EBIT": -11,
        "Net Income": -13
    },
    "2020-03-31": {
        "Diluted EPS": -13.0,
        "Total Revenue": NaN,
        "Gross Profit": NaN,
        "Operating Income": -48,
        "EBIT": -46,
        "Net Income": -48
    },
    "2019-12-31": {
        "Diluted EPS": -7.0,
        "Total Revenue": NaN,
        "Gross Profit": NaN,
        "Operating Income": -16,
        "EBIT": -14,
        "Net Income": -16
    },
    "2019-09-30": {
        "Diluted EPS": -8.75,
        "Total Revenue": NaN,
        "Gross Profit": NaN,
        "Operating Income": -18,
        "EBIT": -16,
        "Net Income": -17
    },
    "2019-06-30": {
        "Diluted EPS": -12.25,
        "Total Revenue": NaN,
        "Gross Profit": NaN,
        "Operating Income": -24,
        "EBIT": -22,
        "Net Income": -24
    },
    "2019-03-31": {
        "Diluted EPS": -9.75,
        "Total Revenue": NaN,
        "Gross Profit": NaN,
        "Operating Income": -19,
        "EBIT": -17,
        "Net Income": -19
    },
    "2018-12-31": {
        "Diluted EPS": -9.25,
        "Total Revenue": 0,
        "Gross Profit": 0,
        "Operating Income": -18,
        "EBIT": -17,
        "Net Income": -17
    },
    "2018-09-30": {
        "Diluted EPS": -8.5,
        "Total Revenue": 2,
        "Gross Profit": 2,
        "Operating Income": -17,
        "EBIT": -16,
        "Net Income": -16
    },
    "2018-06-30": {
        "Diluted EPS": -6.5,
        "Total Revenue": 0,
        "Gross Profit": 0,
        "Operating Income": -13,
        "EBIT": -12,
        "Net Income": -12
    },
    "2018-03-31": {
        "Diluted EPS": -5.5,
        "Total Revenue": 1,
        "Gross Profit": 1,
        "Operating Income": -11,
        "EBIT": -11,
        "Net Income": -11
    },
    "2017-12-31": {
        "Diluted EPS": -4.75,
        "Total Revenue": 0,
        "Gross Profit": 0,
        "Operating Income": -9,
        "EBIT": -9,
        "Net Income": -8
    },
    "2017-09-30": {
        "Diluted EPS": -3.25,
        "Total Revenue": 0,
        "Gross Profit": 0,
        "Operating Income": -5,
        "EBIT": -5,
        "Net Income": -5
    },
    "2017-06-30": {
        "Diluted EPS": -5.25,
        "Total Revenue": 0,
        "Gross Profit": 0,
        "Operating Income": -8,
        "EBIT": -8,
        "Net Income": -8
    },
    "2017-03-31": {
        "Diluted EPS": -3.25,
        "Total Revenue": 0,
        "Gross Profit": 0,
        "Operating Income": -5,
        "EBIT": -5,
        "Net Income": -5
    },
    "2016-12-31": {
        "Diluted EPS": -4.75,
        "Total Revenue": 0,
        "Gross Profit": 0,
        "Operating Income": -6,
        "EBIT": -6,
        "Net Income": -7
    },
    "2016-09-30": {
        "Diluted EPS": -2.0,
        "Total Revenue": 0,
        "Gross Profit": 0,
        "Operating Income": -5,
        "EBIT": -5,
        "Net Income": -3
    },
    "2016-06-30": {
        "Diluted EPS": -5.0,
        "Total Revenue": 0,
        "Gross Profit": 0,
        "Operating Income": -7,
        "EBIT": -7,
        "Net Income": -7
    },
    "2016-03-31": {
        "Diluted EPS": -4.25,
        "Total Revenue": 0,
        "Gross Profit": 0,
        "Operating Income": -6,
        "EBIT": -6,
        "Net Income": -6
    },
    "2015-12-31": {
        "Diluted EPS": -2.0,
        "Total Revenue": 0,
        "Gross Profit": 0,
        "Operating Income": -6,
        "EBIT": -6,
        "Net Income": -2
    },
    "2015-09-30": {
        "Diluted EPS": -4.75,
        "Total Revenue": 0,
        "Gross Profit": 0,
        "Operating Income": -6,
        "EBIT": -6,
        "Net Income": -6
    },
    "2015-06-30": {
        "Diluted EPS": -4.0,
        "Total Revenue": 0,
        "Gross Profit": 0,
        "Operating Income": -4,
        "EBIT": -4,
        "Net Income": -4
    },
    "2015-03-31": {
        "Diluted EPS": -2.5,
        "Total Revenue": 0,
        "Gross Profit": 0,
        "Operating Income": -2,
        "EBIT": -2,
        "Net Income": -2
    },
    "2014-12-31": {
        "Diluted EPS": 430.25,
        "Total Revenue": 0,
        "Gross Profit": 0,
        "Operating Income": 0,
        "EBIT": -2,
        "Net Income": -13
    },
    "2014-09-30": {
        "Diluted EPS": -103.75,
        "Total Revenue": 0,
        "Gross Profit": 0,
        "Operating Income": -1,
        "EBIT": 1,
        "Net Income": -2
    },
    "2014-06-30": {
        "Diluted EPS": -631.5,
        "Total Revenue": 0,
        "Gross Profit": 0,
        "Operating Income": -1,
        "EBIT": -1,
        "Net Income": -13
    },
    "2014-03-31": {
        "Diluted EPS": -76.5,
        "Total Revenue": 0,
        "Gross Profit": 0,
        "Operating Income": -1,
        "EBIT": -1,
        "Net Income": -2
    },
    "2013-12-31": {
        "Diluted EPS": -79.75,
        "Total Revenue": 0,
        "Gross Profit": 0,
        "Operating Income": -1,
        "EBIT": -1,
        "Net Income": -2
    },
    "2013-09-30": {
        "Diluted EPS": -44.25,
        "Total Revenue": 0,
        "Gross Profit": 0,
        "Operating Income": -1,
        "EBIT": -1,
        "Net Income": -1
    },
    "2013-06-30": {
        "Diluted EPS": 37.5,
        "Total Revenue": 0,
        "Gross Profit": 0,
        "Operating Income": -2,
        "EBIT": -2,
        "Net Income": 1
    },
    "2013-03-31": {
        "Diluted EPS": 162.5,
        "Total Revenue": 1,
        "Gross Profit": 1,
        "Operating Income": -1,
        "EBIT": -1,
        "Net Income": 3
    },
    "2012-12-31": {
        "Diluted EPS": 987.5,
        "Total Revenue": 1,
        "Gross Profit": 1,
        "Operating Income": -1,
        "EBIT": -1,
        "Net Income": 19
    },
    "2012-09-30": {
        "Diluted EPS": -787.5,
        "Total Revenue": 1,
        "Gross Profit": 1,
        "Operating Income": -1,
        "EBIT": -1,
        "Net Income": -15
    },
    "2012-06-30": {
        "Diluted EPS": -575.0,
        "Total Revenue": 1,
        "Gross Profit": 1,
        "Operating Income": -1,
        "EBIT": -1,
        "Net Income": -11
    },
    "2012-03-31": {
        "Diluted EPS": -275.0,
        "Total Revenue": 2,
        "Gross Profit": 2,
        "Operating Income": -1,
        "EBIT": -1,
        "Net Income": -5
    },
    "2011-12-31": {
        "Diluted EPS": -12.5,
        "Total Revenue": 0,
        "Gross Profit": 1,
        "Operating Income": -2,
        "EBIT": -2,
        "Net Income": 0
    },
    "2011-09-30": {
        "Diluted EPS": 0.0,
        "Total Revenue": 1,
        "Gross Profit": 1,
        "Operating Income": -2,
        "EBIT": -2,
        "Net Income": 0
    },
    "2011-06-30": {
        "Diluted EPS": -112.5,
        "Total Revenue": 0,
        "Gross Profit": 0,
        "Operating Income": -2,
        "EBIT": -2,
        "Net Income": -2
    },
    "2011-03-31": {
        "Diluted EPS": -150.0,
        "Total Revenue": 0,
        "Gross Profit": 0,
        "Operating Income": -2,
        "EBIT": -2,
        "Net Income": -2
    },
    "2010-12-31": {
        "Diluted EPS": 150.0,
        "Total Revenue": 0,
        "Gross Profit": 0,
        "Operating Income": -2,
        "EBIT": -2,
        "Net Income": 2
    },
    "2010-09-30": {
        "Diluted EPS": NaN,
        "Total Revenue": 0,
        "Gross Profit": 0,
        "Operating Income": -2,
        "EBIT": -2,
        "Net Income": -13
    },
    "2010-06-30": {
        "Diluted EPS": 87.5,
        "Total Revenue": 0,
        "Gross Profit": 0,
        "Operating Income": -2,
        "EBIT": -2,
        "Net Income": 1
    },
    "2010-03-31": {
        "Diluted EPS": 50.0,
        "Total Revenue": 0,
        "Gross Profit": 0,
        "Operating Income": -2,
        "EBIT": -2,
        "Net Income": 1
    },
    "2009-12-31": {
        "Diluted EPS": -975.0,
        "Total Revenue": 0,
        "Gross Profit": 0,
        "Operating Income": -2,
        "EBIT": -2,
        "Net Income": -9
    },
    "2009-09-30": {
        "Diluted EPS": -462.5,
        "Total Revenue": 0,
        "Gross Profit": 0,
        "Operating Income": -4,
        "EBIT": -4,
        "Net Income": -5
    },
    "2009-06-30": {
        "Diluted EPS": -300.0,
        "Total Revenue": 0,
        "Gross Profit": 0,
        "Operating Income": -2,
        "EBIT": -2,
        "Net Income": -3
    },
    "2009-03-31": {
        "Diluted EPS": -300.0,
        "Total Revenue": 0,
        "Gross Profit": 0,
        "Operating Income": -2,
        "EBIT": -2,
        "Net Income": -3
    },
    "2023-06-30": {
        "Tax Effect Of Unusual Items": NaN,
        "Tax Rate For Calcs": NaN,
        "Normalized EBITDA": NaN,
        "Total Unusual Items": NaN,
        "Total Unusual Items Excluding Goodwill": NaN,
        "Net Income From Continuing Operation Net Minority Interest": NaN,
        "Reconciled Depreciation": NaN,
        "Reconciled Cost Of Revenue": NaN,
        "EBITDA": NaN,
        "EBIT": NaN,
        "Net Interest Income": NaN,
        "Interest Expense": NaN,
        "Interest Income": NaN,
        "Normalized Income": NaN,
        "Net Income From Continuing And Discontinued Operation": NaN,
        "Total Expenses": NaN,
        "Total Operating Income As Reported": NaN,
        "Diluted Average Shares": 18017874.0,
        "Basic Average Shares": 18017874.0,
        "Diluted EPS": -0.92,
        "Basic EPS": -0.92,
        "Diluted NI Availto Com Stockholders": NaN,
        "Average Dilution Earnings": 0.0,
        "Net Income Common Stockholders": NaN,
        "Net Income": NaN,
        "Net Income Including Noncontrolling Interests": NaN,
        "Net Income Continuous Operations": NaN,
        "Pretax Income": NaN,
        "Other Income Expense": NaN,
        "Other Non Operating Income Expenses": NaN,
        "Special Income Charges": NaN,
        "Gain On Sale Of Ppe": NaN,
        "Impairment Of Capital Assets": 0.0,
        "Gain On Sale Of Security": NaN,
        "Net Non Operating Interest Income Expense": NaN,
        "Interest Expense Non Operating": NaN,
        "Interest Income Non Operating": NaN,
        "Operating Income": NaN,
        "Operating Expense": NaN,
        "Research And Development": NaN,
        "Selling General And Administration": NaN,
        "General And Administrative Expense": NaN,
        "Other Gand A": NaN,
        "Gross Profit": NaN,
        "Cost Of Revenue": NaN,
        "Total Revenue": NaN,
        "Operating Revenue": NaN
    },
    "2023-09-30": {
        "Tax Effect Of Unusual Items": NaN,
        "Tax Rate For Calcs": NaN,
        "Normalized EBITDA": NaN,
        "Total Unusual Items": NaN,
        "Total Unusual Items Excluding Goodwill": NaN,
        "Net Income From Continuing Operation Net Minority Interest": NaN,
        "Reconciled Depreciation": NaN,
        "Reconciled Cost Of Revenue": 30000.0,
        "EBITDA": NaN,
        "EBIT": NaN,
        "Net Interest Income": NaN,
        "Interest Expense": NaN,
        "Interest Income": NaN,
        "Normalized Income": NaN,
        "Net Income From Continuing And Discontinued Operation": NaN,
        "Total Expenses": NaN,
        "Total Operating Income As Reported": NaN,
        "Diluted Average Shares": 24797564.0,
        "Basic Average Shares": 24797564.0,
        "Diluted EPS": -0.48,
        "Basic EPS": -0.48,
        "Diluted NI Availto Com Stockholders": NaN,
        "Average Dilution Earnings": NaN,
        "Net Income Common Stockholders": NaN,
        "Net Income": NaN,
        "Net Income Including Noncontrolling Interests": NaN,
        "Net Income Continuous Operations": NaN,
        "Pretax Income": NaN,
        "Other Income Expense": NaN,
        "Other Non Operating Income Expenses": NaN,
        "Special Income Charges": 0.0,
        "Gain On Sale Of Ppe": 0.0,
        "Impairment Of Capital Assets": 0.0,
        "Gain On Sale Of Security": NaN,
        "Net Non Operating Interest Income Expense": NaN,
        "Interest Expense Non Operating": NaN,
        "Interest Income Non Operating": NaN,
        "Operating Income": NaN,
        "Operating Expense": NaN,
        "Research And Development": NaN,
        "Selling General And Administration": NaN,
        "General And Administrative Expense": NaN,
        "Other Gand A": NaN,
        "Gross Profit": -30000.0,
        "Cost Of Revenue": 30000.0,
        "Total Revenue": NaN,
        "Operating Revenue": NaN
    },
    "2023-12-31": {
        "Tax Effect Of Unusual Items": NaN,
        "Tax Rate For Calcs": NaN,
        "Normalized EBITDA": NaN,
        "Total Unusual Items": NaN,
        "Total Unusual Items Excluding Goodwill": NaN,
        "Net Income From Continuing Operation Net Minority Interest": NaN,
        "Reconciled Depreciation": NaN,
        "Reconciled Cost Of Revenue": 0.0,
        "EBITDA": NaN,
        "EBIT": NaN,
        "Net Interest Income": NaN,
        "Interest Expense": NaN,
        "Interest Income": NaN,
        "Normalized Income": NaN,
        "Net Income From Continuing And Discontinued Operation": NaN,
        "Total Expenses": NaN,
        "Total Operating Income As Reported": NaN,
        "Diluted Average Shares": NaN,
        "Basic Average Shares": NaN,
        "Diluted EPS": NaN,
        "Basic EPS": NaN,
        "Diluted NI Availto Com Stockholders": NaN,
        "Average Dilution Earnings": NaN,
        "Net Income Common Stockholders": NaN,
        "Net Income": NaN,
        "Net Income Including Noncontrolling Interests": NaN,
        "Net Income Continuous Operations": NaN,
        "Tax Provision": NaN,
        "Pretax Income": NaN,
        "Other Income Expense": NaN,
        "Other Non Operating Income Expenses": NaN,
        "Special Income Charges": 0.0,
        "Gain On Sale Of Ppe": 0.0,
        "Impairment Of Capital Assets": 0.0,
        "Gain On Sale Of Security": NaN,
        "Net Non Operating Interest Income Expense": NaN,
        "Interest Expense Non Operating": NaN,
        "Interest Income Non Operating": NaN,
        "Operating Income": NaN,
        "Operating Expense": NaN,
        "Research And Development": NaN,
        "Selling General And Administration": NaN,
        "General And Administrative Expense": NaN,
        "Other Gand A": NaN,
        "Gross Profit": 0.0,
        "Cost Of Revenue": 0.0,
        "Total Revenue": NaN,
        "Operating Revenue": NaN
    },
    "2024-03-31": {
        "Tax Effect Of Unusual Items": NaN,
        "Tax Rate For Calcs": NaN,
        "Normalized EBITDA": NaN,
        "Total Unusual Items": NaN,
        "Total Unusual Items Excluding Goodwill": NaN,
        "Net Income From Continuing Operation Net Minority Interest": NaN,
        "Reconciled Depreciation": NaN,
        "Reconciled Cost Of Revenue": NaN,
        "EBITDA": NaN,
        "EBIT": NaN,
        "Net Interest Income": NaN,
        "Interest Expense": NaN,
        "Interest Income": NaN,
        "Normalized Income": NaN,
        "Net Income From Continuing And Discontinued Operation": NaN,
        "Total Expenses": NaN,
        "Total Operating Income As Reported": NaN,
        "Diluted Average Shares": 27315537.0,
        "Basic Average Shares": 27315537.0,
        "Diluted EPS": -1.16,
        "Basic EPS": -1.16,
        "Diluted NI Availto Com Stockholders": NaN,
        "Average Dilution Earnings": NaN,
        "Net Income Common Stockholders": NaN,
        "Net Income": NaN,
        "Net Income Including Noncontrolling Interests": NaN,
        "Net Income Continuous Operations": NaN,
        "Tax Provision": NaN,
        "Pretax Income": NaN,
        "Other Income Expense": NaN,
        "Other Non Operating Income Expenses": NaN,
        "Special Income Charges": NaN,
        "Gain On Sale Of Ppe": NaN,
        "Gain On Sale Of Security": NaN,
        "Net Non Operating Interest Income Expense": NaN,
        "Interest Expense Non Operating": NaN,
        "Interest Income Non Operating": NaN,
        "Operating Income": NaN,
        "Operating Expense": NaN,
        "Research And Development": NaN,
        "Selling General And Administration": NaN,
        "General And Administrative Expense": NaN,
        "Other Gand A": NaN,
        "Gross Profit": NaN,
        "Cost Of Revenue": NaN,
        "Total Revenue": NaN,
        "Operating Revenue": NaN
    },
    "2024-06-30": {
        "Tax Effect Of Unusual Items": NaN,
        "Tax Rate For Calcs": NaN,
        "Normalized EBITDA": NaN,
        "Total Unusual Items": NaN,
        "Total Unusual Items Excluding Goodwill": NaN,
        "Net Income From Continuing Operation Net Minority Interest": NaN,
        "Reconciled Depreciation": NaN,
        "Reconciled Cost Of Revenue": 0.0,
        "EBITDA": NaN,
        "EBIT": NaN,
        "Net Interest Income": NaN,
        "Interest Expense": NaN,
        "Interest Income": NaN,
        "Normalized Income": NaN,
        "Net Income From Continuing And Discontinued Operation": NaN,
        "Total Expenses": NaN,
        "Total Operating Income As Reported": NaN,
        "Diluted Average Shares": 51226715.0,
        "Basic Average Shares": 40010481.0,
        "Diluted EPS": -0.26,
        "Basic EPS": 0.19,
        "Diluted NI Availto Com Stockholders": NaN,
        "Average Dilution Earnings": -20854000.0,
        "Net Income Common Stockholders": NaN,
        "Net Income": NaN,
        "Net Income Including Noncontrolling Interests": NaN,
        "Net Income Continuous Operations": NaN,
        "Tax Provision": 0.0,
        "Pretax Income": NaN,
        "Other Income Expense": NaN,
        "Other Non Operating Income Expenses": NaN,
        "Special Income Charges": 0.0,
        "Gain On Sale Of Ppe": 0.0,
        "Gain On Sale Of Security": NaN,
        "Net Non Operating Interest Income Expense": NaN,
        "Interest Expense Non Operating": NaN,
        "Interest Income Non Operating": NaN,
        "Operating Income": NaN,
        "Operating Expense": NaN,
        "Research And Development": NaN,
        "Selling General And Administration": NaN,
        "General And Administrative Expense": NaN,
        "Other Gand A": NaN,
        "Gross Profit": 0.0,
        "Cost Of Revenue": 0.0,
        "Total Revenue": NaN,
        "Operating Revenue": NaN
    },
    "2024-09-30": {
        "Tax Effect Of Unusual Items": 0.0,
        "Tax Rate For Calcs": 0.0,
        "Normalized EBITDA": -13289000.0,
        "Total Unusual Items": -15156000.0,
        "Total Unusual Items Excluding Goodwill": -15156000.0,
        "Net Income From Continuing Operation Net Minority Interest": -30269000.0,
        "Reconciled Depreciation": 722000.0,
        "Reconciled Cost Of Revenue": 0.0,
        "EBITDA": -28445000.0,
        "EBIT": -29167000.0,
        "Net Interest Income": 87000.0,
        "Interest Expense": 1102000.0,
        "Interest Income": 1189000.0,
        "Normalized Income": -15113000.0,
        "Net Income From Continuing And Discontinued Operation": -30269000.0,
        "Total Expenses": 15345000.0,
        "Total Operating Income As Reported": -15345000.0,
        "Diluted Average Shares": 48081758.0,
        "Basic Average Shares": 48081758.0,
        "Diluted EPS": -0.63,
        "Basic EPS": -0.63,
        "Diluted NI Availto Com Stockholders": -30269000.0,
        "Average Dilution Earnings": NaN,
        "Net Income Common Stockholders": -30269000.0,
        "Net Income": -30269000.0,
        "Net Income Including Noncontrolling Interests": -30269000.0,
        "Net Income Continuous Operations": -30269000.0,
        "Tax Provision": 0.0,
        "Pretax Income": -30269000.0,
        "Other Income Expense": -15011000.0,
        "Other Non Operating Income Expenses": 145000.0,
        "Special Income Charges": 0.0,
        "Gain On Sale Of Ppe": 0.0,
        "Gain On Sale Of Security": -15156000.0,
        "Net Non Operating Interest Income Expense": 87000.0,
        "Interest Expense Non Operating": 1102000.0,
        "Interest Income Non Operating": 1189000.0,
        "Operating Income": -15345000.0,
        "Operating Expense": 15345000.0,
        "Research And Development": 8941000.0,
        "Selling General And Administration": 6404000.0,
        "General And Administrative Expense": 6404000.0,
        "Other Gand A": 6404000.0,
        "Gross Profit": 0.0,
        "Cost Of Revenue": 0.0,
        "Total Revenue": 0.0,
        "Operating Revenue": 0.0
    },
    "2024-12-31": {
        "Tax Effect Of Unusual Items": 0.0,
        "Tax Rate For Calcs": 0.0,
        "Normalized EBITDA": -14210000.0,
        "Total Unusual Items": 6775000.0,
        "Total Unusual Items Excluding Goodwill": 6775000.0,
        "Net Income From Continuing Operation Net Minority Interest": -9293000.0,
        "Reconciled Depreciation": 776000.0,
        "Reconciled Cost Of Revenue": 0.0,
        "EBITDA": -7435000.0,
        "EBIT": -8211000.0,
        "Net Interest Income": -59000.0,
        "Interest Expense": 1082000.0,
        "Interest Income": 1023000.0,
        "Normalized Income": -16068000.0,
        "Net Income From Continuing And Discontinued Operation": -9293000.0,
        "Total Expenses": 16672000.0,
        "Total Operating Income As Reported": -16672000.0,
        "Diluted Average Shares": NaN,
        "Basic Average Shares": NaN,
        "Diluted EPS": NaN,
        "Basic EPS": NaN,
        "Diluted NI Availto Com Stockholders": -9293000.0,
        "Average Dilution Earnings": NaN,
        "Net Income Common Stockholders": -9293000.0,
        "Net Income": -9293000.0,
        "Net Income Including Noncontrolling Interests": -9293000.0,
        "Net Income Continuous Operations": -9293000.0,
        "Tax Provision": NaN,
        "Pretax Income": -9293000.0,
        "Other Income Expense": 7438000.0,
        "Other Non Operating Income Expenses": 663000.0,
        "Special Income Charges": 0.0,
        "Gain On Sale Of Ppe": 0.0,
        "Gain On Sale Of Security": 6775000.0,
        "Net Non Operating Interest Income Expense": -59000.0,
        "Interest Expense Non Operating": 1082000.0,
        "Interest Income Non Operating": 1023000.0,
        "Operating Income": -16672000.0,
        "Operating Expense": 16672000.0,
        "Research And Development": 8994000.0,
        "Selling General And Administration": 7678000.0,
        "General And Administrative Expense": 7678000.0,
        "Other Gand A": 7678000.0,
        "Gross Profit": 0.0,
        "Cost Of Revenue": 0.0,
        "Total Revenue": 0.0,
        "Operating Revenue": 0.0
    },
    "2025-03-31": {
        "Tax Effect Of Unusual Items": 0.0,
        "Tax Rate For Calcs": 0.0,
        "Normalized EBITDA": -17461000.0,
        "Total Unusual Items": 7245000.0,
        "Total Unusual Items Excluding Goodwill": 7245000.0,
        "Net Income From Continuing Operation Net Minority Interest": -12029000.0,
        "Reconciled Depreciation": 815000.0,
        "Reconciled Cost Of Revenue": NaN,
        "EBITDA": -10216000.0,
        "EBIT": -11031000.0,
        "Net Interest Income": 312000.0,
        "Interest Expense": 998000.0,
        "Interest Income": 1310000.0,
        "Normalized Income": -19274000.0,
        "Net Income From Continuing And Discontinued Operation": -12029000.0,
        "Total Expenses": 19727000.0,
        "Total Operating Income As Reported": -19727000.0,
        "Diluted Average Shares": 49778801.0,
        "Basic Average Shares": 49778801.0,
        "Diluted EPS": -0.24,
        "Basic EPS": -0.24,
        "Diluted NI Availto Com Stockholders": -12029000.0,
        "Average Dilution Earnings": NaN,
        "Net Income Common Stockholders": -12029000.0,
        "Net Income": -12029000.0,
        "Net Income Including Noncontrolling Interests": -12029000.0,
        "Net Income Continuous Operations": -12029000.0,
        "Tax Provision": NaN,
        "Pretax Income": -12029000.0,
        "Other Income Expense": 7386000.0,
        "Other Non Operating Income Expenses": 141000.0,
        "Special Income Charges": NaN,
        "Gain On Sale Of Ppe": NaN,
        "Gain On Sale Of Security": 7245000.0,
        "Net Non Operating Interest Income Expense": 312000.0,
        "Interest Expense Non Operating": 998000.0,
        "Interest Income Non Operating": 1310000.0,
        "Operating Income": -19727000.0,
        "Operating Expense": 19727000.0,
        "Research And Development": 9941000.0,
        "Selling General And Administration": 9786000.0,
        "General And Administrative Expense": 9786000.0,
        "Other Gand A": 9786000.0,
        "Gross Profit": NaN,
        "Cost Of Revenue": NaN,
        "Total Revenue": 0.0,
        "Operating Revenue": 0.0
    },
    "2025-06-30": {
        "Tax Effect Of Unusual Items": -672151.320922,
        "Tax Rate For Calcs": 0.12475,
        "Normalized EBITDA": 131458000.0,
        "Total Unusual Items": -5388000.0,
        "Total Unusual Items Excluding Goodwill": -5388000.0,
        "Net Income From Continuing Operation Net Minority Interest": 108833000.0,
        "Reconciled Depreciation": 768000.0,
        "Reconciled Cost Of Revenue": 100000.0,
        "EBITDA": 126070000.0,
        "EBIT": 125302000.0,
        "Net Interest Income": 70000.0,
        "Interest Expense": 957000.0,
        "Interest Income": 1027000.0,
        "Normalized Income": 113548848.679078,
        "Net Income From Continuing And Discontinued Operation": 108833000.0,
        "Total Expenses": 23192000.0,
        "Total Operating Income As Reported": -22792000.0,
        "Diluted Average Shares": 66640620.0,
        "Basic Average Shares": 52524510.0,
        "Diluted EPS": 1.71,
        "Basic EPS": 2.07,
        "Diluted NI Availto Com Stockholders": 113667000.0,
        "Average Dilution Earnings": 4834000.0,
        "Net Income Common Stockholders": 108833000.0,
        "Net Income": 108833000.0,
        "Net Income Including Noncontrolling Interests": 108833000.0,
        "Net Income Continuous Operations": 108833000.0,
        "Tax Provision": 15512000.0,
        "Pretax Income": 124345000.0,
        "Other Income Expense": 147067000.0,
        "Other Non Operating Income Expenses": 152455000.0,
        "Special Income Charges": NaN,
        "Gain On Sale Of Ppe": NaN,
        "Gain On Sale Of Security": -5388000.0,
        "Net Non Operating Interest Income Expense": 70000.0,
        "Interest Expense Non Operating": 957000.0,
        "Interest Income Non Operating": 1027000.0,
        "Operating Income": -22792000.0,
        "Operating Expense": 23092000.0,
        "Research And Development": 5943000.0,
        "Selling General And Administration": 17149000.0,
        "General And Administrative Expense": 17149000.0,
        "Other Gand A": 17149000.0,
        "Gross Profit": 300000.0,
        "Cost Of Revenue": 100000.0,
        "Total Revenue": 400000.0,
        "Operating Revenue": 400000.0
    },
    "2025-09-30": {
        "Tax Effect Of Unusual Items": 579600.0,
        "Tax Rate For Calcs": 0.21,
        "Normalized EBITDA": -21329000.0,
        "Total Unusual Items": 2760000.0,
        "Total Unusual Items Excluding Goodwill": 2760000.0,
        "Net Income From Continuing Operation Net Minority Interest": -5161000.0,
        "Reconciled Depreciation": 888000.0,
        "Reconciled Cost Of Revenue": 488000.0,
        "EBITDA": -18569000.0,
        "EBIT": -19457000.0,
        "Net Interest Income": 771000.0,
        "Interest Expense": 901000.0,
        "Interest Income": 1672000.0,
        "Normalized Income": -7341400.0,
        "Net Income From Continuing And Discontinued Operation": -5161000.0,
        "Total Expenses": 24018000.0,
        "Total Operating Income As Reported": -24018000.0,
        "Diluted Average Shares": 54242507.0,
        "Basic Average Shares": 54242507.0,
        "Diluted EPS": -0.1,
        "Basic EPS": -0.1,
        "Diluted NI Availto Com Stockholders": -5161000.0,
        "Average Dilution Earnings": NaN,
        "Net Income Common Stockholders": -5161000.0,
        "Net Income": -5161000.0,
        "Net Income Including Noncontrolling Interests": -5161000.0,
        "Net Income Continuous Operations": -5161000.0,
        "Tax Provision": -15197000.0,
        "Pretax Income": -20358000.0,
        "Other Income Expense": 2889000.0,
        "Other Non Operating Income Expenses": 129000.0,
        "Special Income Charges": NaN,
        "Gain On Sale Of Ppe": NaN,
        "Gain On Sale Of Security": 2760000.0,
        "Net Non Operating Interest Income Expense": 771000.0,
        "Interest Expense Non Operating": 901000.0,
        "Interest Income Non Operating": 1672000.0,
        "Operating Income": -24018000.0,
        "Operating Expense": 23530000.0,
        "Research And Development": 4216000.0,
        "Selling General And Administration": 19314000.0,
        "General And Administrative Expense": 19314000.0,
        "Other Gand A": 19314000.0,
        "Gross Profit": -488000.0,
        "Cost Of Revenue": 488000.0,
        "Total Revenue": 0.0,
        "Operating Revenue": 0.0
    }
}