{
    "2023-03-31": {
        "Tax Effect Of Unusual Items": NaN,
        "Tax Rate For Calcs": NaN,
        "Normalized EBITDA": NaN,
        "Total Unusual Items": NaN,
        "Total Unusual Items Excluding Goodwill": NaN,
        "Net Income From Continuing Operation Net Minority Interest": NaN,
        "Reconciled Depreciation": NaN,
        "Reconciled Cost Of Revenue": NaN,
        "EBITDA": NaN,
        "EBIT": NaN,
        "Net Interest Income": NaN,
        "Interest Expense": NaN,
        "Interest Income": NaN,
        "Normalized Income": NaN,
        "Net Income From Continuing And Discontinued Operation": NaN,
        "Total Expenses": NaN,
        "Total Operating Income As Reported": NaN,
        "Diluted Average Shares": NaN,
        "Basic Average Shares": NaN,
        "Diluted EPS": NaN,
        "Basic EPS": NaN,
        "Diluted NI Availto Com Stockholders": NaN,
        "Net Income Common Stockholders": NaN,
        "Net Income": NaN,
        "Minority Interests": NaN,
        "Net Income Including Noncontrolling Interests": NaN,
        "Net Income Continuous Operations": NaN,
        "Tax Provision": NaN,
        "Pretax Income": NaN,
        "Other Income Expense": NaN,
        "Other Non Operating Income Expenses": NaN,
        "Special Income Charges": NaN,
        "Gain On Sale Of Ppe": NaN,
        "Other Special Charges": NaN,
        "Restructuring And Mergern Acquisition": NaN,
        "Earnings From Equity Interest": NaN,
        "Gain On Sale Of Security": NaN,
        "Net Non Operating Interest Income Expense": NaN,
        "Total Other Finance Cost": NaN,
        "Interest Expense Non Operating": NaN,
        "Interest Income Non Operating": NaN,
        "Operating Income": NaN,
        "Operating Expense": NaN,
        "Other Operating Expenses": NaN,
        "Other Taxes": 58404000.0,
        "Selling General And Administration": NaN,
        "Selling And Marketing Expense": NaN,
        "General And Administrative Expense": NaN,
        "Other Gand A": NaN,
        "Gross Profit": NaN,
        "Cost Of Revenue": NaN,
        "Total Revenue": NaN,
        "Excise Taxes": 6239600000.0,
        "Operating Revenue": NaN
    },
    "2022-12-31": {
        "Tax Effect Of Unusual Items": NaN,
        "Tax Rate For Calcs": NaN,
        "Normalized EBITDA": NaN,
        "Total Unusual Items": NaN,
        "Total Unusual Items Excluding Goodwill": NaN,
        "Net Income From Continuing Operation Net Minority Interest": NaN,
        "Reconciled Depreciation": NaN,
        "Reconciled Cost Of Revenue": NaN,
        "EBITDA": NaN,
        "EBIT": NaN,
        "Net Interest Income": NaN,
        "Interest Expense": NaN,
        "Interest Income": NaN,
        "Normalized Income": NaN,
        "Net Income From Continuing And Discontinued Operation": NaN,
        "Total Expenses": NaN,
        "Total Operating Income As Reported": NaN,
        "Diluted Average Shares": NaN,
        "Basic Average Shares": NaN,
        "Diluted EPS": NaN,
        "Basic EPS": NaN,
        "Diluted NI Availto Com Stockholders": NaN,
        "Net Income Common Stockholders": NaN,
        "Net Income": NaN,
        "Minority Interests": NaN,
        "Net Income Including Noncontrolling Interests": NaN,
        "Net Income Continuous Operations": NaN,
        "Tax Provision": NaN,
        "Pretax Income": NaN,
        "Other Income Expense": NaN,
        "Other Non Operating Income Expenses": NaN,
        "Special Income Charges": NaN,
        "Gain On Sale Of Ppe": NaN,
        "Other Special Charges": NaN,
        "Restructuring And Mergern Acquisition": NaN,
        "Earnings From Equity Interest": NaN,
        "Gain On Sale Of Security": NaN,
        "Net Non Operating Interest Income Expense": NaN,
        "Total Other Finance Cost": NaN,
        "Interest Expense Non Operating": NaN,
        "Interest Income Non Operating": NaN,
        "Operating Income": NaN,
        "Operating Expense": NaN,
        "Other Operating Expenses": NaN,
        "Other Taxes": 126326000.0,
        "Selling General And Administration": NaN,
        "Selling And Marketing Expense": NaN,
        "General And Administrative Expense": NaN,
        "Other Gand A": NaN,
        "Gross Profit": NaN,
        "Cost Of Revenue": NaN,
        "Total Revenue": NaN,
        "Excise Taxes": 7197920000.0,
        "Operating Revenue": NaN
    },
    "2022-09-30": {
        "Tax Effect Of Unusual Items": NaN,
        "Tax Rate For Calcs": NaN,
        "Normalized EBITDA": NaN,
        "Total Unusual Items": NaN,
        "Total Unusual Items Excluding Goodwill": NaN,
        "Net Income From Continuing Operation Net Minority Interest": NaN,
        "Reconciled Depreciation": NaN,
        "Reconciled Cost Of Revenue": NaN,
        "EBITDA": NaN,
        "EBIT": NaN,
        "Net Interest Income": NaN,
        "Interest Expense": NaN,
        "Interest Income": NaN,
        "Normalized Income": NaN,
        "Net Income From Continuing And Discontinued Operation": NaN,
        "Total Expenses": NaN,
        "Total Operating Income As Reported": NaN,
        "Diluted Average Shares": NaN,
        "Basic Average Shares": NaN,
        "Diluted EPS": NaN,
        "Basic EPS": NaN,
        "Diluted NI Availto Com Stockholders": NaN,
        "Net Income Common Stockholders": NaN,
        "Net Income": NaN,
        "Minority Interests": NaN,
        "Net Income Including Noncontrolling Interests": NaN,
        "Net Income Continuous Operations": NaN,
        "Tax Provision": NaN,
        "Pretax Income": NaN,
        "Other Income Expense": NaN,
        "Other Non Operating Income Expenses": 48332000.0,
        "Special Income Charges": NaN,
        "Gain On Sale Of Ppe": NaN,
        "Other Special Charges": NaN,
        "Restructuring And Mergern Acquisition": NaN,
        "Earnings From Equity Interest": NaN,
        "Gain On Sale Of Security": NaN,
        "Net Non Operating Interest Income Expense": NaN,
        "Total Other Finance Cost": NaN,
        "Interest Expense Non Operating": NaN,
        "Interest Income Non Operating": NaN,
        "Operating Income": NaN,
        "Operating Expense": NaN,
        "Other Operating Expenses": NaN,
        "Other Taxes": NaN,
        "Selling General And Administration": NaN,
        "Selling And Marketing Expense": NaN,
        "General And Administrative Expense": NaN,
        "Other Gand A": NaN,
        "Gross Profit": NaN,
        "Cost Of Revenue": NaN,
        "Total Revenue": NaN,
        "Excise Taxes": NaN,
        "Operating Revenue": NaN
    },
    "2022-06-30": {
        "Tax Effect Of Unusual Items": -168258890.7,
        "Tax Rate For Calcs": 0.1341,
        "Normalized EBITDA": 6516168000.0,
        "Total Unusual Items": -1254727000.0,
        "Total Unusual Items Excluding Goodwill": -1254727000.0,
        "Net Income From Continuing Operation Net Minority Interest": 2969744000.0,
        "Reconciled Depreciation": 1469615000.0,
        "Reconciled Cost Of Revenue": 9374254000.0,
        "EBITDA": 5261441000.0,
        "EBIT": 3791826000.0,
        "Net Interest Income": 826459000.0,
        "Interest Expense": 253204000.0,
        "Interest Income": 768446000.0,
        "Normalized Income": 4056212109.3,
        "Net Income From Continuing And Discontinued Operation": 2969744000.0,
        "Total Expenses": 14000816000.0,
        "Total Operating Income As Reported": 4037290000.0,
        "Diluted Average Shares": 15855547250.0,
        "Basic Average Shares": 15746256628.0,
        "Diluted EPS": 0.1873,
        "Basic EPS": 0.1886,
        "Diluted NI Availto Com Stockholders": 2969744000.0,
        "Net Income Common Stockholders": 2969744000.0,
        "Net Income": 2969744000.0,
        "Minority Interests": -94304000.0,
        "Net Income Including Noncontrolling Interests": 3064048000.0,
        "Net Income Continuous Operations": 3064048000.0,
        "Tax Provision": 474574000.0,
        "Pretax Income": 3538622000.0,
        "Other Income Expense": -1276016000.0,
        "Other Non Operating Income Expenses": -18083000.0,
        "Special Income Charges": -18733000.0,
        "Gain On Sale Of Ppe": 12490000.0,
        "Other Special Charges": 5809000.0,
        "Write Off": NaN,
        "Restructuring And Mergern Acquisition": 25414000.0,
        "Earnings From Equity Interest": -3206000.0,
        "Gain On Sale Of Security": -1235994000.0,
        "Net Non Operating Interest Income Expense": 826459000.0,
        "Total Other Finance Cost": -311217000.0,
        "Interest Expense Non Operating": 253204000.0,
        "Interest Income Non Operating": 768446000.0,
        "Operating Income": 3988179000.0,
        "Operating Expense": 4626562000.0,
        "Other Operating Expenses": -322959000.0,
        "Other Taxes": -836138000.0,
        "Selling General And Administration": 5785659000.0,
        "Selling And Marketing Expense": 4490857000.0,
        "General And Administrative Expense": 1294802000.0,
        "Other Gand A": 1294802000.0,
        "Gross Profit": 8614741000.0,
        "Cost Of Revenue": 9374254000.0,
        "Total Revenue": 17988995000.0,
        "Excise Taxes": 5692547000.0,
        "Operating Revenue": 28323374000.0
    },
    "2023-06-30": {
        "Tax Effect Of Unusual Items": NaN,
        "Tax Rate For Calcs": NaN,
        "Normalized EBITDA": NaN,
        "Total Unusual Items": NaN,
        "Total Unusual Items Excluding Goodwill": NaN,
        "Net Income From Continuing Operation Net Minority Interest": NaN,
        "Reconciled Depreciation": NaN,
        "Reconciled Cost Of Revenue": NaN,
        "EBITDA": NaN,
        "EBIT": NaN,
        "Net Interest Income": NaN,
        "Interest Expense": NaN,
        "Interest Income": NaN,
        "Normalized Income": NaN,
        "Net Income From Continuing And Discontinued Operation": NaN,
        "Total Expenses": NaN,
        "Total Operating Income As Reported": NaN,
        "Diluted Average Shares": NaN,
        "Basic Average Shares": NaN,
        "Diluted EPS": NaN,
        "Basic EPS": NaN,
        "Diluted NI Availto Com Stockholders": NaN,
        "Net Income Common Stockholders": NaN,
        "Net Income": NaN,
        "Minority Interests": NaN,
        "Net Income Including Noncontrolling Interests": NaN,
        "Net Income Continuous Operations": NaN,
        "Tax Provision": NaN,
        "Pretax Income": NaN,
        "Other Income Expense": NaN,
        "Other Non Operating Income Expenses": -605000.0,
        "Special Income Charges": NaN,
        "Gain On Sale Of Ppe": NaN,
        "Other Special Charges": NaN,
        "Restructuring And Mergern Acquisition": NaN,
        "Earnings From Equity Interest": NaN,
        "Gain On Sale Of Security": NaN,
        "Net Non Operating Interest Income Expense": NaN,
        "Total Other Finance Cost": NaN,
        "Interest Expense Non Operating": NaN,
        "Interest Income Non Operating": NaN,
        "Operating Income": NaN,
        "Operating Expense": NaN,
        "Other Operating Expenses": NaN,
        "Other Taxes": NaN,
        "Selling General And Administration": NaN,
        "Selling And Marketing Expense": NaN,
        "General And Administrative Expense": NaN,
        "Other Gand A": NaN,
        "Gross Profit": NaN,
        "Cost Of Revenue": NaN,
        "Total Revenue": NaN,
        "Excise Taxes": NaN,
        "Operating Revenue": NaN
    },
    "2022-03-31": {
        "Diluted EPS": 0.04,
        "Total Revenue": NaN,
        "Gross Profit": NaN,
        "Operating Income": 797,
        "EBIT": NaN,
        "Net Income": 653
    },
    "2021-12-31": {
        "Diluted EPS": 0.06,
        "Total Revenue": NaN,
        "Gross Profit": NaN,
        "Operating Income": NaN,
        "EBIT": NaN,
        "Net Income": 956
    },
    "2021-09-30": {
        "Diluted EPS": 0.04,
        "Total Revenue": NaN,
        "Gross Profit": NaN,
        "Operating Income": 784,
        "EBIT": NaN,
        "Net Income": 680
    },
    "2021-06-30": {
        "Diluted EPS": 0.02,
        "Total Revenue": NaN,
        "Gross Profit": NaN,
        "Operating Income": 386,
        "EBIT": 623,
        "Net Income": 232
    },
    "2021-03-31": {
        "Diluted EPS": 0.03,
        "Total Revenue": NaN,
        "Gross Profit": NaN,
        "Operating Income": 731,
        "EBIT": 962,
        "Net Income": 480
    },
    "2020-12-31": {
        "Diluted EPS": 0.08,
        "Total Revenue": NaN,
        "Gross Profit": NaN,
        "Operating Income": NaN,
        "EBIT": NaN,
        "Net Income": NaN
    },
    "2020-09-30": {
        "Diluted EPS": 0.03,
        "Total Revenue": NaN,
        "Gross Profit": NaN,
        "Operating Income": 668,
        "EBIT": 913,
        "Net Income": 423
    },
    "2020-06-30": {
        "Diluted EPS": 0.02,
        "Total Revenue": NaN,
        "Gross Profit": NaN,
        "Operating Income": 382,
        "EBIT": 578,
        "Net Income": 229
    },
    "2020-03-31": {
        "Diluted EPS": 0.02,
        "Total Revenue": NaN,
        "Gross Profit": NaN,
        "Operating Income": 685,
        "EBIT": 951,
        "Net Income": 247
    },
    "2019-12-31": {
        "Diluted EPS": 0.06,
        "Total Revenue": NaN,
        "Gross Profit": NaN,
        "Operating Income": NaN,
        "EBIT": NaN,
        "Net Income": NaN
    },
    "2019-09-30": {
        "Diluted EPS": 0.04,
        "Total Revenue": NaN,
        "Gross Profit": NaN,
        "Operating Income": 793,
        "EBIT": NaN,
        "Net Income": 630
    },
    "2019-06-30": {
        "Diluted EPS": 0.04,
        "Total Revenue": NaN,
        "Gross Profit": NaN,
        "Operating Income": 905,
        "EBIT": NaN,
        "Net Income": 643
    },
    "2019-03-31": {
        "Diluted EPS": 0.05,
        "Total Revenue": NaN,
        "Gross Profit": NaN,
        "Operating Income": NaN,
        "EBIT": NaN,
        "Net Income": 707
    },
    "2018-12-31": {
        "Diluted EPS": 0.05,
        "Total Revenue": NaN,
        "Gross Profit": NaN,
        "Operating Income": NaN,
        "EBIT": NaN,
        "Net Income": 877
    },
    "2018-09-30": {
        "Diluted EPS": 0.05,
        "Total Revenue": NaN,
        "Gross Profit": NaN,
        "Operating Income": 856,
        "EBIT": NaN,
        "Net Income": 719
    },
    "2018-06-30": {
        "Diluted EPS": 0.04,
        "Total Revenue": NaN,
        "Gross Profit": NaN,
        "Operating Income": NaN,
        "EBIT": NaN,
        "Net Income": 645
    },
    "2018-03-31": {
        "Diluted EPS": 0.05,
        "Total Revenue": NaN,
        "Gross Profit": NaN,
        "Operating Income": NaN,
        "EBIT": NaN,
        "Net Income": 776
    },
    "2017-12-31": {
        "Diluted EPS": -0.0,
        "Total Revenue": NaN,
        "Gross Profit": NaN,
        "Operating Income": NaN,
        "EBIT": NaN,
        "Net Income": 969
    },
    "2017-09-30": {
        "Diluted EPS": 0.06,
        "Total Revenue": NaN,
        "Gross Profit": NaN,
        "Operating Income": NaN,
        "EBIT": NaN,
        "Net Income": 0
    },
    "2017-06-30": {
        "Diluted EPS": 0.04,
        "Total Revenue": NaN,
        "Gross Profit": NaN,
        "Operating Income": 947,
        "EBIT": NaN,
        "Net Income": 627
    },
    "2017-03-31": {
        "Diluted EPS": 0.05,
        "Total Revenue": NaN,
        "Gross Profit": NaN,
        "Operating Income": NaN,
        "EBIT": NaN,
        "Net Income": 700
    },
    "2016-12-31": {
        "Diluted EPS": 0.09,
        "Total Revenue": NaN,
        "Gross Profit": NaN,
        "Operating Income": NaN,
        "EBIT": NaN,
        "Net Income": NaN
    },
    "2016-09-30": {
        "Diluted EPS": 0.06,
        "Total Revenue": NaN,
        "Gross Profit": NaN,
        "Operating Income": 968,
        "EBIT": NaN,
        "Net Income": 944
    },
    "2016-06-30": {
        "Diluted EPS": 0.04,
        "Total Revenue": NaN,
        "Gross Profit": NaN,
        "Operating Income": 948,
        "EBIT": NaN,
        "Net Income": 584
    },
    "2016-03-31": {
        "Diluted EPS": 0.04,
        "Total Revenue": NaN,
        "Gross Profit": NaN,
        "Operating Income": NaN,
        "EBIT": NaN,
        "Net Income": 711
    },
    "2015-12-31": {
        "Diluted EPS": 0.07,
        "Total Revenue": NaN,
        "Gross Profit": NaN,
        "Operating Income": NaN,
        "EBIT": NaN,
        "Net Income": NaN
    },
    "2015-09-30": {
        "Diluted EPS": 0.05,
        "Total Revenue": NaN,
        "Gross Profit": NaN,
        "Operating Income": NaN,
        "EBIT": NaN,
        "Net Income": 843
    },
    "2015-06-30": {
        "Diluted EPS": 0.05,
        "Total Revenue": NaN,
        "Gross Profit": NaN,
        "Operating Income": NaN,
        "EBIT": NaN,
        "Net Income": 817
    },
    "2015-03-31": {
        "Diluted EPS": 0.06,
        "Total Revenue": NaN,
        "Gross Profit": NaN,
        "Operating Income": NaN,
        "EBIT": NaN,
        "Net Income": 990
    },
    "2014-12-31": {
        "Diluted EPS": 0.12,
        "Total Revenue": NaN,
        "Gross Profit": NaN,
        "Operating Income": NaN,
        "EBIT": NaN,
        "Net Income": NaN
    },
    "2014-09-30": {
        "Diluted EPS": 0.08,
        "Total Revenue": NaN,
        "Gross Profit": NaN,
        "Operating Income": NaN,
        "EBIT": NaN,
        "Net Income": NaN
    },
    "2014-06-30": {
        "Diluted EPS": 0.06,
        "Total Revenue": NaN,
        "Gross Profit": NaN,
        "Operating Income": NaN,
        "EBIT": NaN,
        "Net Income": 974
    },
    "2014-03-31": {
        "Diluted EPS": 0.07,
        "Total Revenue": NaN,
        "Gross Profit": NaN,
        "Operating Income": NaN,
        "EBIT": NaN,
        "Net Income": NaN
    },
    "2013-12-31": {
        "Diluted EPS": 0.11,
        "Total Revenue": NaN,
        "Gross Profit": NaN,
        "Operating Income": NaN,
        "EBIT": NaN,
        "Net Income": NaN
    },
    "2013-09-30": {
        "Diluted EPS": 0.11,
        "Total Revenue": NaN,
        "Gross Profit": NaN,
        "Operating Income": NaN,
        "EBIT": NaN,
        "Net Income": NaN
    },
    "2013-06-30": {
        "Diluted EPS": 0.06,
        "Total Revenue": NaN,
        "Gross Profit": NaN,
        "Operating Income": NaN,
        "EBIT": NaN,
        "Net Income": 555
    },
    "2013-03-31": {
        "Diluted EPS": 0.07,
        "Total Revenue": NaN,
        "Gross Profit": NaN,
        "Operating Income": NaN,
        "EBIT": NaN,
        "Net Income": NaN
    },
    "2012-12-31": {
        "Diluted EPS": 0.12,
        "Total Revenue": NaN,
        "Gross Profit": NaN,
        "Operating Income": NaN,
        "EBIT": NaN,
        "Net Income": NaN
    },
    "2012-09-30": {
        "Diluted EPS": 0.08,
        "Total Revenue": NaN,
        "Gross Profit": NaN,
        "Operating Income": NaN,
        "EBIT": NaN,
        "Net Income": NaN
    },
    "2012-06-30": {
        "Diluted EPS": 0.06,
        "Total Revenue": NaN,
        "Gross Profit": NaN,
        "Operating Income": 674,
        "EBIT": 873,
        "Net Income": 904
    },
    "2012-03-31": {
        "Diluted EPS": 0.08,
        "Total Revenue": NaN,
        "Gross Profit": NaN,
        "Operating Income": NaN,
        "EBIT": NaN,
        "Net Income": NaN
    },
    "2011-12-31": {
        "Diluted EPS": 0.11,
        "Total Revenue": NaN,
        "Gross Profit": NaN,
        "Operating Income": NaN,
        "EBIT": NaN,
        "Net Income": NaN
    },
    "2011-09-30": {
        "Diluted EPS": 0.07,
        "Total Revenue": NaN,
        "Gross Profit": NaN,
        "Operating Income": 989,
        "EBIT": NaN,
        "Net Income": NaN
    },
    "2011-06-30": {
        "Diluted EPS": 0.07,
        "Total Revenue": NaN,
        "Gross Profit": NaN,
        "Operating Income": NaN,
        "EBIT": NaN,
        "Net Income": NaN
    },
    "2011-03-31": {
        "Diluted EPS": 0.08,
        "Total Revenue": NaN,
        "Gross Profit": NaN,
        "Operating Income": NaN,
        "EBIT": NaN,
        "Net Income": NaN
    },
    "2010-12-31": {
        "Diluted EPS": 0.1,
        "Total Revenue": NaN,
        "Gross Profit": NaN,
        "Operating Income": NaN,
        "EBIT": NaN,
        "Net Income": NaN
    },
    "2010-09-30": {
        "Diluted EPS": 0.07,
        "Total Revenue": NaN,
        "Gross Profit": NaN,
        "Operating Income": NaN,
        "EBIT": NaN,
        "Net Income": NaN
    },
    "2010-06-30": {
        "Diluted EPS": 0.06,
        "Total Revenue": NaN,
        "Gross Profit": NaN,
        "Operating Income": NaN,
        "EBIT": NaN,
        "Net Income": 856
    },
    "2010-03-31": {
        "Diluted EPS": 0.06,
        "Total Revenue": NaN,
        "Gross Profit": NaN,
        "Operating Income": NaN,
        "EBIT": NaN,
        "Net Income": 946
    },
    "2009-12-31": {
        "Diluted EPS": 0.07,
        "Total Revenue": NaN,
        "Gross Profit": -33,
        "Operating Income": NaN,
        "EBIT": NaN,
        "Net Income": NaN
    },
    "2009-09-30": {
        "Diluted EPS": 0.04,
        "Total Revenue": NaN,
        "Gross Profit": NaN,
        "Operating Income": NaN,
        "EBIT": NaN,
        "Net Income": 661
    },
    "2009-06-30": {
        "Diluted EPS": 0.05,
        "Total Revenue": NaN,
        "Gross Profit": NaN,
        "Operating Income": NaN,
        "EBIT": NaN,
        "Net Income": 748
    },
    "2009-03-31": {
        "Diluted EPS": 0.04,
        "Total Revenue": NaN,
        "Gross Profit": NaN,
        "Operating Income": NaN,
        "EBIT": NaN,
        "Net Income": 657
    },
    "2023-09-30": {
        "Tax Effect Of Unusual Items": NaN,
        "Tax Rate For Calcs": NaN,
        "Normalized EBITDA": NaN,
        "Total Unusual Items": NaN,
        "Total Unusual Items Excluding Goodwill": NaN,
        "Net Income From Continuing Operation Net Minority Interest": NaN,
        "Reconciled Depreciation": NaN,
        "Reconciled Cost Of Revenue": NaN,
        "EBITDA": NaN,
        "EBIT": NaN,
        "Net Interest Income": NaN,
        "Interest Expense": NaN,
        "Interest Income": NaN,
        "Normalized Income": NaN,
        "Net Income From Continuing And Discontinued Operation": NaN,
        "Total Expenses": NaN,
        "Total Operating Income As Reported": NaN,
        "Diluted Average Shares": NaN,
        "Basic Average Shares": NaN,
        "Diluted EPS": NaN,
        "Basic EPS": NaN,
        "Diluted NI Availto Com Stockholders": NaN,
        "Net Income Common Stockholders": NaN,
        "Net Income": NaN,
        "Minority Interests": NaN,
        "Net Income Including Noncontrolling Interests": NaN,
        "Net Income Continuous Operations": NaN,
        "Tax Provision": NaN,
        "Pretax Income": NaN,
        "Other Income Expense": NaN,
        "Other Non Operating Income Expenses": 38168000.0,
        "Special Income Charges": NaN,
        "Gain On Sale Of Ppe": NaN,
        "Other Special Charges": NaN,
        "Restructuring And Mergern Acquisition": NaN,
        "Earnings From Equity Interest": NaN,
        "Gain On Sale Of Security": NaN,
        "Net Non Operating Interest Income Expense": NaN,
        "Total Other Finance Cost": NaN,
        "Interest Expense Non Operating": NaN,
        "Interest Income Non Operating": NaN,
        "Operating Income": NaN,
        "Operating Expense": NaN,
        "Other Operating Expenses": NaN,
        "Other Taxes": NaN,
        "Selling General And Administration": NaN,
        "Selling And Marketing Expense": NaN,
        "General And Administrative Expense": NaN,
        "Other Gand A": NaN,
        "Gross Profit": NaN,
        "Cost Of Revenue": NaN,
        "Total Revenue": NaN,
        "Excise Taxes": NaN,
        "Operating Revenue": NaN
    },
    "2023-12-31": {
        "Tax Effect Of Unusual Items": NaN,
        "Tax Rate For Calcs": NaN,
        "Normalized EBITDA": NaN,
        "Total Unusual Items": NaN,
        "Total Unusual Items Excluding Goodwill": NaN,
        "Net Income From Continuing Operation Net Minority Interest": NaN,
        "Reconciled Depreciation": NaN,
        "Reconciled Cost Of Revenue": NaN,
        "EBITDA": NaN,
        "EBIT": NaN,
        "Net Interest Income": NaN,
        "Interest Expense": NaN,
        "Interest Income": NaN,
        "Normalized Income": NaN,
        "Net Income From Continuing And Discontinued Operation": NaN,
        "Total Expenses": NaN,
        "Total Operating Income As Reported": NaN,
        "Diluted Average Shares": NaN,
        "Basic Average Shares": NaN,
        "Diluted EPS": NaN,
        "Basic EPS": NaN,
        "Diluted NI Availto Com Stockholders": NaN,
        "Net Income Common Stockholders": NaN,
        "Net Income": NaN,
        "Minority Interests": NaN,
        "Net Income Including Noncontrolling Interests": NaN,
        "Net Income Continuous Operations": NaN,
        "Tax Provision": NaN,
        "Pretax Income": NaN,
        "Other Income Expense": NaN,
        "Other Non Operating Income Expenses": NaN,
        "Special Income Charges": NaN,
        "Gain On Sale Of Ppe": NaN,
        "Other Special Charges": NaN,
        "Restructuring And Mergern Acquisition": NaN,
        "Earnings From Equity Interest": NaN,
        "Gain On Sale Of Security": NaN,
        "Net Non Operating Interest Income Expense": NaN,
        "Total Other Finance Cost": NaN,
        "Interest Expense Non Operating": NaN,
        "Interest Income Non Operating": NaN,
        "Operating Income": NaN,
        "Operating Expense": NaN,
        "Other Operating Expenses": NaN,
        "Other Taxes": NaN,
        "Selling General And Administration": NaN,
        "Selling And Marketing Expense": NaN,
        "General And Administrative Expense": NaN,
        "Other Gand A": NaN,
        "Gross Profit": NaN,
        "Cost Of Revenue": NaN,
        "Total Revenue": NaN,
        "Excise Taxes": 6695792000.0,
        "Operating Revenue": NaN
    },
    "2024-03-31": {
        "Tax Effect Of Unusual Items": NaN,
        "Tax Rate For Calcs": NaN,
        "Normalized EBITDA": NaN,
        "Total Unusual Items": NaN,
        "Total Unusual Items Excluding Goodwill": NaN,
        "Net Income From Continuing Operation Net Minority Interest": NaN,
        "Reconciled Depreciation": NaN,
        "Reconciled Cost Of Revenue": NaN,
        "EBITDA": NaN,
        "EBIT": NaN,
        "Net Interest Income": NaN,
        "Interest Expense": NaN,
        "Interest Income": NaN,
        "Normalized Income": NaN,
        "Net Income From Continuing And Discontinued Operation": NaN,
        "Total Expenses": NaN,
        "Total Operating Income As Reported": NaN,
        "Diluted Average Shares": 15840222603.0,
        "Basic Average Shares": 15745855319.0,
        "Diluted EPS": 0.2336,
        "Basic EPS": 0.235,
        "Diluted NI Availto Com Stockholders": NaN,
        "Net Income Common Stockholders": NaN,
        "Net Income": NaN,
        "Minority Interests": NaN,
        "Net Income Including Noncontrolling Interests": NaN,
        "Net Income Continuous Operations": NaN,
        "Tax Provision": NaN,
        "Pretax Income": NaN,
        "Other Income Expense": NaN,
        "Other Non Operating Income Expenses": NaN,
        "Special Income Charges": NaN,
        "Gain On Sale Of Ppe": NaN,
        "Other Special Charges": NaN,
        "Restructuring And Mergern Acquisition": NaN,
        "Earnings From Equity Interest": NaN,
        "Gain On Sale Of Security": NaN,
        "Net Non Operating Interest Income Expense": NaN,
        "Total Other Finance Cost": NaN,
        "Interest Expense Non Operating": NaN,
        "Interest Income Non Operating": NaN,
        "Operating Income": NaN,
        "Operating Expense": NaN,
        "Other Operating Expenses": NaN,
        "Other Taxes": NaN,
        "Selling General And Administration": NaN,
        "Selling And Marketing Expense": NaN,
        "General And Administrative Expense": NaN,
        "Other Gand A": NaN,
        "Gross Profit": NaN,
        "Cost Of Revenue": NaN,
        "Total Revenue": NaN,
        "Excise Taxes": 6232642000.0,
        "Operating Revenue": NaN
    },
    "2024-06-30": {
        "Tax Effect Of Unusual Items": NaN,
        "Tax Rate For Calcs": NaN,
        "Normalized EBITDA": NaN,
        "Total Unusual Items": NaN,
        "Total Unusual Items Excluding Goodwill": NaN,
        "Net Income From Continuing Operation Net Minority Interest": NaN,
        "Reconciled Depreciation": NaN,
        "Reconciled Cost Of Revenue": NaN,
        "EBITDA": NaN,
        "EBIT": NaN,
        "Net Interest Income": NaN,
        "Interest Expense": NaN,
        "Interest Income": NaN,
        "Normalized Income": NaN,
        "Net Income From Continuing And Discontinued Operation": NaN,
        "Total Expenses": NaN,
        "Total Operating Income As Reported": NaN,
        "Diluted Average Shares": NaN,
        "Basic Average Shares": NaN,
        "Diluted EPS": NaN,
        "Basic EPS": NaN,
        "Diluted NI Availto Com Stockholders": NaN,
        "Net Income Common Stockholders": NaN,
        "Net Income": NaN,
        "Minority Interests": NaN,
        "Net Income Including Noncontrolling Interests": NaN,
        "Net Income Continuous Operations": NaN,
        "Tax Provision": NaN,
        "Pretax Income": NaN,
        "Other Income Expense": NaN,
        "Other Non Operating Income Expenses": 68122000.0,
        "Special Income Charges": NaN,
        "Gain On Sale Of Ppe": NaN,
        "Gain On Sale Of Business": NaN,
        "Other Special Charges": NaN,
        "Restructuring And Mergern Acquisition": NaN,
        "Earnings From Equity Interest": NaN,
        "Gain On Sale Of Security": NaN,
        "Net Non Operating Interest Income Expense": NaN,
        "Total Other Finance Cost": NaN,
        "Interest Expense Non Operating": NaN,
        "Interest Income Non Operating": NaN,
        "Operating Income": NaN,
        "Operating Expense": NaN,
        "Other Operating Expenses": NaN,
        "Other Taxes": NaN,
        "Selling General And Administration": NaN,
        "Selling And Marketing Expense": NaN,
        "General And Administrative Expense": NaN,
        "Other Gand A": NaN,
        "Gross Profit": NaN,
        "Cost Of Revenue": NaN,
        "Total Revenue": NaN,
        "Excise Taxes": NaN,
        "Operating Revenue": NaN
    },
    "2024-09-30": {
        "Tax Effect Of Unusual Items": -91364829.0,
        "Tax Rate For Calcs": 0.219,
        "Normalized EBITDA": 7392476000.0,
        "Total Unusual Items": -417191000.0,
        "Total Unusual Items Excluding Goodwill": -417191000.0,
        "Net Income From Continuing Operation Net Minority Interest": 3460273000.0,
        "Reconciled Depreciation": 1730270000.0,
        "Reconciled Cost Of Revenue": 10972603000.0,
        "EBITDA": 6975285000.0,
        "EBIT": 5245015000.0,
        "Net Interest Income": -204493000.0,
        "Interest Expense": 575396000.0,
        "Interest Income": 502458000.0,
        "Normalized Income": 3786099171.0,
        "Net Income From Continuing And Discontinued Operation": 3460273000.0,
        "Total Expenses": 16910258000.0,
        "Total Operating Income As Reported": 5314300000.0,
        "Diluted Average Shares": 15814776051.0,
        "Basic Average Shares": 15728513636.0,
        "Diluted EPS": 0.2188,
        "Basic EPS": 0.22,
        "Diluted NI Availto Com Stockholders": 3460273000.0,
        "Net Income Common Stockholders": 3460273000.0,
        "Net Income": 3460273000.0,
        "Minority Interests": -106028000.0,
        "Net Income Including Noncontrolling Interests": 3566301000.0,
        "Net Income Continuous Operations": 3566301000.0,
        "Tax Provision": 1103318000.0,
        "Pretax Income": 4669619000.0,
        "Other Income Expense": -312369000.0,
        "Other Non Operating Income Expenses": 67978000.0,
        "Special Income Charges": -85328000.0,
        "Gain On Sale Of Ppe": 32998000.0,
        "Gain On Sale Of Business": NaN,
        "Other Special Charges": 99925000.0,
        "Restructuring And Mergern Acquisition": 18401000.0,
        "Earnings From Equity Interest": 36844000.0,
        "Gain On Sale Of Security": -331863000.0,
        "Net Non Operating Interest Income Expense": -204493000.0,
        "Total Other Finance Cost": 131555000.0,
        "Interest Expense Non Operating": 575396000.0,
        "Interest Income Non Operating": 502458000.0,
        "Operating Income": 5186481000.0,
        "Operating Expense": 5937655000.0,
        "Other Operating Expenses": -471432000.0,
        "Other Taxes": 22812000.0,
        "Selling General And Administration": 6386275000.0,
        "Selling And Marketing Expense": 4856273000.0,
        "General And Administrative Expense": 1530002000.0,
        "Other Gand A": 1530002000.0,
        "Gross Profit": 11124136000.0,
        "Cost Of Revenue": 10972603000.0,
        "Total Revenue": 22096739000.0,
        "Excise Taxes": 6989973000.0,
        "Operating Revenue": 33120469000.0
    },
    "2024-12-31": {
        "Tax Effect Of Unusual Items": -120565758.620271,
        "Tax Rate For Calcs": 0.272921,
        "Normalized EBITDA": 10022552000.0,
        "Total Unusual Items": -441760000.0,
        "Total Unusual Items Excluding Goodwill": -441760000.0,
        "Net Income From Continuing Operation Net Minority Interest": 4880342000.0,
        "Reconciled Depreciation": 2043952000.0,
        "Reconciled Cost Of Revenue": 12523523000.0,
        "EBITDA": 9580792000.0,
        "EBIT": 7536840000.0,
        "Net Interest Income": -51258000.0,
        "Interest Expense": 626268000.0,
        "Interest Income": 20481000.0,
        "Normalized Income": 5201536241.379729,
        "Net Income From Continuing And Discontinued Operation": 4880342000.0,
        "Total Expenses": 19305012000.0,
        "Total Operating Income As Reported": 7523102000.0,
        "Diluted Average Shares": 15809800000.0,
        "Basic Average Shares": 15728200000.0,
        "Diluted EPS": 0.31,
        "Basic EPS": 0.31,
        "Diluted NI Availto Com Stockholders": 4880342000.0,
        "Net Income Common Stockholders": 4880342000.0,
        "Net Income": 4880342000.0,
        "Minority Interests": -144187000.0,
        "Net Income Including Noncontrolling Interests": 5024529000.0,
        "Net Income Continuous Operations": 5024529000.0,
        "Tax Provision": 1886043000.0,
        "Pretax Income": 6910572000.0,
        "Other Income Expense": -768607000.0,
        "Other Non Operating Income Expenses": NaN,
        "Special Income Charges": -214260000.0,
        "Gain On Sale Of Ppe": 46413000.0,
        "Gain On Sale Of Business": NaN,
        "Other Special Charges": 208744000.0,
        "Restructuring And Mergern Acquisition": 51929000.0,
        "Earnings From Equity Interest": 2078000.0,
        "Gain On Sale Of Security": -227500000.0,
        "Net Non Operating Interest Income Expense": -51258000.0,
        "Total Other Finance Cost": -554529000.0,
        "Interest Expense Non Operating": 626268000.0,
        "Interest Income Non Operating": 20481000.0,
        "Operating Income": 7730437000.0,
        "Operating Expense": 6781489000.0,
        "Other Operating Expenses": -845191000.0,
        "Other Taxes": -58888000.0,
        "Selling General And Administration": 7685568000.0,
        "Selling And Marketing Expense": 5797868000.0,
        "General And Administrative Expense": 1887700000.0,
        "Other Gand A": 1887700000.0,
        "Gross Profit": 14511926000.0,
        "Cost Of Revenue": 12523523000.0,
        "Total Revenue": 27035449000.0,
        "Excise Taxes": 7981695000.0,
        "Operating Revenue": 40705336000.0
    },
    "2025-03-31": {
        "Tax Effect Of Unusual Items": -163077273.6,
        "Tax Rate For Calcs": 0.2166,
        "Normalized EBITDA": 7908808000.0,
        "Total Unusual Items": -752896000.0,
        "Total Unusual Items Excluding Goodwill": -752896000.0,
        "Net Income From Continuing Operation Net Minority Interest": 3693946000.0,
        "Reconciled Depreciation": 1713251000.0,
        "Reconciled Cost Of Revenue": 10945732000.0,
        "EBITDA": 7155912000.0,
        "EBIT": 5442661000.0,
        "Net Interest Income": -23283000.0,
        "Interest Expense": 586316000.0,
        "Interest Income": 564187000.0,
        "Normalized Income": 4283764726.4,
        "Net Income From Continuing And Discontinued Operation": 3693946000.0,
        "Total Expenses": 16867573000.0,
        "Total Operating Income As Reported": 5710008000.0,
        "Diluted Average Shares": 15739011504.0,
        "Basic Average Shares": 15665589483.0,
        "Diluted EPS": 0.2347,
        "Basic EPS": 0.2358,
        "Diluted NI Availto Com Stockholders": 3693946000.0,
        "Net Income Common Stockholders": 3693946000.0,
        "Net Income": 3693946000.0,
        "Minority Interests": -110703000.0,
        "Net Income Including Noncontrolling Interests": 3804649000.0,
        "Net Income Continuous Operations": 3804649000.0,
        "Tax Provision": 1051696000.0,
        "Pretax Income": 4856345000.0,
        "Other Income Expense": -750177000.0,
        "Other Non Operating Income Expenses": NaN,
        "Special Income Charges": 13416000.0,
        "Gain On Sale Of Ppe": 32590000.0,
        "Gain On Sale Of Business": NaN,
        "Other Special Charges": -2193000.0,
        "Restructuring And Mergern Acquisition": 21367000.0,
        "Earnings From Equity Interest": 2719000.0,
        "Gain On Sale Of Security": -766312000.0,
        "Net Non Operating Interest Income Expense": -23283000.0,
        "Total Other Finance Cost": 1154000.0,
        "Interest Expense Non Operating": 586316000.0,
        "Interest Income Non Operating": 564187000.0,
        "Operating Income": 5629805000.0,
        "Operating Expense": 5921841000.0,
        "Other Operating Expenses": -582608000.0,
        "Other Taxes": 68980000.0,
        "Selling General And Administration": 6435469000.0,
        "Selling And Marketing Expense": 4946622000.0,
        "General And Administrative Expense": 1488847000.0,
        "Other Gand A": 1488847000.0,
        "Gross Profit": 11551646000.0,
        "Cost Of Revenue": 10945732000.0,
        "Total Revenue": 22497378000.0,
        "Excise Taxes": 6940245000.0,
        "Operating Revenue": 33653426000.0
    },
    "2025-06-30": {
        "Tax Effect Of Unusual Items": -148716896.0,
        "Tax Rate For Calcs": 0.184,
        "Normalized EBITDA": 6498220000.0,
        "Total Unusual Items": -808244000.0,
        "Total Unusual Items Excluding Goodwill": -808244000.0,
        "Net Income From Continuing Operation Net Minority Interest": 2717722000.0,
        "Reconciled Depreciation": 1702403000.0,
        "Reconciled Cost Of Revenue": 10046123000.0,
        "EBITDA": 5689976000.0,
        "EBIT": 3987573000.0,
        "Net Interest Income": -136632000.0,
        "Interest Expense": 567897000.0,
        "Interest Income": 249477000.0,
        "Normalized Income": 3377249104.0,
        "Net Income From Continuing And Discontinued Operation": 2717722000.0,
        "Total Expenses": 15867732000.0,
        "Total Operating Income As Reported": 4399118000.0,
        "Diluted Average Shares": 15673137255.0,
        "Basic Average Shares": 15601159587.0,
        "Diluted EPS": 0.1734,
        "Basic EPS": 0.1742,
        "Diluted NI Availto Com Stockholders": 2717722000.0,
        "Net Income Common Stockholders": 2717722000.0,
        "Net Income": 2717722000.0,
        "Minority Interests": -72844000.0,
        "Net Income Including Noncontrolling Interests": 2790566000.0,
        "Net Income Continuous Operations": 2790566000.0,
        "Tax Provision": 629110000.0,
        "Pretax Income": 3419676000.0,
        "Other Income Expense": -666154000.0,
        "Other Non Operating Income Expenses": 147547000.0,
        "Special Income Charges": -50140000.0,
        "Gain On Sale Of Ppe": 29488000.0,
        "Gain On Sale Of Business": NaN,
        "Other Special Charges": 28590000.0,
        "Restructuring And Mergern Acquisition": 51038000.0,
        "Earnings From Equity Interest": -5457000.0,
        "Gain On Sale Of Security": -758104000.0,
        "Net Non Operating Interest Income Expense": -136632000.0,
        "Total Other Finance Cost": -181788000.0,
        "Interest Expense Non Operating": 567897000.0,
        "Interest Income Non Operating": 249477000.0,
        "Operating Income": 4222462000.0,
        "Operating Expense": 5821609000.0,
        "Other Operating Expenses": -408820000.0,
        "Other Taxes": 50829000.0,
        "Selling General And Administration": 6179600000.0,
        "Selling And Marketing Expense": 4753253000.0,
        "General And Administrative Expense": 1426347000.0,
        "Other Gand A": 1426347000.0,
        "Gross Profit": 10044071000.0,
        "Cost Of Revenue": 10046123000.0,
        "Total Revenue": 20090194000.0,
        "Excise Taxes": 6247115000.0,
        "Operating Revenue": 29647661000.0
    },
    "2025-09-30": {
        "Tax Effect Of Unusual Items": 1959955.2,
        "Tax Rate For Calcs": 0.0672,
        "Normalized EBITDA": 7503795000.0,
        "Total Unusual Items": 29166000.0,
        "Total Unusual Items Excluding Goodwill": 29166000.0,
        "Net Income From Continuing Operation Net Minority Interest": 4745128000.0,
        "Reconciled Depreciation": 1599347000.0,
        "Reconciled Cost Of Revenue": 10120005000.0,
        "EBITDA": 7532961000.0,
        "EBIT": 5933614000.0,
        "Net Interest Income": -162352000.0,
        "Interest Expense": 719722000.0,
        "Interest Income": 389716000.0,
        "Normalized Income": 4717921955.2,
        "Net Income From Continuing And Discontinued Operation": 4745128000.0,
        "Total Expenses": 15576498000.0,
        "Total Operating Income As Reported": 6305277000.0,
        "Diluted Average Shares": 15670832232.0,
        "Basic Average Shares": 15603840842.0,
        "Diluted EPS": 0.3028,
        "Basic EPS": 0.3041,
        "Diluted NI Availto Com Stockholders": 4745128000.0,
        "Net Income Common Stockholders": 4745128000.0,
        "Net Income": 4745128000.0,
        "Minority Interests": -118592000.0,
        "Net Income Including Noncontrolling Interests": 4863720000.0,
        "Net Income Continuous Operations": 4863720000.0,
        "Tax Provision": 350172000.0,
        "Pretax Income": 5213892000.0,
        "Other Income Expense": 105480000.0,
        "Other Non Operating Income Expenses": 81706000.0,
        "Special Income Charges": 836367000.0,
        "Gain On Sale Of Ppe": 9870000.0,
        "Gain On Sale Of Business": 884467000.0,
        "Other Special Charges": 19414000.0,
        "Restructuring And Mergern Acquisition": 38556000.0,
        "Earnings From Equity Interest": -5392000.0,
        "Gain On Sale Of Security": -807201000.0,
        "Net Non Operating Interest Income Expense": -162352000.0,
        "Total Other Finance Cost": -167654000.0,
        "Interest Expense Non Operating": 719722000.0,
        "Interest Income Non Operating": 389716000.0,
        "Operating Income": 5270764000.0,
        "Operating Expense": 5456493000.0,
        "Other Operating Expenses": -475553000.0,
        "Other Taxes": 97461000.0,
        "Selling General And Administration": 5834585000.0,
        "Selling And Marketing Expense": 4479574000.0,
        "General And Administrative Expense": 1355011000.0,
        "Other Gand A": 1355011000.0,
        "Gross Profit": 10727257000.0,
        "Cost Of Revenue": 10120005000.0,
        "Total Revenue": 20847262000.0,
        "Excise Taxes": 6626253000.0,
        "Operating Revenue": 31023012000.0
    }
}