{
    "2023-06-30": {
        "Tax Effect Of Unusual Items": NaN,
        "Tax Rate For Calcs": NaN,
        "Normalized EBITDA": NaN,
        "Total Unusual Items": NaN,
        "Total Unusual Items Excluding Goodwill": NaN,
        "Net Income From Continuing Operation Net Minority Interest": NaN,
        "Reconciled Depreciation": NaN,
        "Reconciled Cost Of Revenue": NaN,
        "EBITDA": NaN,
        "EBIT": NaN,
        "Net Interest Income": NaN,
        "Interest Expense": NaN,
        "Normalized Income": NaN,
        "Net Income From Continuing And Discontinued Operation": NaN,
        "Total Expenses": NaN,
        "Rent Expense Supplemental": NaN,
        "Total Operating Income As Reported": NaN,
        "Diluted Average Shares": NaN,
        "Basic Average Shares": NaN,
        "Diluted EPS": NaN,
        "Basic EPS": NaN,
        "Diluted NI Availto Com Stockholders": NaN,
        "Net Income Common Stockholders": NaN,
        "Net Income": NaN,
        "Net Income Including Noncontrolling Interests": NaN,
        "Net Income Continuous Operations": NaN,
        "Tax Provision": NaN,
        "Pretax Income": NaN,
        "Other Income Expense": 13500000.0,
        "Special Income Charges": NaN,
        "Gain On Sale Of Business": NaN,
        "Impairment Of Capital Assets": 0.0,
        "Net Non Operating Interest Income Expense": NaN,
        "Interest Expense Non Operating": NaN,
        "Operating Income": NaN,
        "Operating Expense": NaN,
        "Depreciation Amortization Depletion Income Statement": NaN,
        "Depreciation And Amortization In Income Statement": NaN,
        "Selling General And Administration": NaN,
        "Selling And Marketing Expense": NaN,
        "General And Administrative Expense": NaN,
        "Other Gand A": NaN,
        "Rent And Landing Fees": NaN,
        "Salaries And Wages": NaN,
        "Gross Profit": NaN,
        "Cost Of Revenue": NaN,
        "Total Revenue": NaN,
        "Operating Revenue": NaN
    },
    "2023-03-31": {
        "Tax Effect Of Unusual Items": NaN,
        "Tax Rate For Calcs": NaN,
        "Normalized EBITDA": NaN,
        "Total Unusual Items": 0.0,
        "Total Unusual Items Excluding Goodwill": 0.0,
        "Net Income From Continuing Operation Net Minority Interest": NaN,
        "Reconciled Depreciation": NaN,
        "Reconciled Cost Of Revenue": NaN,
        "EBITDA": NaN,
        "EBIT": NaN,
        "Net Interest Income": NaN,
        "Interest Expense": NaN,
        "Normalized Income": NaN,
        "Net Income From Continuing And Discontinued Operation": NaN,
        "Total Expenses": NaN,
        "Rent Expense Supplemental": NaN,
        "Total Operating Income As Reported": NaN,
        "Diluted Average Shares": NaN,
        "Basic Average Shares": NaN,
        "Diluted EPS": NaN,
        "Basic EPS": NaN,
        "Diluted NI Availto Com Stockholders": NaN,
        "Net Income Common Stockholders": NaN,
        "Net Income": NaN,
        "Net Income Including Noncontrolling Interests": NaN,
        "Net Income Continuous Operations": NaN,
        "Tax Provision": NaN,
        "Pretax Income": NaN,
        "Other Income Expense": NaN,
        "Special Income Charges": 0.0,
        "Gain On Sale Of Business": 0.0,
        "Impairment Of Capital Assets": NaN,
        "Net Non Operating Interest Income Expense": NaN,
        "Interest Expense Non Operating": NaN,
        "Operating Income": NaN,
        "Operating Expense": NaN,
        "Depreciation Amortization Depletion Income Statement": NaN,
        "Depreciation And Amortization In Income Statement": NaN,
        "Selling General And Administration": NaN,
        "Selling And Marketing Expense": NaN,
        "General And Administrative Expense": NaN,
        "Other Gand A": NaN,
        "Rent And Landing Fees": NaN,
        "Salaries And Wages": NaN,
        "Gross Profit": NaN,
        "Cost Of Revenue": NaN,
        "Total Revenue": NaN,
        "Operating Revenue": NaN
    },
    "2022-12-31": {
        "Tax Effect Of Unusual Items": NaN,
        "Tax Rate For Calcs": NaN,
        "Normalized EBITDA": NaN,
        "Total Unusual Items": NaN,
        "Total Unusual Items Excluding Goodwill": NaN,
        "Net Income From Continuing Operation Net Minority Interest": NaN,
        "Reconciled Depreciation": NaN,
        "Reconciled Cost Of Revenue": NaN,
        "EBITDA": NaN,
        "EBIT": NaN,
        "Net Interest Income": NaN,
        "Interest Expense": NaN,
        "Normalized Income": NaN,
        "Net Income From Continuing And Discontinued Operation": NaN,
        "Total Expenses": NaN,
        "Rent Expense Supplemental": NaN,
        "Total Operating Income As Reported": NaN,
        "Diluted Average Shares": NaN,
        "Basic Average Shares": NaN,
        "Diluted EPS": NaN,
        "Basic EPS": NaN,
        "Diluted NI Availto Com Stockholders": NaN,
        "Net Income Common Stockholders": NaN,
        "Net Income": NaN,
        "Net Income Including Noncontrolling Interests": NaN,
        "Net Income Continuous Operations": NaN,
        "Tax Provision": NaN,
        "Pretax Income": NaN,
        "Other Income Expense": 202700000.0,
        "Special Income Charges": NaN,
        "Gain On Sale Of Business": NaN,
        "Impairment Of Capital Assets": NaN,
        "Net Non Operating Interest Income Expense": NaN,
        "Interest Expense Non Operating": NaN,
        "Operating Income": NaN,
        "Operating Expense": NaN,
        "Other Operating Expenses": -1400000.0,
        "Depreciation Amortization Depletion Income Statement": NaN,
        "Depreciation And Amortization In Income Statement": NaN,
        "Selling General And Administration": NaN,
        "Selling And Marketing Expense": NaN,
        "General And Administrative Expense": NaN,
        "Other Gand A": NaN,
        "Insurance And Claims": 6100000.0,
        "Rent And Landing Fees": NaN,
        "Salaries And Wages": NaN,
        "Gross Profit": NaN,
        "Cost Of Revenue": NaN,
        "Total Revenue": NaN,
        "Operating Revenue": NaN
    },
    "2022-09-30": {
        "Tax Effect Of Unusual Items": NaN,
        "Tax Rate For Calcs": NaN,
        "Normalized EBITDA": NaN,
        "Total Unusual Items": NaN,
        "Total Unusual Items Excluding Goodwill": NaN,
        "Net Income From Continuing Operation Net Minority Interest": NaN,
        "Reconciled Depreciation": NaN,
        "Reconciled Cost Of Revenue": NaN,
        "EBITDA": NaN,
        "EBIT": NaN,
        "Net Interest Income": NaN,
        "Interest Expense": NaN,
        "Normalized Income": NaN,
        "Net Income From Continuing And Discontinued Operation": NaN,
        "Total Expenses": NaN,
        "Rent Expense Supplemental": NaN,
        "Total Operating Income As Reported": NaN,
        "Diluted Average Shares": NaN,
        "Basic Average Shares": NaN,
        "Diluted EPS": NaN,
        "Basic EPS": NaN,
        "Diluted NI Availto Com Stockholders": NaN,
        "Net Income Common Stockholders": NaN,
        "Net Income": NaN,
        "Net Income Including Noncontrolling Interests": NaN,
        "Net Income Continuous Operations": NaN,
        "Tax Provision": NaN,
        "Pretax Income": NaN,
        "Other Income Expense": NaN,
        "Special Income Charges": NaN,
        "Gain On Sale Of Business": NaN,
        "Net Non Operating Interest Income Expense": NaN,
        "Interest Expense Non Operating": NaN,
        "Operating Income": NaN,
        "Operating Expense": NaN,
        "Other Operating Expenses": -1100000.0,
        "Depreciation Amortization Depletion Income Statement": NaN,
        "Depreciation And Amortization In Income Statement": NaN,
        "Selling General And Administration": NaN,
        "Selling And Marketing Expense": NaN,
        "General And Administrative Expense": NaN,
        "Other Gand A": NaN,
        "Insurance And Claims": 4100000.0,
        "Rent And Landing Fees": NaN,
        "Salaries And Wages": NaN,
        "Gross Profit": NaN,
        "Cost Of Revenue": NaN,
        "Total Revenue": NaN,
        "Operating Revenue": NaN
    },
    "2022-06-30": {
        "Tax Effect Of Unusual Items": -7107994.02316,
        "Tax Rate For Calcs": 0.247665,
        "Normalized EBITDA": 353600000.0,
        "Total Unusual Items": -28700000.0,
        "Total Unusual Items Excluding Goodwill": -28700000.0,
        "Net Income From Continuing Operation Net Minority Interest": 201400000.0,
        "Reconciled Depreciation": 18100000.0,
        "Reconciled Cost Of Revenue": 3147500000.0,
        "EBITDA": 324900000.0,
        "EBIT": 306800000.0,
        "Net Interest Income": -39100000.0,
        "Interest Expense": 39100000.0,
        "Normalized Income": 222992005.97684,
        "Net Income From Continuing And Discontinued Operation": 201400000.0,
        "Total Expenses": 3614700000.0,
        "Rent Expense Supplemental": 11000000.0,
        "Total Operating Income As Reported": 335500000.0,
        "Diluted Average Shares": 22200000.0,
        "Basic Average Shares": 22100000.0,
        "Diluted EPS": 9.07,
        "Basic EPS": 9.11,
        "Diluted NI Availto Com Stockholders": 201400000.0,
        "Net Income Common Stockholders": 201400000.0,
        "Net Income": 201400000.0,
        "Net Income Including Noncontrolling Interests": 201400000.0,
        "Net Income Continuous Operations": 201400000.0,
        "Tax Provision": 66300000.0,
        "Pretax Income": 267700000.0,
        "Other Income Expense": -28700000.0,
        "Special Income Charges": -28700000.0,
        "Gain On Sale Of Business": -28700000.0,
        "Net Non Operating Interest Income Expense": -39100000.0,
        "Interest Expense Non Operating": 39100000.0,
        "Operating Income": 335500000.0,
        "Operating Expense": 467200000.0,
        "Other Operating Expenses": 800000.0,
        "Depreciation Amortization Depletion Income Statement": 18100000.0,
        "Depreciation And Amortization In Income Statement": 18100000.0,
        "Selling General And Administration": 448300000.0,
        "Selling And Marketing Expense": 91100000.0,
        "General And Administrative Expense": 357200000.0,
        "Other Gand A": 95100000.0,
        "Insurance And Claims": 6300000.0,
        "Rent And Landing Fees": 11000000.0,
        "Salaries And Wages": 244800000.0,
        "Gross Profit": 802700000.0,
        "Cost Of Revenue": 3147500000.0,
        "Total Revenue": 3950200000.0,
        "Operating Revenue": 3950200000.0
    },
    "2022-03-31": {
        "Diluted EPS": 10.38,
        "Total Revenue": NaN,
        "Gross Profit": 792,
        "Operating Income": 321,
        "EBIT": 342,
        "Net Income": 238
    },
    "2021-12-31": {
        "Diluted EPS": 6.37,
        "Total Revenue": NaN,
        "Gross Profit": 542,
        "Operating Income": 236,
        "EBIT": 251,
        "Net Income": 141
    },
    "2021-09-30": {
        "Diluted EPS": 7.54,
        "Total Revenue": NaN,
        "Gross Profit": 480,
        "Operating Income": 201,
        "EBIT": 217,
        "Net Income": 147
    },
    "2021-06-30": {
        "Diluted EPS": 7.8,
        "Total Revenue": NaN,
        "Gross Profit": 497,
        "Operating Income": 218,
        "EBIT": 234,
        "Net Income": 152
    },
    "2021-03-31": {
        "Diluted EPS": 4.78,
        "Total Revenue": NaN,
        "Gross Profit": 383,
        "Operating Income": 136,
        "EBIT": 153,
        "Net Income": 93
    },
    "2020-12-31": {
        "Diluted EPS": 4.64,
        "Total Revenue": NaN,
        "Gross Profit": 372,
        "Operating Income": 134,
        "EBIT": 150,
        "Net Income": 89
    },
    "2020-09-30": {
        "Diluted EPS": 4.96,
        "Total Revenue": NaN,
        "Gross Profit": 336,
        "Operating Income": 119,
        "EBIT": 134,
        "Net Income": 96
    },
    "2020-06-30": {
        "Diluted EPS": 2.57,
        "Total Revenue": NaN,
        "Gross Profit": 243,
        "Operating Income": 82,
        "EBIT": 97,
        "Net Income": 50
    },
    "2020-03-31": {
        "Diluted EPS": 1.01,
        "Total Revenue": NaN,
        "Gross Profit": 272,
        "Operating Income": 35,
        "EBIT": 50,
        "Net Income": 20
    },
    "2019-12-31": {
        "Diluted EPS": 2.27,
        "Total Revenue": NaN,
        "Gross Profit": 302,
        "Operating Income": 79,
        "EBIT": 95,
        "Net Income": 44
    },
    "2019-09-30": {
        "Diluted EPS": 2.33,
        "Total Revenue": NaN,
        "Gross Profit": 293,
        "Operating Income": 82,
        "EBIT": 97,
        "Net Income": 45
    },
    "2019-06-30": {
        "Diluted EPS": 2.84,
        "Total Revenue": NaN,
        "Gross Profit": 295,
        "Operating Income": 86,
        "EBIT": 101,
        "Net Income": 55
    },
    "2019-03-31": {
        "Diluted EPS": 2.11,
        "Total Revenue": NaN,
        "Gross Profit": 279,
        "Operating Income": 78,
        "EBIT": 92,
        "Net Income": 41
    },
    "2018-12-31": {
        "Diluted EPS": 2.06,
        "Total Revenue": NaN,
        "Gross Profit": 282,
        "Operating Income": 77,
        "EBIT": 92,
        "Net Income": 40
    },
    "2018-09-30": {
        "Diluted EPS": 2.18,
        "Total Revenue": NaN,
        "Gross Profit": 278,
        "Operating Income": 81,
        "EBIT": 95,
        "Net Income": 44
    },
    "2018-06-30": {
        "Diluted EPS": 2.11,
        "Total Revenue": NaN,
        "Gross Profit": 278,
        "Operating Income": 80,
        "EBIT": 94,
        "Net Income": 43
    },
    "2018-03-31": {
        "Diluted EPS": 1.93,
        "Total Revenue": NaN,
        "Gross Profit": 265,
        "Operating Income": 73,
        "EBIT": 87,
        "Net Income": 40
    },
    "2017-12-31": {
        "Diluted EPS": 2.01,
        "Total Revenue": NaN,
        "Gross Profit": 268,
        "Operating Income": 74,
        "EBIT": 88,
        "Net Income": 43
    },
    "2017-09-30": {
        "Diluted EPS": 1.48,
        "Total Revenue": NaN,
        "Gross Profit": 260,
        "Operating Income": 70,
        "EBIT": 83,
        "Net Income": 31
    },
    "2017-06-30": {
        "Diluted EPS": 1.52,
        "Total Revenue": NaN,
        "Gross Profit": 267,
        "Operating Income": 72,
        "EBIT": 85,
        "Net Income": 32
    },
    "2017-03-31": {
        "Diluted EPS": 1.61,
        "Total Revenue": NaN,
        "Gross Profit": 260,
        "Operating Income": 72,
        "EBIT": 86,
        "Net Income": 34
    },
    "2016-12-31": {
        "Diluted EPS": 3.01,
        "Total Revenue": NaN,
        "Gross Profit": 265,
        "Operating Income": 80,
        "EBIT": 94,
        "Net Income": 67
    },
    "2016-09-30": {
        "Diluted EPS": 1.47,
        "Total Revenue": NaN,
        "Gross Profit": 266,
        "Operating Income": 71,
        "EBIT": 84,
        "Net Income": 32
    },
    "2016-06-30": {
        "Diluted EPS": 1.65,
        "Total Revenue": NaN,
        "Gross Profit": 268,
        "Operating Income": 78,
        "EBIT": 91,
        "Net Income": 37
    },
    "2016-03-31": {
        "Diluted EPS": 1.27,
        "Total Revenue": NaN,
        "Gross Profit": 261,
        "Operating Income": 69,
        "EBIT": 82,
        "Net Income": 31
    },
    "2015-12-31": {
        "Diluted EPS": 1.63,
        "Total Revenue": NaN,
        "Gross Profit": 260,
        "Operating Income": 70,
        "EBIT": 83,
        "Net Income": 41
    },
    "2015-09-30": {
        "Diluted EPS": 1.96,
        "Total Revenue": NaN,
        "Gross Profit": 273,
        "Operating Income": 77,
        "EBIT": 89,
        "Net Income": 51
    },
    "2015-06-30": {
        "Diluted EPS": 1.52,
        "Total Revenue": NaN,
        "Gross Profit": 271,
        "Operating Income": 82,
        "EBIT": 94,
        "Net Income": 41
    },
    "2015-03-31": {
        "Diluted EPS": 1.3,
        "Total Revenue": NaN,
        "Gross Profit": 256,
        "Operating Income": 73,
        "EBIT": 85,
        "Net Income": 36
    },
    "2014-12-31": {
        "Diluted EPS": 0.43,
        "Total Revenue": NaN,
        "Gross Profit": 245,
        "Operating Income": 66,
        "EBIT": 77,
        "Net Income": 12
    },
    "2014-09-30": {
        "Diluted EPS": 1.08,
        "Total Revenue": NaN,
        "Gross Profit": 245,
        "Operating Income": 66,
        "EBIT": 76,
        "Net Income": 33
    },
    "2014-06-30": {
        "Diluted EPS": 1.18,
        "Total Revenue": NaN,
        "Gross Profit": 248,
        "Operating Income": 72,
        "EBIT": 82,
        "Net Income": 36
    },
    "2014-03-31": {
        "Diluted EPS": 1.02,
        "Total Revenue": NaN,
        "Gross Profit": 230,
        "Operating Income": 64,
        "EBIT": 74,
        "Net Income": 31
    },
    "2013-12-31": {
        "Diluted EPS": 0.87,
        "Total Revenue": NaN,
        "Gross Profit": 222,
        "Operating Income": 58,
        "EBIT": 67,
        "Net Income": 27
    },
    "2013-09-30": {
        "Diluted EPS": 0.73,
        "Total Revenue": NaN,
        "Gross Profit": 225,
        "Operating Income": 58,
        "EBIT": 67,
        "Net Income": 23
    },
    "2013-06-30": {
        "Diluted EPS": 0.87,
        "Total Revenue": NaN,
        "Gross Profit": 222,
        "Operating Income": 57,
        "EBIT": 66,
        "Net Income": 27
    },
    "2013-03-31": {
        "Diluted EPS": 1.04,
        "Total Revenue": NaN,
        "Gross Profit": 206,
        "Operating Income": 53,
        "EBIT": 61,
        "Net Income": 33
    },
    "2012-12-31": {
        "Diluted EPS": 0.72,
        "Total Revenue": NaN,
        "Gross Profit": 193,
        "Operating Income": 48,
        "EBIT": 57,
        "Net Income": 23
    },
    "2012-09-30": {
        "Diluted EPS": 0.66,
        "Total Revenue": NaN,
        "Gross Profit": 194,
        "Operating Income": 49,
        "EBIT": 57,
        "Net Income": 21
    },
    "2012-06-30": {
        "Diluted EPS": 0.67,
        "Total Revenue": NaN,
        "Gross Profit": 192,
        "Operating Income": 47,
        "EBIT": 55,
        "Net Income": 21
    },
    "2012-03-31": {
        "Diluted EPS": 0.56,
        "Total Revenue": NaN,
        "Gross Profit": 185,
        "Operating Income": 41,
        "EBIT": 49,
        "Net Income": 18
    },
    "2011-12-31": {
        "Diluted EPS": 0.68,
        "Total Revenue": NaN,
        "Gross Profit": 180,
        "Operating Income": 40,
        "EBIT": 48,
        "Net Income": 22
    },
    "2011-09-30": {
        "Diluted EPS": 0.38,
        "Total Revenue": NaN,
        "Gross Profit": 179,
        "Operating Income": 34,
        "EBIT": 41,
        "Net Income": 12
    },
    "2011-06-30": {
        "Diluted EPS": 0.43,
        "Total Revenue": NaN,
        "Gross Profit": 186,
        "Operating Income": 37,
        "EBIT": 45,
        "Net Income": 14
    },
    "2011-03-31": {
        "Diluted EPS": 0.59,
        "Total Revenue": NaN,
        "Gross Profit": 170,
        "Operating Income": 22,
        "EBIT": 29,
        "Net Income": 20
    },
    "2010-12-31": {
        "Diluted EPS": 0.16,
        "Total Revenue": NaN,
        "Gross Profit": 166,
        "Operating Income": 32,
        "EBIT": 39,
        "Net Income": 5
    },
    "2010-09-30": {
        "Diluted EPS": 0.38,
        "Total Revenue": NaN,
        "Gross Profit": 167,
        "Operating Income": 32,
        "EBIT": 40,
        "Net Income": 13
    },
    "2010-06-30": {
        "Diluted EPS": 0.39,
        "Total Revenue": 999,
        "Gross Profit": 166,
        "Operating Income": 35,
        "EBIT": 41,
        "Net Income": 13
    },
    "2010-03-31": {
        "Diluted EPS": 0.22,
        "Total Revenue": 889,
        "Gross Profit": 155,
        "Operating Income": 28,
        "EBIT": 35,
        "Net Income": 7
    },
    "2009-12-31": {
        "Diluted EPS": 0.01,
        "Total Revenue": 613,
        "Gross Profit": 118,
        "Operating Income": 23,
        "EBIT": 35,
        "Net Income": 0
    },
    "2009-09-30": {
        "Diluted EPS": 0.22,
        "Total Revenue": NaN,
        "Gross Profit": 165,
        "Operating Income": 29,
        "EBIT": 37,
        "Net Income": 7
    },
    "2009-06-30": {
        "Diluted EPS": 0.17,
        "Total Revenue": 937,
        "Gross Profit": 155,
        "Operating Income": 25,
        "EBIT": 33,
        "Net Income": 6
    },
    "2009-03-31": {
        "Diluted EPS": 0.01,
        "Total Revenue": 820,
        "Gross Profit": 145,
        "Operating Income": 19,
        "EBIT": 27,
        "Net Income": 0
    },
    "2023-09-30": {
        "Tax Effect Of Unusual Items": NaN,
        "Tax Rate For Calcs": NaN,
        "Normalized EBITDA": NaN,
        "Total Unusual Items": 0.0,
        "Total Unusual Items Excluding Goodwill": 0.0,
        "Net Income From Continuing Operation Net Minority Interest": NaN,
        "Reconciled Depreciation": NaN,
        "Reconciled Cost Of Revenue": NaN,
        "EBITDA": NaN,
        "EBIT": NaN,
        "Net Interest Income": NaN,
        "Interest Expense": NaN,
        "Normalized Income": NaN,
        "Net Income From Continuing And Discontinued Operation": NaN,
        "Total Expenses": NaN,
        "Rent Expense Supplemental": NaN,
        "Total Operating Income As Reported": NaN,
        "Diluted Average Shares": 20700000.0,
        "Basic Average Shares": 20600000.0,
        "Diluted EPS": 8.19,
        "Basic EPS": 8.22,
        "Diluted NI Availto Com Stockholders": NaN,
        "Net Income Common Stockholders": NaN,
        "Net Income": NaN,
        "Net Income Including Noncontrolling Interests": NaN,
        "Net Income Continuous Operations": NaN,
        "Tax Provision": NaN,
        "Pretax Income": NaN,
        "Other Income Expense": NaN,
        "Special Income Charges": 0.0,
        "Gain On Sale Of Business": 0.0,
        "Impairment Of Capital Assets": 0.0,
        "Net Non Operating Interest Income Expense": NaN,
        "Interest Expense Non Operating": NaN,
        "Operating Income": NaN,
        "Operating Expense": NaN,
        "Depreciation Amortization Depletion Income Statement": NaN,
        "Depreciation And Amortization In Income Statement": NaN,
        "Selling General And Administration": NaN,
        "Selling And Marketing Expense": NaN,
        "General And Administrative Expense": NaN,
        "Other Gand A": NaN,
        "Rent And Landing Fees": NaN,
        "Salaries And Wages": NaN,
        "Gross Profit": NaN,
        "Cost Of Revenue": NaN,
        "Total Revenue": NaN,
        "Operating Revenue": NaN
    },
    "2023-12-31": {
        "Tax Effect Of Unusual Items": NaN,
        "Tax Rate For Calcs": NaN,
        "Normalized EBITDA": NaN,
        "Total Unusual Items": NaN,
        "Total Unusual Items Excluding Goodwill": NaN,
        "Net Income From Continuing Operation Net Minority Interest": NaN,
        "Reconciled Depreciation": NaN,
        "Reconciled Cost Of Revenue": NaN,
        "EBITDA": NaN,
        "EBIT": NaN,
        "Net Interest Income": NaN,
        "Interest Expense": NaN,
        "Normalized Income": NaN,
        "Net Income From Continuing And Discontinued Operation": NaN,
        "Total Expenses": NaN,
        "Rent Expense Supplemental": NaN,
        "Total Operating Income As Reported": NaN,
        "Diluted Average Shares": NaN,
        "Basic Average Shares": NaN,
        "Diluted EPS": NaN,
        "Basic EPS": NaN,
        "Diluted NI Availto Com Stockholders": NaN,
        "Net Income Common Stockholders": NaN,
        "Net Income": NaN,
        "Net Income Including Noncontrolling Interests": NaN,
        "Net Income Continuous Operations": NaN,
        "Tax Provision": NaN,
        "Pretax Income": NaN,
        "Other Income Expense": -117200000.0,
        "Special Income Charges": NaN,
        "Gain On Sale Of Business": NaN,
        "Impairment Of Capital Assets": NaN,
        "Net Non Operating Interest Income Expense": NaN,
        "Interest Expense Non Operating": NaN,
        "Operating Income": NaN,
        "Operating Expense": NaN,
        "Depreciation Amortization Depletion Income Statement": NaN,
        "Depreciation And Amortization In Income Statement": NaN,
        "Selling General And Administration": NaN,
        "Selling And Marketing Expense": NaN,
        "General And Administrative Expense": NaN,
        "Other Gand A": NaN,
        "Rent And Landing Fees": NaN,
        "Salaries And Wages": NaN,
        "Gross Profit": NaN,
        "Cost Of Revenue": NaN,
        "Total Revenue": NaN,
        "Operating Revenue": NaN
    },
    "2024-03-31": {
        "Tax Effect Of Unusual Items": 0.0,
        "Tax Rate For Calcs": 0.249234,
        "Normalized EBITDA": 281400000.0,
        "Total Unusual Items": 0.0,
        "Total Unusual Items Excluding Goodwill": 0.0,
        "Net Income From Continuing Operation Net Minority Interest": 147100000.0,
        "Reconciled Depreciation": 18700000.0,
        "Reconciled Cost Of Revenue": 3451200000.0,
        "EBITDA": 281400000.0,
        "EBIT": 262700000.0,
        "Net Interest Income": -66900000.0,
        "Interest Expense": 66900000.0,
        "Normalized Income": 147100000.0,
        "Net Income From Continuing And Discontinued Operation": 147100000.0,
        "Total Expenses": 3938400000.0,
        "Rent Expense Supplemental": 29800000.0,
        "Total Operating Income As Reported": 262800000.0,
        "Diluted Average Shares": 20400000.0,
        "Basic Average Shares": 20300000.0,
        "Diluted EPS": 7.21,
        "Basic EPS": 7.24,
        "Diluted NI Availto Com Stockholders": 147100000.0,
        "Net Income Common Stockholders": 147100000.0,
        "Net Income": 147100000.0,
        "Net Income Including Noncontrolling Interests": 147000000.0,
        "Net Income Continuous Operations": 147000000.0,
        "Tax Provision": 48800000.0,
        "Pretax Income": 195800000.0,
        "Other Income Expense": NaN,
        "Special Income Charges": 0.0,
        "Gain On Sale Of Business": 0.0,
        "Impairment Of Capital Assets": 0.0,
        "Net Non Operating Interest Income Expense": -66900000.0,
        "Interest Expense Non Operating": 66900000.0,
        "Operating Income": 262800000.0,
        "Operating Expense": 487200000.0,
        "Depreciation Amortization Depletion Income Statement": 18700000.0,
        "Depreciation And Amortization In Income Statement": 18700000.0,
        "Selling General And Administration": 468500000.0,
        "Selling And Marketing Expense": 16400000.0,
        "General And Administrative Expense": 452100000.0,
        "Other Gand A": 111000000.0,
        "Rent And Landing Fees": 29800000.0,
        "Salaries And Wages": 311300000.0,
        "Gross Profit": 750000000.0,
        "Cost Of Revenue": 3451200000.0,
        "Total Revenue": 4201300000.0,
        "Operating Revenue": 4201300000.0
    },
    "2024-06-30": {
        "Tax Effect Of Unusual Items": -34399800.0,
        "Tax Rate For Calcs": 0.261,
        "Normalized EBITDA": 254100000.0,
        "Total Unusual Items": -131800000.0,
        "Total Unusual Items Excluding Goodwill": -131800000.0,
        "Net Income From Continuing Operation Net Minority Interest": 28100000.0,
        "Reconciled Depreciation": 18200000.0,
        "Reconciled Cost Of Revenue": 3515500000.0,
        "EBITDA": 122300000.0,
        "EBIT": 104100000.0,
        "Net Interest Income": -66100000.0,
        "Interest Expense": 66100000.0,
        "Normalized Income": 125500200.0,
        "Net Income From Continuing And Discontinued Operation": 28100000.0,
        "Total Expenses": 4010200000.0,
        "Rent Expense Supplemental": 36200000.0,
        "Total Operating Income As Reported": 100500000.0,
        "Diluted Average Shares": 20200000.0,
        "Basic Average Shares": 20100000.0,
        "Diluted EPS": 1.39,
        "Basic EPS": 1.4,
        "Diluted NI Availto Com Stockholders": 28100000.0,
        "Net Income Common Stockholders": 28100000.0,
        "Net Income": 28100000.0,
        "Net Income Including Noncontrolling Interests": 28100000.0,
        "Net Income Continuous Operations": 28100000.0,
        "Tax Provision": 9900000.0,
        "Pretax Income": 38000000.0,
        "Other Income Expense": -131800000.0,
        "Special Income Charges": -131800000.0,
        "Gain On Sale Of Business": 3600000.0,
        "Impairment Of Capital Assets": 135400000.0,
        "Net Non Operating Interest Income Expense": -66100000.0,
        "Interest Expense Non Operating": 66100000.0,
        "Operating Income": 236000000.0,
        "Operating Expense": 494700000.0,
        "Depreciation Amortization Depletion Income Statement": 18200000.0,
        "Depreciation And Amortization In Income Statement": 18200000.0,
        "Selling General And Administration": 476500000.0,
        "Selling And Marketing Expense": 15400000.0,
        "General And Administrative Expense": 461100000.0,
        "Other Gand A": 114200000.0,
        "Rent And Landing Fees": 36200000.0,
        "Salaries And Wages": 310700000.0,
        "Gross Profit": 730700000.0,
        "Cost Of Revenue": 3515500000.0,
        "Total Revenue": 4246200000.0,
        "Operating Revenue": 4246200000.0
    },
    "2024-09-30": {
        "Tax Effect Of Unusual Items": 1280000.0,
        "Tax Rate For Calcs": 0.256,
        "Normalized EBITDA": 251600000.0,
        "Total Unusual Items": 5000000.0,
        "Total Unusual Items Excluding Goodwill": 5000000.0,
        "Net Income From Continuing Operation Net Minority Interest": 126300000.0,
        "Reconciled Depreciation": 18900000.0,
        "Reconciled Cost Of Revenue": 3518600000.0,
        "EBITDA": 256600000.0,
        "EBIT": 237700000.0,
        "Net Interest Income": -68000000.0,
        "Interest Expense": 68000000.0,
        "Normalized Income": 122580000.0,
        "Net Income From Continuing And Discontinued Operation": 126300000.0,
        "Total Expenses": 4004100000.0,
        "Rent Expense Supplemental": 37300000.0,
        "Total Operating Income As Reported": 232700000.0,
        "Diluted Average Shares": 19800000.0,
        "Basic Average Shares": 19700000.0,
        "Diluted EPS": 6.37,
        "Basic EPS": 6.4,
        "Diluted NI Availto Com Stockholders": 126300000.0,
        "Net Income Common Stockholders": 126300000.0,
        "Net Income": 126300000.0,
        "Net Income Including Noncontrolling Interests": 126300000.0,
        "Net Income Continuous Operations": 126300000.0,
        "Tax Provision": 43400000.0,
        "Pretax Income": 169700000.0,
        "Other Income Expense": 5000000.0,
        "Special Income Charges": 5000000.0,
        "Gain On Sale Of Business": 5000000.0,
        "Impairment Of Capital Assets": 0.0,
        "Net Non Operating Interest Income Expense": -68000000.0,
        "Interest Expense Non Operating": 68000000.0,
        "Operating Income": 232500000.0,
        "Operating Expense": 485500000.0,
        "Depreciation Amortization Depletion Income Statement": 18900000.0,
        "Depreciation And Amortization In Income Statement": 18900000.0,
        "Selling General And Administration": 466600000.0,
        "Selling And Marketing Expense": 16000000.0,
        "General And Administrative Expense": 450600000.0,
        "Other Gand A": 109000000.0,
        "Rent And Landing Fees": 37300000.0,
        "Salaries And Wages": 304300000.0,
        "Gross Profit": 718000000.0,
        "Cost Of Revenue": 3518600000.0,
        "Total Revenue": 4236700000.0,
        "Operating Revenue": 4236700000.0
    },
    "2024-12-31": {
        "Tax Effect Of Unusual Items": -3522947.000582,
        "Tax Rate For Calcs": 0.249854,
        "Normalized EBITDA": 273000000.0,
        "Total Unusual Items": -14100000.0,
        "Total Unusual Items Excluding Goodwill": -14100000.0,
        "Net Income From Continuing Operation Net Minority Interest": 128800000.0,
        "Reconciled Depreciation": 19200000.0,
        "Reconciled Cost Of Revenue": 3754500000.0,
        "EBITDA": 258900000.0,
        "EBIT": 239700000.0,
        "Net Interest Income": -68000000.0,
        "Interest Expense": 68000000.0,
        "Normalized Income": 139377052.999418,
        "Net Income From Continuing And Discontinued Operation": 128800000.0,
        "Total Expenses": 4250600000.0,
        "Rent Expense Supplemental": 39300000.0,
        "Total Operating Income As Reported": 239600000.0,
        "Diluted Average Shares": 19700000.0,
        "Basic Average Shares": 19600000.0,
        "Diluted EPS": 6.54,
        "Basic EPS": 6.58,
        "Diluted NI Availto Com Stockholders": 128800000.0,
        "Net Income Common Stockholders": 128800000.0,
        "Net Income": 128800000.0,
        "Net Income Including Noncontrolling Interests": 128800000.0,
        "Net Income Continuous Operations": 128800000.0,
        "Tax Provision": 42900000.0,
        "Pretax Income": 171700000.0,
        "Other Income Expense": -14100000.0,
        "Special Income Charges": -14100000.0,
        "Gain On Sale Of Business": 0.0,
        "Impairment Of Capital Assets": 14100000.0,
        "Net Non Operating Interest Income Expense": -68000000.0,
        "Interest Expense Non Operating": 68000000.0,
        "Operating Income": 253700000.0,
        "Operating Expense": 496100000.0,
        "Depreciation Amortization Depletion Income Statement": 19200000.0,
        "Depreciation And Amortization In Income Statement": 19200000.0,
        "Selling General And Administration": 476900000.0,
        "Selling And Marketing Expense": 14000000.0,
        "General And Administrative Expense": 462900000.0,
        "Other Gand A": 109700000.0,
        "Rent And Landing Fees": 39300000.0,
        "Salaries And Wages": 313900000.0,
        "Gross Profit": 749800000.0,
        "Cost Of Revenue": 3754500000.0,
        "Total Revenue": 4504600000.0,
        "Operating Revenue": 4504600000.0
    },
    "2025-03-31": {
        "Tax Effect Of Unusual Items": -2519400.0,
        "Tax Rate For Calcs": 0.247,
        "Normalized EBITDA": 267800000.0,
        "Total Unusual Items": -10200000.0,
        "Total Unusual Items Excluding Goodwill": -10200000.0,
        "Net Income From Continuing Operation Net Minority Interest": 132100000.0,
        "Reconciled Depreciation": 19200000.0,
        "Reconciled Cost Of Revenue": 3424300000.0,
        "EBITDA": 257600000.0,
        "EBIT": 238400000.0,
        "Net Interest Income": -63000000.0,
        "Interest Expense": 63000000.0,
        "Normalized Income": 139780600.0,
        "Net Income From Continuing And Discontinued Operation": 132100000.0,
        "Total Expenses": 3899800000.0,
        "Rent Expense Supplemental": 21200000.0,
        "Total Operating Income As Reported": 234300000.0,
        "Diluted Average Shares": 19700000.0,
        "Basic Average Shares": 19600000.0,
        "Diluted EPS": 6.71,
        "Basic EPS": 6.73,
        "Diluted NI Availto Com Stockholders": 132100000.0,
        "Net Income Common Stockholders": 132100000.0,
        "Net Income": 132100000.0,
        "Net Income Including Noncontrolling Interests": 132100000.0,
        "Net Income Continuous Operations": 132100000.0,
        "Tax Provision": 43300000.0,
        "Pretax Income": 175400000.0,
        "Other Income Expense": -10200000.0,
        "Special Income Charges": -10200000.0,
        "Gain On Sale Of Business": 4100000.0,
        "Impairment Of Capital Assets": 14300000.0,
        "Net Non Operating Interest Income Expense": -63000000.0,
        "Interest Expense Non Operating": 63000000.0,
        "Operating Income": 248700000.0,
        "Operating Expense": 475500000.0,
        "Depreciation Amortization Depletion Income Statement": 19200000.0,
        "Depreciation And Amortization In Income Statement": 19200000.0,
        "Selling General And Administration": 456300000.0,
        "Selling And Marketing Expense": 15200000.0,
        "General And Administrative Expense": 441100000.0,
        "Other Gand A": 113300000.0,
        "Rent And Landing Fees": 21200000.0,
        "Salaries And Wages": 306600000.0,
        "Gross Profit": 724200000.0,
        "Cost Of Revenue": 3424300000.0,
        "Total Revenue": 4148500000.0,
        "Operating Revenue": 4148500000.0
    },
    "2025-06-30": {
        "Tax Effect Of Unusual Items": 1475000.0,
        "Tax Rate For Calcs": 0.25,
        "Normalized EBITDA": 276400000.0,
        "Total Unusual Items": 5900000.0,
        "Total Unusual Items Excluding Goodwill": 5900000.0,
        "Net Income From Continuing Operation Net Minority Interest": 152800000.0,
        "Reconciled Depreciation": 19000000.0,
        "Reconciled Cost Of Revenue": 3621200000.0,
        "EBITDA": 282300000.0,
        "EBIT": 263300000.0,
        "Net Interest Income": -59500000.0,
        "Interest Expense": 59500000.0,
        "Normalized Income": 148375000.0,
        "Net Income From Continuing And Discontinued Operation": 152800000.0,
        "Total Expenses": 4115600000.0,
        "Rent Expense Supplemental": 28700000.0,
        "Total Operating Income As Reported": 257400000.0,
        "Diluted Average Shares": 19700000.0,
        "Basic Average Shares": 19700000.0,
        "Diluted EPS": 7.76,
        "Basic EPS": 7.77,
        "Diluted NI Availto Com Stockholders": 152800000.0,
        "Net Income Common Stockholders": 152800000.0,
        "Net Income": 152800000.0,
        "Net Income Including Noncontrolling Interests": 152800000.0,
        "Net Income Continuous Operations": 152800000.0,
        "Tax Provision": 51000000.0,
        "Pretax Income": 203800000.0,
        "Other Income Expense": 5900000.0,
        "Special Income Charges": 5900000.0,
        "Gain On Sale Of Business": 5900000.0,
        "Impairment Of Capital Assets": 0.0,
        "Net Non Operating Interest Income Expense": -59500000.0,
        "Interest Expense Non Operating": 59500000.0,
        "Operating Income": 257500000.0,
        "Operating Expense": 494400000.0,
        "Depreciation Amortization Depletion Income Statement": 19000000.0,
        "Depreciation And Amortization In Income Statement": 19000000.0,
        "Selling General And Administration": 475400000.0,
        "Selling And Marketing Expense": 17100000.0,
        "General And Administrative Expense": 458300000.0,
        "Other Gand A": 117000000.0,
        "Rent And Landing Fees": 28700000.0,
        "Salaries And Wages": 312600000.0,
        "Gross Profit": 751900000.0,
        "Cost Of Revenue": 3621200000.0,
        "Total Revenue": 4373200000.0,
        "Operating Revenue": 4373200000.0
    }
}