{
    "2024-03-31": {
        "Tax Effect Of Unusual Items": NaN,
        "Tax Rate For Calcs": NaN,
        "Normalized EBITDA": NaN,
        "Total Unusual Items": NaN,
        "Total Unusual Items Excluding Goodwill": NaN,
        "Net Income From Continuing Operation Net Minority Interest": NaN,
        "Reconciled Depreciation": NaN,
        "Reconciled Cost Of Revenue": NaN,
        "EBITDA": NaN,
        "EBIT": NaN,
        "Net Interest Income": NaN,
        "Interest Expense": NaN,
        "Interest Income": NaN,
        "Normalized Income": NaN,
        "Net Income From Continuing And Discontinued Operation": NaN,
        "Total Expenses": NaN,
        "Total Operating Income As Reported": NaN,
        "Diluted Average Shares": 63027246.0,
        "Basic Average Shares": 63027246.0,
        "Diluted EPS": -0.02,
        "Basic EPS": -0.02,
        "Diluted NI Availto Com Stockholders": NaN,
        "Average Dilution Earnings": NaN,
        "Net Income Common Stockholders": NaN,
        "Net Income": NaN,
        "Minority Interests": NaN,
        "Net Income Including Noncontrolling Interests": NaN,
        "Net Income Continuous Operations": NaN,
        "Tax Provision": NaN,
        "Pretax Income": NaN,
        "Other Income Expense": NaN,
        "Other Non Operating Income Expenses": NaN,
        "Gain On Sale Of Security": NaN,
        "Net Non Operating Interest Income Expense": NaN,
        "Interest Expense Non Operating": NaN,
        "Interest Income Non Operating": NaN,
        "Operating Income": NaN,
        "Operating Expense": NaN,
        "Depreciation Amortization Depletion Income Statement": NaN,
        "Depreciation And Amortization In Income Statement": NaN,
        "Selling General And Administration": NaN,
        "Selling And Marketing Expense": NaN,
        "General And Administrative Expense": NaN,
        "Other Gand A": NaN,
        "Gross Profit": NaN,
        "Cost Of Revenue": NaN,
        "Total Revenue": NaN,
        "Operating Revenue": NaN
    },
    "2023-12-31": {
        "Tax Effect Of Unusual Items": -257163.86506,
        "Tax Rate For Calcs": 0.107907,
        "Normalized EBITDA": 3207550.0,
        "Total Unusual Items": -2383204.0,
        "Total Unusual Items Excluding Goodwill": -2383204.0,
        "Net Income From Continuing Operation Net Minority Interest": -6222383.0,
        "Reconciled Depreciation": 1712934.0,
        "Reconciled Cost Of Revenue": 1662470.0,
        "EBITDA": 824346.0,
        "EBIT": -888588.0,
        "Net Interest Income": -5722645.0,
        "Interest Expense": 6246126.0,
        "Interest Income": 523481.0,
        "Normalized Income": -4096342.86506,
        "Net Income From Continuing And Discontinued Operation": -6222383.0,
        "Total Expenses": 20533341.0,
        "Total Operating Income As Reported": 1993769.0,
        "Diluted Average Shares": NaN,
        "Basic Average Shares": NaN,
        "Diluted EPS": NaN,
        "Basic EPS": NaN,
        "Diluted NI Availto Com Stockholders": -6222383.0,
        "Average Dilution Earnings": NaN,
        "Net Income Common Stockholders": -6222383.0,
        "Net Income": -6222383.0,
        "Minority Interests": 142447.0,
        "Net Income Including Noncontrolling Interests": -6364830.0,
        "Net Income Continuous Operations": -6364830.0,
        "Tax Provision": -769884.0,
        "Pretax Income": -7134714.0,
        "Other Income Expense": -4574275.0,
        "Other Non Operating Income Expenses": -2191071.0,
        "Gain On Sale Of Security": -2383204.0,
        "Net Non Operating Interest Income Expense": -5722645.0,
        "Interest Expense Non Operating": 6246126.0,
        "Interest Income Non Operating": 523481.0,
        "Operating Income": 3162206.0,
        "Operating Expense": 18870871.0,
        "Depreciation Amortization Depletion Income Statement": 1712934.0,
        "Depreciation And Amortization In Income Statement": 1712934.0,
        "Selling General And Administration": 17157937.0,
        "Selling And Marketing Expense": 1788748.0,
        "General And Administrative Expense": 15369189.0,
        "Other Gand A": 15369189.0,
        "Salaries And Wages": NaN,
        "Gross Profit": 22033077.0,
        "Cost Of Revenue": 1662470.0,
        "Total Revenue": 23695547.0,
        "Operating Revenue": 1928621.0
    },
    "2023-09-30": {
        "Tax Effect Of Unusual Items": NaN,
        "Tax Rate For Calcs": NaN,
        "Normalized EBITDA": NaN,
        "Total Unusual Items": NaN,
        "Total Unusual Items Excluding Goodwill": NaN,
        "Net Income From Continuing Operation Net Minority Interest": NaN,
        "Reconciled Depreciation": NaN,
        "Reconciled Cost Of Revenue": NaN,
        "EBITDA": NaN,
        "EBIT": NaN,
        "Net Interest Income": NaN,
        "Interest Expense": NaN,
        "Interest Income": NaN,
        "Normalized Income": NaN,
        "Net Income From Continuing And Discontinued Operation": NaN,
        "Total Expenses": NaN,
        "Total Operating Income As Reported": NaN,
        "Diluted Average Shares": 63349823.0,
        "Basic Average Shares": 63349823.0,
        "Diluted EPS": 0.01,
        "Basic EPS": 0.01,
        "Diluted NI Availto Com Stockholders": NaN,
        "Average Dilution Earnings": NaN,
        "Net Income Common Stockholders": NaN,
        "Net Income": NaN,
        "Minority Interests": NaN,
        "Net Income Including Noncontrolling Interests": NaN,
        "Net Income Continuous Operations": NaN,
        "Tax Provision": NaN,
        "Pretax Income": NaN,
        "Other Income Expense": NaN,
        "Other Non Operating Income Expenses": NaN,
        "Gain On Sale Of Security": NaN,
        "Net Non Operating Interest Income Expense": NaN,
        "Interest Expense Non Operating": NaN,
        "Interest Income Non Operating": NaN,
        "Operating Income": NaN,
        "Operating Expense": NaN,
        "Depreciation Amortization Depletion Income Statement": NaN,
        "Depreciation And Amortization In Income Statement": NaN,
        "Selling General And Administration": NaN,
        "Selling And Marketing Expense": NaN,
        "General And Administrative Expense": NaN,
        "Other Gand A": NaN,
        "Salaries And Wages": 4583632.0,
        "Gross Profit": NaN,
        "Cost Of Revenue": NaN,
        "Total Revenue": NaN,
        "Operating Revenue": NaN
    },
    "2023-06-30": {
        "Tax Effect Of Unusual Items": NaN,
        "Tax Rate For Calcs": NaN,
        "Normalized EBITDA": NaN,
        "Total Unusual Items": NaN,
        "Total Unusual Items Excluding Goodwill": NaN,
        "Net Income From Continuing Operation Net Minority Interest": NaN,
        "Reconciled Depreciation": NaN,
        "Reconciled Cost Of Revenue": NaN,
        "EBITDA": NaN,
        "EBIT": NaN,
        "Net Interest Income": NaN,
        "Interest Expense": NaN,
        "Interest Income": NaN,
        "Normalized Income": NaN,
        "Net Income From Continuing And Discontinued Operation": NaN,
        "Total Expenses": NaN,
        "Total Operating Income As Reported": NaN,
        "Diluted Average Shares": 50507728.0,
        "Basic Average Shares": 50507728.0,
        "Diluted EPS": 0.13,
        "Basic EPS": 0.13,
        "Diluted NI Availto Com Stockholders": NaN,
        "Average Dilution Earnings": 0.0,
        "Net Income Common Stockholders": NaN,
        "Net Income": NaN,
        "Minority Interests": NaN,
        "Net Income Including Noncontrolling Interests": NaN,
        "Net Income Continuous Operations": NaN,
        "Tax Provision": NaN,
        "Pretax Income": NaN,
        "Other Income Expense": NaN,
        "Other Non Operating Income Expenses": NaN,
        "Gain On Sale Of Security": NaN,
        "Net Non Operating Interest Income Expense": NaN,
        "Interest Expense Non Operating": NaN,
        "Interest Income Non Operating": NaN,
        "Operating Income": NaN,
        "Operating Expense": NaN,
        "Other Operating Expenses": 3392647.0,
        "Depreciation Amortization Depletion Income Statement": NaN,
        "Depreciation And Amortization In Income Statement": NaN,
        "Depreciation Income Statement": 2561.0,
        "Selling General And Administration": NaN,
        "Selling And Marketing Expense": NaN,
        "General And Administrative Expense": NaN,
        "Other Gand A": NaN,
        "Salaries And Wages": NaN,
        "Gross Profit": NaN,
        "Cost Of Revenue": NaN,
        "Total Revenue": NaN,
        "Operating Revenue": NaN,
        "Loss Adjustment Expense": 1505333.0,
        "Net Policyholder Benefits And Claims": 1505333.0
    },
    "2023-03-31": {
        "Tax Effect Of Unusual Items": NaN,
        "Tax Rate For Calcs": NaN,
        "Normalized EBITDA": NaN,
        "Total Unusual Items": NaN,
        "Total Unusual Items Excluding Goodwill": NaN,
        "Net Income From Continuing Operation Net Minority Interest": NaN,
        "Reconciled Depreciation": NaN,
        "Reconciled Cost Of Revenue": NaN,
        "EBITDA": NaN,
        "EBIT": NaN,
        "Net Interest Income": NaN,
        "Interest Expense": NaN,
        "Interest Income": NaN,
        "Normalized Income": NaN,
        "Net Income From Continuing And Discontinued Operation": NaN,
        "Total Expenses": NaN,
        "Total Operating Income As Reported": NaN,
        "Diluted Average Shares": NaN,
        "Basic Average Shares": NaN,
        "Diluted EPS": NaN,
        "Basic EPS": NaN,
        "Diluted NI Availto Com Stockholders": NaN,
        "Average Dilution Earnings": NaN,
        "Net Income Common Stockholders": NaN,
        "Net Income": NaN,
        "Minority Interests": NaN,
        "Net Income Including Noncontrolling Interests": NaN,
        "Net Income Continuous Operations": NaN,
        "Tax Provision": NaN,
        "Pretax Income": NaN,
        "Other Income Expense": NaN,
        "Other Non Operating Income Expenses": NaN,
        "Gain On Sale Of Security": NaN,
        "Net Non Operating Interest Income Expense": NaN,
        "Interest Expense Non Operating": NaN,
        "Interest Income Non Operating": NaN,
        "Operating Income": NaN,
        "Operating Expense": NaN,
        "Other Operating Expenses": 3165707.0,
        "Depreciation Amortization Depletion Income Statement": NaN,
        "Depreciation And Amortization In Income Statement": NaN,
        "Depreciation Income Statement": 3036.0,
        "Selling General And Administration": NaN,
        "Selling And Marketing Expense": NaN,
        "General And Administrative Expense": NaN,
        "Other Gand A": NaN,
        "Salaries And Wages": NaN,
        "Gross Profit": NaN,
        "Cost Of Revenue": NaN,
        "Total Revenue": NaN,
        "Operating Revenue": NaN,
        "Loss Adjustment Expense": 1229616.0,
        "Net Policyholder Benefits And Claims": 1229616.0
    },
    "2022-12-31": {
        "Tax Effect Of Unusual Items": NaN,
        "Tax Rate For Calcs": NaN,
        "Normalized EBITDA": NaN,
        "Total Unusual Items": NaN,
        "Total Unusual Items Excluding Goodwill": NaN,
        "Net Income From Continuing Operation Net Minority Interest": NaN,
        "Reconciled Depreciation": NaN,
        "Reconciled Cost Of Revenue": 12626879.0,
        "EBITDA": NaN,
        "EBIT": NaN,
        "Net Interest Income": NaN,
        "Interest Expense": NaN,
        "Interest Income": NaN,
        "Normalized Income": NaN,
        "Net Income From Continuing And Discontinued Operation": NaN,
        "Total Expenses": NaN,
        "Total Operating Income As Reported": -23170772.0,
        "Diluted Average Shares": NaN,
        "Basic Average Shares": NaN,
        "Diluted EPS": NaN,
        "Basic EPS": NaN,
        "Diluted NI Availto Com Stockholders": NaN,
        "Net Income Common Stockholders": NaN,
        "Net Income": NaN,
        "Minority Interests": NaN,
        "Net Income Including Noncontrolling Interests": NaN,
        "Net Income Continuous Operations": NaN,
        "Tax Provision": NaN,
        "Pretax Income": NaN,
        "Other Income Expense": NaN,
        "Other Non Operating Income Expenses": -659288.0,
        "Gain On Sale Of Security": NaN,
        "Net Non Operating Interest Income Expense": NaN,
        "Interest Expense Non Operating": NaN,
        "Interest Income Non Operating": NaN,
        "Operating Income": -23613074.0,
        "Operating Expense": 6312453.0,
        "Other Operating Expenses": NaN,
        "Depreciation Amortization Depletion Income Statement": 8954.0,
        "Depreciation And Amortization In Income Statement": NaN,
        "Depreciation Income Statement": NaN,
        "Selling General And Administration": NaN,
        "Selling And Marketing Expense": NaN,
        "General And Administrative Expense": NaN,
        "Other Gand A": NaN,
        "Salaries And Wages": NaN,
        "Gross Profit": -17300621.0,
        "Cost Of Revenue": 12720036.0,
        "Total Revenue": NaN,
        "Operating Revenue": NaN,
        "Loss Adjustment Expense": NaN,
        "Net Policyholder Benefits And Claims": NaN
    },
    "2024-06-30": {
        "Tax Effect Of Unusual Items": NaN,
        "Tax Rate For Calcs": NaN,
        "Normalized EBITDA": NaN,
        "Total Unusual Items": NaN,
        "Total Unusual Items Excluding Goodwill": NaN,
        "Net Income From Continuing Operation Net Minority Interest": NaN,
        "Reconciled Depreciation": NaN,
        "Reconciled Cost Of Revenue": NaN,
        "EBITDA": NaN,
        "EBIT": NaN,
        "Net Interest Income": NaN,
        "Interest Expense": NaN,
        "Interest Income": NaN,
        "Normalized Income": NaN,
        "Net Income From Continuing And Discontinued Operation": NaN,
        "Total Expenses": NaN,
        "Total Operating Income As Reported": NaN,
        "Diluted Average Shares": 67162820.0,
        "Basic Average Shares": 63846170.0,
        "Diluted EPS": 0.01,
        "Basic EPS": 0.01,
        "Diluted NI Availto Com Stockholders": NaN,
        "Average Dilution Earnings": 0.0,
        "Net Income Common Stockholders": NaN,
        "Net Income": NaN,
        "Minority Interests": NaN,
        "Net Income Including Noncontrolling Interests": NaN,
        "Net Income Continuous Operations": NaN,
        "Tax Provision": NaN,
        "Pretax Income": NaN,
        "Other Income Expense": NaN,
        "Other Non Operating Income Expenses": NaN,
        "Gain On Sale Of Security": NaN,
        "Net Non Operating Interest Income Expense": NaN,
        "Interest Expense Non Operating": NaN,
        "Interest Income Non Operating": NaN,
        "Operating Income": NaN,
        "Operating Expense": NaN,
        "Depreciation Amortization Depletion Income Statement": NaN,
        "Depreciation And Amortization In Income Statement": NaN,
        "Selling General And Administration": NaN,
        "Selling And Marketing Expense": NaN,
        "General And Administrative Expense": NaN,
        "Other Gand A": NaN,
        "Gross Profit": NaN,
        "Cost Of Revenue": NaN,
        "Total Revenue": NaN,
        "Operating Revenue": NaN
    },
    "2024-09-30": {
        "Tax Effect Of Unusual Items": -383254.649232,
        "Tax Rate For Calcs": 0.045232,
        "Normalized EBITDA": 8901474.0,
        "Total Unusual Items": -8473060.0,
        "Total Unusual Items Excluding Goodwill": -8473060.0,
        "Net Income From Continuing Operation Net Minority Interest": -5125055.0,
        "Reconciled Depreciation": 1745279.0,
        "Reconciled Cost Of Revenue": 2187981.0,
        "EBITDA": 428414.0,
        "EBIT": -1316865.0,
        "Net Interest Income": -3608818.0,
        "Interest Expense": 4218314.0,
        "Interest Income": 609496.0,
        "Normalized Income": 2964750.350768,
        "Net Income From Continuing And Discontinued Operation": -5125055.0,
        "Total Expenses": 21591960.0,
        "Total Operating Income As Reported": 6849971.0,
        "Diluted Average Shares": 74694319.0,
        "Basic Average Shares": 74694319.0,
        "Diluted EPS": -0.07,
        "Basic EPS": -0.07,
        "Diluted NI Availto Com Stockholders": -5125055.0,
        "Average Dilution Earnings": NaN,
        "Net Income Common Stockholders": -5125055.0,
        "Net Income": -5125055.0,
        "Minority Interests": 159756.0,
        "Net Income Including Noncontrolling Interests": -5284811.0,
        "Net Income Continuous Operations": -5284811.0,
        "Tax Provision": -250368.0,
        "Pretax Income": -5535179.0,
        "Other Income Expense": -8482892.0,
        "Other Non Operating Income Expenses": -9832.0,
        "Gain On Sale Of Security": -8473060.0,
        "Net Non Operating Interest Income Expense": -3608818.0,
        "Interest Expense Non Operating": 4218314.0,
        "Interest Income Non Operating": 609496.0,
        "Operating Income": 6556531.0,
        "Operating Expense": 19403979.0,
        "Depreciation Amortization Depletion Income Statement": 1745279.0,
        "Depreciation And Amortization In Income Statement": 1745279.0,
        "Selling General And Administration": 17658700.0,
        "Selling And Marketing Expense": 2169197.0,
        "General And Administrative Expense": 15489503.0,
        "Other Gand A": 15489503.0,
        "Gross Profit": 25960510.0,
        "Cost Of Revenue": 2187981.0,
        "Total Revenue": 28148491.0,
        "Operating Revenue": 28148491.0
    },
    "2024-12-31": {
        "Tax Effect Of Unusual Items": 1052546.25,
        "Tax Rate For Calcs": 0.21,
        "Normalized EBITDA": -12623633.0,
        "Total Unusual Items": 5012125.0,
        "Total Unusual Items Excluding Goodwill": 5012125.0,
        "Net Income From Continuing Operation Net Minority Interest": -18257233.0,
        "Reconciled Depreciation": 2732373.0,
        "Reconciled Cost Of Revenue": 3719321.0,
        "EBITDA": -7611508.0,
        "EBIT": -10343881.0,
        "Net Interest Income": -5133877.0,
        "Interest Expense": 5861740.0,
        "Interest Income": 727863.0,
        "Normalized Income": -22216811.75,
        "Net Income From Continuing And Discontinued Operation": -18257233.0,
        "Total Expenses": 49201308.0,
        "Total Operating Income As Reported": -16762174.0,
        "Diluted Average Shares": NaN,
        "Basic Average Shares": NaN,
        "Diluted EPS": NaN,
        "Basic EPS": NaN,
        "Diluted NI Availto Com Stockholders": -18257233.0,
        "Average Dilution Earnings": NaN,
        "Net Income Common Stockholders": -18257233.0,
        "Net Income": -18257233.0,
        "Minority Interests": 752271.0,
        "Net Income Including Noncontrolling Interests": -19009504.0,
        "Net Income Continuous Operations": -19009504.0,
        "Tax Provision": 2803883.0,
        "Pretax Income": -16205621.0,
        "Other Income Expense": 4917555.0,
        "Other Non Operating Income Expenses": -94570.0,
        "Gain On Sale Of Security": 5012125.0,
        "Net Non Operating Interest Income Expense": -5133877.0,
        "Interest Expense Non Operating": 5861740.0,
        "Interest Income Non Operating": 727863.0,
        "Operating Income": -15989299.0,
        "Operating Expense": 45481987.0,
        "Depreciation Amortization Depletion Income Statement": 2732373.0,
        "Depreciation And Amortization In Income Statement": 2732373.0,
        "Selling General And Administration": 42749614.0,
        "Selling And Marketing Expense": 2411442.0,
        "General And Administrative Expense": 40338172.0,
        "Other Gand A": 40338172.0,
        "Gross Profit": 29492688.0,
        "Cost Of Revenue": 3719321.0,
        "Total Revenue": 33212009.0,
        "Operating Revenue": 33212009.0
    },
    "2025-03-31": {
        "Tax Effect Of Unusual Items": -353836.186,
        "Tax Rate For Calcs": 0.302,
        "Normalized EBITDA": 23281630.0,
        "Total Unusual Items": -1171643.0,
        "Total Unusual Items Excluding Goodwill": -1171643.0,
        "Net Income From Continuing Operation Net Minority Interest": 4639583.0,
        "Reconciled Depreciation": 4758546.0,
        "Reconciled Cost Of Revenue": 7108407.0,
        "EBITDA": 22109987.0,
        "EBIT": 17351441.0,
        "Net Interest Income": -8443329.0,
        "Interest Expense": 9618330.0,
        "Interest Income": 1175001.0,
        "Normalized Income": 5457389.814,
        "Net Income From Continuing And Discontinued Operation": 4639583.0,
        "Total Expenses": 26746739.0,
        "Total Operating Income As Reported": 21026964.0,
        "Diluted Average Shares": 96193199.0,
        "Basic Average Shares": 96193199.0,
        "Diluted EPS": 0.05,
        "Basic EPS": 0.05,
        "Diluted NI Availto Com Stockholders": 4639583.0,
        "Average Dilution Earnings": NaN,
        "Net Income Common Stockholders": 4639583.0,
        "Net Income": 4639583.0,
        "Minority Interests": -759443.0,
        "Net Income Including Noncontrolling Interests": 5399026.0,
        "Net Income Continuous Operations": 5399026.0,
        "Tax Provision": 2334085.0,
        "Pretax Income": 7733111.0,
        "Other Income Expense": -1216167.0,
        "Other Non Operating Income Expenses": -44524.0,
        "Gain On Sale Of Security": -1171643.0,
        "Net Non Operating Interest Income Expense": -8443329.0,
        "Interest Expense Non Operating": 9618330.0,
        "Interest Income Non Operating": 1175001.0,
        "Operating Income": 17392607.0,
        "Operating Expense": 19638332.0,
        "Depreciation Amortization Depletion Income Statement": 4758546.0,
        "Depreciation And Amortization In Income Statement": 4758546.0,
        "Selling General And Administration": 14879786.0,
        "Selling And Marketing Expense": 2616000.0,
        "General And Administrative Expense": 12263786.0,
        "Other Gand A": 12263786.0,
        "Gross Profit": 37030939.0,
        "Cost Of Revenue": 7108407.0,
        "Total Revenue": 44139346.0,
        "Operating Revenue": 44139346.0
    },
    "2025-06-30": {
        "Tax Effect Of Unusual Items": 734131.09273,
        "Tax Rate For Calcs": 0.187721,
        "Normalized EBITDA": 31706382.0,
        "Total Unusual Items": 3910746.0,
        "Total Unusual Items Excluding Goodwill": 3910746.0,
        "Net Income From Continuing Operation Net Minority Interest": 17583689.0,
        "Reconciled Depreciation": 5184083.0,
        "Reconciled Cost Of Revenue": 6054644.0,
        "EBITDA": 35617128.0,
        "EBIT": 30433045.0,
        "Net Interest Income": -7739867.0,
        "Interest Expense": 8752145.0,
        "Interest Income": 1012278.0,
        "Normalized Income": 14407074.09273,
        "Net Income From Continuing And Discontinued Operation": 17583689.0,
        "Total Expenses": 33432771.0,
        "Total Operating Income As Reported": 22519595.0,
        "Diluted Average Shares": 97372470.0,
        "Basic Average Shares": 94690195.0,
        "Diluted EPS": 0.18,
        "Basic EPS": 0.18,
        "Diluted NI Availto Com Stockholders": 17583689.0,
        "Average Dilution Earnings": NaN,
        "Net Income Common Stockholders": 17583689.0,
        "Net Income": 17583689.0,
        "Minority Interests": -27240.0,
        "Net Income Including Noncontrolling Interests": 17610929.0,
        "Net Income Continuous Operations": 17610929.0,
        "Tax Provision": 4069971.0,
        "Pretax Income": 21680900.0,
        "Other Income Expense": 6628918.0,
        "Other Non Operating Income Expenses": 2718172.0,
        "Gain On Sale Of Security": 3910746.0,
        "Net Non Operating Interest Income Expense": -7739867.0,
        "Interest Expense Non Operating": 8752145.0,
        "Interest Income Non Operating": 1012278.0,
        "Operating Income": 22791849.0,
        "Operating Expense": 27378127.0,
        "Depreciation Amortization Depletion Income Statement": 5184083.0,
        "Depreciation And Amortization In Income Statement": 5184083.0,
        "Selling General And Administration": 22194044.0,
        "Selling And Marketing Expense": 3267715.0,
        "General And Administrative Expense": 18926329.0,
        "Other Gand A": 18926329.0,
        "Gross Profit": 50169976.0,
        "Cost Of Revenue": 6054644.0,
        "Total Revenue": 56224620.0,
        "Operating Revenue": 56224620.0
    },
    "2025-09-30": {
        "Tax Effect Of Unusual Items": -431142.47073,
        "Tax Rate For Calcs": 0.398766,
        "Normalized EBITDA": 26987781.0,
        "Total Unusual Items": -1081193.0,
        "Total Unusual Items Excluding Goodwill": -1081193.0,
        "Net Income From Continuing Operation Net Minority Interest": 7075348.0,
        "Reconciled Depreciation": 4400082.0,
        "Reconciled Cost Of Revenue": 7655698.0,
        "EBITDA": 25906588.0,
        "EBIT": 21506506.0,
        "Net Interest Income": -8934824.0,
        "Interest Expense": 9738472.0,
        "Interest Income": 803648.0,
        "Normalized Income": 7725398.52927,
        "Net Income From Continuing And Discontinued Operation": 7075348.0,
        "Total Expenses": 40561978.0,
        "Total Operating Income As Reported": 22413178.0,
        "Diluted Average Shares": 96651911.0,
        "Basic Average Shares": 95956504.0,
        "Diluted EPS": 0.07,
        "Basic EPS": 0.07,
        "Diluted NI Availto Com Stockholders": 7075348.0,
        "Average Dilution Earnings": NaN,
        "Net Income Common Stockholders": 7075348.0,
        "Net Income": 7075348.0,
        "Minority Interests": 0.0,
        "Net Income Including Noncontrolling Interests": 7075348.0,
        "Net Income Continuous Operations": 7075348.0,
        "Tax Provision": 4692686.0,
        "Pretax Income": 11768034.0,
        "Other Income Expense": -1710320.0,
        "Other Non Operating Income Expenses": -629127.0,
        "Gain On Sale Of Security": -1081193.0,
        "Net Non Operating Interest Income Expense": -8934824.0,
        "Interest Expense Non Operating": 9738472.0,
        "Interest Income Non Operating": 803648.0,
        "Operating Income": 22413178.0,
        "Operating Expense": 32906280.0,
        "Depreciation Amortization Depletion Income Statement": 4400082.0,
        "Depreciation And Amortization In Income Statement": 4400082.0,
        "Selling General And Administration": 28506198.0,
        "Selling And Marketing Expense": 3799884.0,
        "General And Administrative Expense": 24706314.0,
        "Other Gand A": 24706314.0,
        "Gross Profit": 55319458.0,
        "Cost Of Revenue": 7655698.0,
        "Total Revenue": 62975156.0,
        "Operating Revenue": 62975156.0
    }
}