{
    "2023-03-31": {
        "Tax Effect Of Unusual Items": NaN,
        "Tax Rate For Calcs": NaN,
        "Normalized EBITDA": NaN,
        "Total Unusual Items": NaN,
        "Total Unusual Items Excluding Goodwill": NaN,
        "Net Income From Continuing Operation Net Minority Interest": NaN,
        "Reconciled Depreciation": NaN,
        "EBITDA": NaN,
        "EBIT": NaN,
        "Net Interest Income": NaN,
        "Interest Expense": NaN,
        "Normalized Income": NaN,
        "Net Income From Continuing And Discontinued Operation": NaN,
        "Total Expenses": NaN,
        "Total Operating Income As Reported": NaN,
        "Diluted Average Shares": 91479452.0,
        "Basic Average Shares": 91479452.0,
        "Diluted EPS": -0.26,
        "Basic EPS": -0.26,
        "Diluted NI Availto Com Stockholders": NaN,
        "Net Income Common Stockholders": NaN,
        "Net Income": NaN,
        "Net Income Including Noncontrolling Interests": NaN,
        "Net Income Continuous Operations": NaN,
        "Tax Provision": NaN,
        "Pretax Income": NaN,
        "Other Income Expense": NaN,
        "Other Non Operating Income Expenses": NaN,
        "Special Income Charges": NaN,
        "Impairment Of Capital Assets": NaN,
        "Net Non Operating Interest Income Expense": NaN,
        "Interest Expense Non Operating": NaN,
        "Operating Income": NaN,
        "Operating Expense": NaN,
        "Depreciation Amortization Depletion Income Statement": NaN,
        "Depreciation And Amortization In Income Statement": NaN,
        "Research And Development": NaN,
        "Selling General And Administration": NaN,
        "Total Revenue": NaN,
        "Operating Revenue": NaN
    },
    "2022-12-31": {
        "Tax Effect Of Unusual Items": NaN,
        "Tax Rate For Calcs": NaN,
        "Normalized EBITDA": NaN,
        "Total Unusual Items": NaN,
        "Total Unusual Items Excluding Goodwill": NaN,
        "Net Income From Continuing Operation Net Minority Interest": NaN,
        "Reconciled Depreciation": NaN,
        "EBITDA": NaN,
        "EBIT": NaN,
        "Net Interest Income": NaN,
        "Interest Expense": NaN,
        "Normalized Income": NaN,
        "Net Income From Continuing And Discontinued Operation": NaN,
        "Total Expenses": NaN,
        "Total Operating Income As Reported": NaN,
        "Diluted Average Shares": 91321166.0,
        "Basic Average Shares": 91321166.0,
        "Diluted EPS": -0.21,
        "Basic EPS": -0.21,
        "Diluted NI Availto Com Stockholders": NaN,
        "Net Income Common Stockholders": NaN,
        "Net Income": NaN,
        "Net Income Including Noncontrolling Interests": NaN,
        "Net Income Continuous Operations": NaN,
        "Tax Provision": NaN,
        "Pretax Income": NaN,
        "Other Income Expense": NaN,
        "Other Non Operating Income Expenses": NaN,
        "Special Income Charges": NaN,
        "Impairment Of Capital Assets": NaN,
        "Net Non Operating Interest Income Expense": NaN,
        "Interest Expense Non Operating": NaN,
        "Operating Income": NaN,
        "Operating Expense": NaN,
        "Depreciation Amortization Depletion Income Statement": NaN,
        "Depreciation And Amortization In Income Statement": NaN,
        "Research And Development": NaN,
        "Selling General And Administration": NaN,
        "Total Revenue": NaN,
        "Operating Revenue": NaN
    },
    "2022-09-30": {
        "Tax Effect Of Unusual Items": NaN,
        "Tax Rate For Calcs": NaN,
        "Normalized EBITDA": NaN,
        "Total Unusual Items": 0.0,
        "Total Unusual Items Excluding Goodwill": 0.0,
        "Net Income From Continuing Operation Net Minority Interest": NaN,
        "Reconciled Depreciation": NaN,
        "EBITDA": NaN,
        "EBIT": NaN,
        "Net Interest Income": NaN,
        "Interest Expense": NaN,
        "Normalized Income": NaN,
        "Net Income From Continuing And Discontinued Operation": NaN,
        "Total Expenses": NaN,
        "Total Operating Income As Reported": NaN,
        "Diluted Average Shares": NaN,
        "Basic Average Shares": NaN,
        "Diluted EPS": NaN,
        "Basic EPS": NaN,
        "Diluted NI Availto Com Stockholders": NaN,
        "Net Income Common Stockholders": NaN,
        "Net Income": NaN,
        "Net Income Including Noncontrolling Interests": NaN,
        "Net Income Continuous Operations": NaN,
        "Tax Provision": NaN,
        "Pretax Income": NaN,
        "Other Income Expense": NaN,
        "Other Non Operating Income Expenses": NaN,
        "Special Income Charges": 0.0,
        "Impairment Of Capital Assets": 0.0,
        "Net Non Operating Interest Income Expense": NaN,
        "Interest Expense Non Operating": NaN,
        "Operating Income": NaN,
        "Operating Expense": NaN,
        "Depreciation Amortization Depletion Income Statement": NaN,
        "Depreciation And Amortization In Income Statement": NaN,
        "Research And Development": NaN,
        "Selling General And Administration": NaN,
        "Total Revenue": NaN,
        "Operating Revenue": NaN
    },
    "2022-06-30": {
        "Tax Effect Of Unusual Items": 0.0,
        "Tax Rate For Calcs": 0.009,
        "Normalized EBITDA": -25598000.0,
        "Total Unusual Items": NaN,
        "Total Unusual Items Excluding Goodwill": NaN,
        "Net Income From Continuing Operation Net Minority Interest": -28680000.0,
        "Reconciled Depreciation": 3141000.0,
        "EBITDA": -25598000.0,
        "EBIT": -28739000.0,
        "Net Interest Income": -211000.0,
        "Interest Expense": 211000.0,
        "Normalized Income": -28680000.0,
        "Net Income From Continuing And Discontinued Operation": -28680000.0,
        "Total Expenses": 29889000.0,
        "Total Operating Income As Reported": -28887000.0,
        "Diluted Average Shares": 90669499.0,
        "Basic Average Shares": 90669499.0,
        "Diluted EPS": -0.32,
        "Basic EPS": -0.32,
        "Diluted NI Availto Com Stockholders": -28680000.0,
        "Net Income Common Stockholders": -28680000.0,
        "Net Income": -28680000.0,
        "Net Income Including Noncontrolling Interests": -28680000.0,
        "Net Income Continuous Operations": -28680000.0,
        "Tax Provision": -270000.0,
        "Pretax Income": -28950000.0,
        "Other Income Expense": 148000.0,
        "Other Non Operating Income Expenses": 148000.0,
        "Special Income Charges": NaN,
        "Impairment Of Capital Assets": NaN,
        "Net Non Operating Interest Income Expense": -211000.0,
        "Interest Expense Non Operating": 211000.0,
        "Operating Income": -28887000.0,
        "Operating Expense": 29889000.0,
        "Depreciation Amortization Depletion Income Statement": 3141000.0,
        "Depreciation And Amortization In Income Statement": 3141000.0,
        "Research And Development": 16241000.0,
        "Selling General And Administration": 10507000.0,
        "Total Revenue": 1002000.0,
        "Operating Revenue": 1002000.0
    },
    "2022-03-31": {
        "Diluted EPS": -0.33,
        "Total Revenue": 1,
        "Gross Profit": 1,
        "Operating Income": -29,
        "EBIT": -26,
        "Net Income": -29
    },
    "2021-12-31": {
        "Diluted EPS": 1.34,
        "Total Revenue": 1,
        "Gross Profit": 1,
        "Operating Income": -26,
        "EBIT": -23,
        "Net Income": -25
    },
    "2021-09-30": {
        "Diluted EPS": -0.33,
        "Total Revenue": 2,
        "Gross Profit": 2,
        "Operating Income": -21,
        "EBIT": -19,
        "Net Income": -24
    },
    "2021-06-30": {
        "Diluted EPS": -2.39,
        "Total Revenue": 1,
        "Gross Profit": 1,
        "Operating Income": -17,
        "EBIT": -15,
        "Net Income": -42
    },
    "2021-03-31": {
        "Diluted EPS": -0.7,
        "Total Revenue": 1,
        "Gross Profit": 1,
        "Operating Income": -11,
        "EBIT": -11,
        "Net Income": -12
    },
    "2020-12-31": {
        "Diluted EPS": -0.31,
        "Total Revenue": 3,
        "Gross Profit": 3,
        "Operating Income": -5,
        "EBIT": -4,
        "Net Income": -5
    },
    "2020-09-30": {
        "Diluted EPS": -0.85,
        "Total Revenue": 1,
        "Gross Profit": 1,
        "Operating Income": -3,
        "EBIT": -3,
        "Net Income": -13
    },
    "2020-06-30": {
        "Diluted EPS": -1.12,
        "Total Revenue": 1,
        "Gross Profit": 1,
        "Operating Income": -3,
        "EBIT": -3,
        "Net Income": -17
    },
    "2020-03-31": {
        "Diluted EPS": -0.91,
        "Total Revenue": 1,
        "Gross Profit": 1,
        "Operating Income": -2,
        "EBIT": -2,
        "Net Income": -14
    },
    "2019-12-31": {
        "Diluted EPS": 0.0,
        "Total Revenue": NaN,
        "Gross Profit": NaN,
        "Operating Income": NaN,
        "EBIT": NaN,
        "Net Income": NaN
    },
    "2023-06-30": {
        "Tax Effect Of Unusual Items": NaN,
        "Tax Rate For Calcs": NaN,
        "Normalized EBITDA": NaN,
        "Total Unusual Items": -21335000.0,
        "Total Unusual Items Excluding Goodwill": -21335000.0,
        "Net Income From Continuing Operation Net Minority Interest": NaN,
        "Reconciled Depreciation": NaN,
        "EBITDA": NaN,
        "EBIT": NaN,
        "Net Interest Income": NaN,
        "Interest Expense": NaN,
        "Normalized Income": NaN,
        "Net Income From Continuing And Discontinued Operation": NaN,
        "Total Expenses": NaN,
        "Total Operating Income As Reported": NaN,
        "Diluted Average Shares": 91827780.0,
        "Basic Average Shares": 91827780.0,
        "Diluted EPS": -0.45,
        "Basic EPS": -0.45,
        "Diluted NI Availto Com Stockholders": NaN,
        "Net Income Common Stockholders": NaN,
        "Net Income": NaN,
        "Net Income Including Noncontrolling Interests": NaN,
        "Net Income Continuous Operations": NaN,
        "Tax Provision": NaN,
        "Pretax Income": NaN,
        "Other Income Expense": NaN,
        "Other Non Operating Income Expenses": NaN,
        "Special Income Charges": -21335000.0,
        "Impairment Of Capital Assets": 21335000.0,
        "Net Non Operating Interest Income Expense": NaN,
        "Interest Expense Non Operating": NaN,
        "Operating Income": NaN,
        "Operating Expense": NaN,
        "Depreciation Amortization Depletion Income Statement": NaN,
        "Depreciation And Amortization In Income Statement": NaN,
        "Research And Development": NaN,
        "Selling General And Administration": NaN,
        "Total Revenue": NaN,
        "Operating Revenue": NaN
    },
    "2023-09-30": {
        "Tax Effect Of Unusual Items": NaN,
        "Tax Rate For Calcs": NaN,
        "Normalized EBITDA": NaN,
        "Total Unusual Items": 0.0,
        "Total Unusual Items Excluding Goodwill": 0.0,
        "Net Income From Continuing Operation Net Minority Interest": NaN,
        "Reconciled Depreciation": NaN,
        "EBITDA": NaN,
        "EBIT": NaN,
        "Net Interest Income": NaN,
        "Interest Expense": NaN,
        "Normalized Income": NaN,
        "Net Income From Continuing And Discontinued Operation": NaN,
        "Total Expenses": NaN,
        "Total Operating Income As Reported": NaN,
        "Diluted Average Shares": NaN,
        "Basic Average Shares": NaN,
        "Diluted EPS": NaN,
        "Basic EPS": NaN,
        "Diluted NI Availto Com Stockholders": NaN,
        "Net Income Common Stockholders": NaN,
        "Net Income": NaN,
        "Net Income Including Noncontrolling Interests": NaN,
        "Net Income Continuous Operations": NaN,
        "Tax Provision": NaN,
        "Pretax Income": NaN,
        "Other Income Expense": NaN,
        "Other Non Operating Income Expenses": NaN,
        "Special Income Charges": 0.0,
        "Impairment Of Capital Assets": 0.0,
        "Net Non Operating Interest Income Expense": NaN,
        "Interest Expense Non Operating": NaN,
        "Operating Income": NaN,
        "Operating Expense": NaN,
        "Depreciation Amortization Depletion Income Statement": NaN,
        "Depreciation And Amortization In Income Statement": NaN,
        "Research And Development": NaN,
        "Selling General And Administration": NaN,
        "Total Revenue": NaN,
        "Operating Revenue": NaN
    },
    "2023-12-31": {
        "Tax Effect Of Unusual Items": NaN,
        "Tax Rate For Calcs": NaN,
        "Normalized EBITDA": NaN,
        "Total Unusual Items": 0.0,
        "Total Unusual Items Excluding Goodwill": 0.0,
        "Net Income From Continuing Operation Net Minority Interest": NaN,
        "Reconciled Depreciation": NaN,
        "EBITDA": NaN,
        "EBIT": NaN,
        "Net Interest Income": NaN,
        "Interest Expense": NaN,
        "Normalized Income": NaN,
        "Net Income From Continuing And Discontinued Operation": NaN,
        "Total Expenses": NaN,
        "Total Operating Income As Reported": NaN,
        "Diluted Average Shares": NaN,
        "Basic Average Shares": NaN,
        "Diluted EPS": NaN,
        "Basic EPS": NaN,
        "Diluted NI Availto Com Stockholders": NaN,
        "Net Income Common Stockholders": NaN,
        "Net Income": NaN,
        "Net Income Including Noncontrolling Interests": NaN,
        "Net Income Continuous Operations": NaN,
        "Tax Provision": NaN,
        "Pretax Income": NaN,
        "Other Income Expense": NaN,
        "Other Non Operating Income Expenses": NaN,
        "Special Income Charges": 0.0,
        "Impairment Of Capital Assets": 0.0,
        "Net Non Operating Interest Income Expense": NaN,
        "Interest Expense Non Operating": NaN,
        "Operating Income": NaN,
        "Operating Expense": NaN,
        "Depreciation Amortization Depletion Income Statement": NaN,
        "Depreciation And Amortization In Income Statement": NaN,
        "Research And Development": NaN,
        "Selling General And Administration": NaN,
        "Total Revenue": NaN,
        "Operating Revenue": NaN
    },
    "2024-03-31": {
        "Tax Effect Of Unusual Items": 0.0,
        "Tax Rate For Calcs": 0.21,
        "Normalized EBITDA": -18371000.0,
        "Total Unusual Items": NaN,
        "Total Unusual Items Excluding Goodwill": NaN,
        "Net Income From Continuing Operation Net Minority Interest": -21975000.0,
        "Reconciled Depreciation": 3416000.0,
        "EBITDA": -18371000.0,
        "EBIT": -21787000.0,
        "Net Interest Income": -176000.0,
        "Interest Expense": 176000.0,
        "Normalized Income": -21975000.0,
        "Net Income From Continuing And Discontinued Operation": -21975000.0,
        "Total Expenses": 24396000.0,
        "Total Operating Income As Reported": -23498000.0,
        "Diluted Average Shares": 99393333.0,
        "Basic Average Shares": 99393333.0,
        "Diluted EPS": -0.22,
        "Basic EPS": -0.22,
        "Diluted NI Availto Com Stockholders": -21975000.0,
        "Net Income Common Stockholders": -21975000.0,
        "Net Income": -21975000.0,
        "Net Income Including Noncontrolling Interests": -21975000.0,
        "Net Income Continuous Operations": -21975000.0,
        "Tax Provision": 12000.0,
        "Pretax Income": -21963000.0,
        "Other Income Expense": 1711000.0,
        "Other Non Operating Income Expenses": 1711000.0,
        "Special Income Charges": NaN,
        "Impairment Of Capital Assets": NaN,
        "Net Non Operating Interest Income Expense": -176000.0,
        "Interest Expense Non Operating": 176000.0,
        "Operating Income": -23498000.0,
        "Operating Expense": 24396000.0,
        "Depreciation Amortization Depletion Income Statement": 3416000.0,
        "Depreciation And Amortization In Income Statement": 3416000.0,
        "Research And Development": 12236000.0,
        "Selling General And Administration": 8744000.0,
        "Total Revenue": 898000.0,
        "Operating Revenue": 898000.0
    },
    "2024-06-30": {
        "Tax Effect Of Unusual Items": NaN,
        "Tax Rate For Calcs": NaN,
        "Normalized EBITDA": NaN,
        "Total Unusual Items": 0.0,
        "Total Unusual Items Excluding Goodwill": 0.0,
        "Net Income From Continuing Operation Net Minority Interest": NaN,
        "Reconciled Depreciation": NaN,
        "EBITDA": NaN,
        "EBIT": NaN,
        "Net Interest Income": NaN,
        "Interest Expense": NaN,
        "Normalized Income": NaN,
        "Net Income From Continuing And Discontinued Operation": NaN,
        "Total Expenses": NaN,
        "Total Operating Income As Reported": NaN,
        "Diluted Average Shares": NaN,
        "Basic Average Shares": NaN,
        "Diluted EPS": NaN,
        "Basic EPS": NaN,
        "Diluted NI Availto Com Stockholders": NaN,
        "Net Income Common Stockholders": NaN,
        "Net Income": NaN,
        "Net Income Including Noncontrolling Interests": NaN,
        "Net Income Continuous Operations": NaN,
        "Tax Provision": NaN,
        "Pretax Income": NaN,
        "Other Income Expense": NaN,
        "Other Non Operating Income Expenses": NaN,
        "Special Income Charges": 0.0,
        "Impairment Of Capital Assets": 0.0,
        "Net Non Operating Interest Income Expense": NaN,
        "Interest Expense Non Operating": NaN,
        "Operating Income": NaN,
        "Operating Expense": NaN,
        "Depreciation Amortization Depletion Income Statement": NaN,
        "Depreciation And Amortization In Income Statement": NaN,
        "Research And Development": NaN,
        "Selling General And Administration": NaN,
        "Total Revenue": NaN,
        "Operating Revenue": NaN
    },
    "2024-09-30": {
        "Tax Effect Of Unusual Items": 0.0,
        "Tax Rate For Calcs": 0.21,
        "Normalized EBITDA": -23876000.0,
        "Total Unusual Items": 0.0,
        "Total Unusual Items Excluding Goodwill": 0.0,
        "Net Income From Continuing Operation Net Minority Interest": -27398000.0,
        "Reconciled Depreciation": 3355000.0,
        "EBITDA": -23876000.0,
        "EBIT": -27231000.0,
        "Net Interest Income": -130000.0,
        "Interest Expense": 130000.0,
        "Normalized Income": -27398000.0,
        "Net Income From Continuing And Discontinued Operation": -27398000.0,
        "Total Expenses": 30596000.0,
        "Total Operating Income As Reported": -28895000.0,
        "Diluted Average Shares": 113613488.0,
        "Basic Average Shares": 113613488.0,
        "Diluted EPS": -0.24,
        "Basic EPS": -0.24,
        "Diluted NI Availto Com Stockholders": -27398000.0,
        "Net Income Common Stockholders": -27398000.0,
        "Net Income": -27398000.0,
        "Net Income Including Noncontrolling Interests": -27398000.0,
        "Net Income Continuous Operations": -27398000.0,
        "Tax Provision": 37000.0,
        "Pretax Income": -27361000.0,
        "Other Income Expense": 1664000.0,
        "Other Non Operating Income Expenses": 1664000.0,
        "Special Income Charges": 0.0,
        "Impairment Of Capital Assets": 0.0,
        "Net Non Operating Interest Income Expense": -130000.0,
        "Interest Expense Non Operating": 130000.0,
        "Operating Income": -28895000.0,
        "Operating Expense": 30596000.0,
        "Depreciation Amortization Depletion Income Statement": 3355000.0,
        "Depreciation And Amortization In Income Statement": 3355000.0,
        "Research And Development": 17985000.0,
        "Selling General And Administration": 9256000.0,
        "Total Revenue": 1701000.0,
        "Operating Revenue": 1701000.0
    },
    "2024-12-31": {
        "Tax Effect Of Unusual Items": 0.0,
        "Tax Rate For Calcs": 0.21,
        "Normalized EBITDA": -25619000.0,
        "Total Unusual Items": 0.0,
        "Total Unusual Items Excluding Goodwill": 0.0,
        "Net Income From Continuing Operation Net Minority Interest": -28983000.0,
        "Reconciled Depreciation": 3234000.0,
        "EBITDA": -25619000.0,
        "EBIT": -28853000.0,
        "Net Interest Income": -109000.0,
        "Interest Expense": 109000.0,
        "Normalized Income": -28983000.0,
        "Net Income From Continuing And Discontinued Operation": -28983000.0,
        "Total Expenses": 30439000.0,
        "Total Operating Income As Reported": -29774000.0,
        "Diluted Average Shares": 114929962.0,
        "Basic Average Shares": 114929962.0,
        "Diluted EPS": -0.25,
        "Basic EPS": -0.25,
        "Diluted NI Availto Com Stockholders": -28983000.0,
        "Net Income Common Stockholders": -28983000.0,
        "Net Income": -28983000.0,
        "Net Income Including Noncontrolling Interests": -28983000.0,
        "Net Income Continuous Operations": -28983000.0,
        "Tax Provision": 21000.0,
        "Pretax Income": -28962000.0,
        "Other Income Expense": 921000.0,
        "Other Non Operating Income Expenses": 921000.0,
        "Special Income Charges": 0.0,
        "Impairment Of Capital Assets": 0.0,
        "Net Non Operating Interest Income Expense": -109000.0,
        "Interest Expense Non Operating": 109000.0,
        "Operating Income": -29774000.0,
        "Operating Expense": 30439000.0,
        "Depreciation Amortization Depletion Income Statement": 3234000.0,
        "Depreciation And Amortization In Income Statement": 3234000.0,
        "Research And Development": 18377000.0,
        "Selling General And Administration": 8828000.0,
        "Total Revenue": 665000.0,
        "Operating Revenue": 665000.0
    },
    "2025-03-31": {
        "Tax Effect Of Unusual Items": 0.0,
        "Tax Rate For Calcs": 0.000152,
        "Normalized EBITDA": -23199000.0,
        "Total Unusual Items": NaN,
        "Total Unusual Items Excluding Goodwill": NaN,
        "Net Income From Continuing Operation Net Minority Interest": -26346000.0,
        "Reconciled Depreciation": 3072000.0,
        "EBITDA": -23199000.0,
        "EBIT": -26271000.0,
        "Net Interest Income": -79000.0,
        "Interest Expense": 79000.0,
        "Normalized Income": -26346000.0,
        "Net Income From Continuing And Discontinued Operation": -26346000.0,
        "Total Expenses": 28908000.0,
        "Total Operating Income As Reported": -27729000.0,
        "Diluted Average Shares": 124461439.0,
        "Basic Average Shares": 124461439.0,
        "Diluted EPS": -0.21,
        "Basic EPS": -0.21,
        "Diluted NI Availto Com Stockholders": -26346000.0,
        "Net Income Common Stockholders": -26346000.0,
        "Net Income": -26346000.0,
        "Net Income Including Noncontrolling Interests": -26346000.0,
        "Net Income Continuous Operations": -26346000.0,
        "Tax Provision": -4000.0,
        "Pretax Income": -26350000.0,
        "Other Income Expense": 1458000.0,
        "Other Non Operating Income Expenses": 1458000.0,
        "Special Income Charges": NaN,
        "Impairment Of Capital Assets": NaN,
        "Net Non Operating Interest Income Expense": -79000.0,
        "Interest Expense Non Operating": 79000.0,
        "Operating Income": -27729000.0,
        "Operating Expense": 28908000.0,
        "Depreciation Amortization Depletion Income Statement": 3072000.0,
        "Depreciation And Amortization In Income Statement": 3072000.0,
        "Research And Development": 16364000.0,
        "Selling General And Administration": 9472000.0,
        "Total Revenue": 1179000.0,
        "Operating Revenue": 1179000.0
    },
    "2025-06-30": {
        "Tax Effect Of Unusual Items": 0.0,
        "Tax Rate For Calcs": 0.21,
        "Normalized EBITDA": -27382000.0,
        "Total Unusual Items": NaN,
        "Total Unusual Items Excluding Goodwill": NaN,
        "Net Income From Continuing Operation Net Minority Interest": -30569000.0,
        "Reconciled Depreciation": 3000000.0,
        "EBITDA": -27382000.0,
        "EBIT": -30382000.0,
        "Net Interest Income": -56000.0,
        "Interest Expense": 56000.0,
        "Normalized Income": -30569000.0,
        "Net Income From Continuing And Discontinued Operation": -30569000.0,
        "Total Expenses": 31986000.0,
        "Total Operating Income As Reported": -31393000.0,
        "Diluted Average Shares": 127592948.0,
        "Basic Average Shares": 127592948.0,
        "Diluted EPS": -0.24,
        "Basic EPS": -0.24,
        "Diluted NI Availto Com Stockholders": -30569000.0,
        "Net Income Common Stockholders": -30569000.0,
        "Net Income": -30569000.0,
        "Net Income Including Noncontrolling Interests": -30569000.0,
        "Net Income Continuous Operations": -30569000.0,
        "Tax Provision": 131000.0,
        "Pretax Income": -30438000.0,
        "Other Income Expense": 1011000.0,
        "Other Non Operating Income Expenses": 1011000.0,
        "Special Income Charges": NaN,
        "Impairment Of Capital Assets": NaN,
        "Net Non Operating Interest Income Expense": -56000.0,
        "Interest Expense Non Operating": 56000.0,
        "Operating Income": -31393000.0,
        "Operating Expense": 31986000.0,
        "Depreciation Amortization Depletion Income Statement": 3000000.0,
        "Depreciation And Amortization In Income Statement": 3000000.0,
        "Research And Development": 20458000.0,
        "Selling General And Administration": 8528000.0,
        "Total Revenue": 593000.0,
        "Operating Revenue": 593000.0
    },
    "2025-09-30": {
        "Tax Effect Of Unusual Items": 0.0,
        "Tax Rate For Calcs": 0.21,
        "Normalized EBITDA": -25715000.0,
        "Total Unusual Items": NaN,
        "Total Unusual Items Excluding Goodwill": NaN,
        "Net Income From Continuing Operation Net Minority Interest": -28706000.0,
        "Reconciled Depreciation": 2842000.0,
        "EBITDA": -25715000.0,
        "EBIT": -28557000.0,
        "Net Interest Income": -45000.0,
        "Interest Expense": 45000.0,
        "Normalized Income": -28706000.0,
        "Net Income From Continuing And Discontinued Operation": -28706000.0,
        "Total Expenses": 30532000.0,
        "Total Operating Income As Reported": -30154000.0,
        "Diluted Average Shares": 143769552.0,
        "Basic Average Shares": 143769552.0,
        "Diluted EPS": -0.2,
        "Basic EPS": -0.2,
        "Diluted NI Availto Com Stockholders": -28706000.0,
        "Net Income Common Stockholders": -28706000.0,
        "Net Income": -28706000.0,
        "Net Income Including Noncontrolling Interests": -28706000.0,
        "Net Income Continuous Operations": -28706000.0,
        "Tax Provision": 104000.0,
        "Pretax Income": -28602000.0,
        "Other Income Expense": 1597000.0,
        "Other Non Operating Income Expenses": 1597000.0,
        "Special Income Charges": NaN,
        "Impairment Of Capital Assets": NaN,
        "Net Non Operating Interest Income Expense": -45000.0,
        "Interest Expense Non Operating": 45000.0,
        "Operating Income": -30154000.0,
        "Operating Expense": 30532000.0,
        "Depreciation Amortization Depletion Income Statement": 2842000.0,
        "Depreciation And Amortization In Income Statement": 2842000.0,
        "Research And Development": 19249000.0,
        "Selling General And Administration": 8441000.0,
        "Total Revenue": 378000.0,
        "Operating Revenue": 378000.0
    }
}