{
    "2023-06-30": {
        "Tax Effect Of Unusual Items": NaN,
        "Tax Rate For Calcs": NaN,
        "Normalized EBITDA": NaN,
        "Total Unusual Items": -21000000.0,
        "Total Unusual Items Excluding Goodwill": -21000000.0,
        "Net Income From Continuing Operation Net Minority Interest": NaN,
        "Reconciled Depreciation": NaN,
        "Reconciled Cost Of Revenue": NaN,
        "EBITDA": NaN,
        "EBIT": NaN,
        "Net Interest Income": NaN,
        "Interest Expense": NaN,
        "Interest Income": NaN,
        "Normalized Income": NaN,
        "Net Income From Continuing And Discontinued Operation": NaN,
        "Total Expenses": NaN,
        "Total Operating Income As Reported": NaN,
        "Diluted Average Shares": NaN,
        "Basic Average Shares": NaN,
        "Diluted EPS": NaN,
        "Basic EPS": NaN,
        "Diluted NI Availto Com Stockholders": NaN,
        "Net Income Common Stockholders": NaN,
        "Net Income": NaN,
        "Net Income Including Noncontrolling Interests": NaN,
        "Net Income Continuous Operations": NaN,
        "Tax Provision": NaN,
        "Pretax Income": NaN,
        "Other Income Expense": NaN,
        "Other Non Operating Income Expenses": NaN,
        "Gain On Sale Of Security": -21000000.0,
        "Net Non Operating Interest Income Expense": NaN,
        "Interest Expense Non Operating": NaN,
        "Interest Income Non Operating": NaN,
        "Operating Income": NaN,
        "Operating Expense": NaN,
        "Depreciation Amortization Depletion Income Statement": NaN,
        "Depreciation And Amortization In Income Statement": NaN,
        "Amortization": NaN,
        "Amortization Of Intangibles Income Statement": NaN,
        "Research And Development": NaN,
        "Selling General And Administration": NaN,
        "Gross Profit": NaN,
        "Cost Of Revenue": NaN,
        "Total Revenue": NaN,
        "Operating Revenue": NaN
    },
    "2023-03-31": {
        "Tax Effect Of Unusual Items": NaN,
        "Tax Rate For Calcs": NaN,
        "Normalized EBITDA": NaN,
        "Total Unusual Items": -6000000.0,
        "Total Unusual Items Excluding Goodwill": -6000000.0,
        "Net Income From Continuing Operation Net Minority Interest": NaN,
        "Reconciled Depreciation": NaN,
        "Reconciled Cost Of Revenue": NaN,
        "EBITDA": NaN,
        "EBIT": NaN,
        "Net Interest Income": NaN,
        "Interest Expense": NaN,
        "Interest Income": NaN,
        "Normalized Income": NaN,
        "Net Income From Continuing And Discontinued Operation": NaN,
        "Total Expenses": NaN,
        "Total Operating Income As Reported": NaN,
        "Diluted Average Shares": NaN,
        "Basic Average Shares": NaN,
        "Diluted EPS": NaN,
        "Basic EPS": NaN,
        "Diluted NI Availto Com Stockholders": NaN,
        "Net Income Common Stockholders": NaN,
        "Net Income": NaN,
        "Net Income Including Noncontrolling Interests": NaN,
        "Net Income Continuous Operations": NaN,
        "Tax Provision": NaN,
        "Pretax Income": NaN,
        "Other Income Expense": NaN,
        "Other Non Operating Income Expenses": NaN,
        "Gain On Sale Of Security": -6000000.0,
        "Net Non Operating Interest Income Expense": NaN,
        "Interest Expense Non Operating": NaN,
        "Interest Income Non Operating": NaN,
        "Operating Income": NaN,
        "Operating Expense": NaN,
        "Depreciation Amortization Depletion Income Statement": NaN,
        "Depreciation And Amortization In Income Statement": NaN,
        "Amortization": NaN,
        "Amortization Of Intangibles Income Statement": NaN,
        "Research And Development": NaN,
        "Selling General And Administration": NaN,
        "Gross Profit": NaN,
        "Cost Of Revenue": NaN,
        "Total Revenue": NaN,
        "Operating Revenue": NaN
    },
    "2022-12-31": {
        "Tax Effect Of Unusual Items": NaN,
        "Tax Rate For Calcs": NaN,
        "Normalized EBITDA": NaN,
        "Total Unusual Items": 14000000.0,
        "Total Unusual Items Excluding Goodwill": 14000000.0,
        "Net Income From Continuing Operation Net Minority Interest": NaN,
        "Reconciled Depreciation": NaN,
        "Reconciled Cost Of Revenue": NaN,
        "EBITDA": NaN,
        "EBIT": NaN,
        "Net Interest Income": NaN,
        "Interest Expense": NaN,
        "Interest Income": NaN,
        "Normalized Income": NaN,
        "Net Income From Continuing And Discontinued Operation": NaN,
        "Total Expenses": NaN,
        "Total Operating Income As Reported": NaN,
        "Diluted Average Shares": NaN,
        "Basic Average Shares": NaN,
        "Diluted EPS": NaN,
        "Basic EPS": NaN,
        "Diluted NI Availto Com Stockholders": NaN,
        "Net Income Common Stockholders": NaN,
        "Net Income": NaN,
        "Net Income Including Noncontrolling Interests": NaN,
        "Net Income Continuous Operations": NaN,
        "Tax Provision": NaN,
        "Pretax Income": NaN,
        "Other Income Expense": NaN,
        "Other Non Operating Income Expenses": NaN,
        "Gain On Sale Of Security": 14000000.0,
        "Net Non Operating Interest Income Expense": NaN,
        "Interest Expense Non Operating": NaN,
        "Interest Income Non Operating": NaN,
        "Operating Income": NaN,
        "Operating Expense": NaN,
        "Depreciation Amortization Depletion Income Statement": NaN,
        "Depreciation And Amortization In Income Statement": NaN,
        "Amortization": NaN,
        "Amortization Of Intangibles Income Statement": NaN,
        "Research And Development": NaN,
        "Selling General And Administration": NaN,
        "Gross Profit": NaN,
        "Cost Of Revenue": NaN,
        "Total Revenue": NaN,
        "Operating Revenue": NaN
    },
    "2022-09-30": {
        "Tax Effect Of Unusual Items": -3496000.0,
        "Tax Rate For Calcs": 0.184,
        "Normalized EBITDA": 2361000000.0,
        "Total Unusual Items": -19000000.0,
        "Total Unusual Items Excluding Goodwill": -19000000.0,
        "Net Income From Continuing Operation Net Minority Interest": 1435000000.0,
        "Reconciled Depreciation": 498000000.0,
        "Reconciled Cost Of Revenue": 4629000000.0,
        "EBITDA": 2342000000.0,
        "EBIT": 1844000000.0,
        "Net Interest Income": -86000000.0,
        "Interest Expense": 86000000.0,
        "Interest Income": 55000000.0,
        "Normalized Income": 1450504000.0,
        "Net Income From Continuing And Discontinued Operation": 1435000000.0,
        "Total Expenses": 8640000000.0,
        "Total Operating Income As Reported": 1770000000.0,
        "Diluted Average Shares": 1764000000.0,
        "Basic Average Shares": 1247826087.0,
        "Diluted EPS": 0.81,
        "Basic EPS": 1.15,
        "Diluted NI Availto Com Stockholders": 1435000000.0,
        "Net Income Common Stockholders": 1435000000.0,
        "Net Income": 1435000000.0,
        "Net Income Including Noncontrolling Interests": 1435000000.0,
        "Net Income Continuous Operations": 1435000000.0,
        "Tax Provision": 323000000.0,
        "Pretax Income": 1758000000.0,
        "Other Income Expense": 74000000.0,
        "Other Non Operating Income Expenses": 93000000.0,
        "Gain On Sale Of Security": -19000000.0,
        "Net Non Operating Interest Income Expense": -86000000.0,
        "Interest Expense Non Operating": 86000000.0,
        "Interest Income Non Operating": 55000000.0,
        "Operating Income": 1770000000.0,
        "Operating Expense": 4011000000.0,
        "Depreciation Amortization Depletion Income Statement": 498000000.0,
        "Depreciation And Amortization In Income Statement": 498000000.0,
        "Amortization": 498000000.0,
        "Amortization Of Intangibles Income Statement": 498000000.0,
        "Research And Development": 782000000.0,
        "Selling General And Administration": 2731000000.0,
        "Gross Profit": 5781000000.0,
        "Cost Of Revenue": 4629000000.0,
        "Total Revenue": 10410000000.0,
        "Operating Revenue": 10410000000.0
    },
    "2022-06-30": {
        "Tax Effect Of Unusual Items": 0.0,
        "Tax Rate For Calcs": 0.142,
        "Normalized EBITDA": 2965000000.0,
        "Total Unusual Items": NaN,
        "Total Unusual Items Excluding Goodwill": NaN,
        "Net Income From Continuing Operation Net Minority Interest": 2018000000.0,
        "Reconciled Depreciation": 507000000.0,
        "Reconciled Cost Of Revenue": 4933000000.0,
        "EBITDA": 2965000000.0,
        "EBIT": 2458000000.0,
        "Net Interest Income": -106000000.0,
        "Interest Expense": 106000000.0,
        "Interest Income": 26000000.0,
        "Normalized Income": 2018000000.0,
        "Net Income From Continuing And Discontinued Operation": 2018000000.0,
        "Total Expenses": 8881000000.0,
        "Total Operating Income As Reported": 2376000000.0,
        "Diluted Average Shares": 1765000000.0,
        "Basic Average Shares": 1751219743.0,
        "Diluted EPS": 1.14,
        "Basic EPS": 1.15234,
        "Diluted NI Availto Com Stockholders": 2018000000.0,
        "Net Income Common Stockholders": 2018000000.0,
        "Net Income": 2018000000.0,
        "Net Income Including Noncontrolling Interests": 2018000000.0,
        "Net Income Continuous Operations": 2018000000.0,
        "Tax Provision": 334000000.0,
        "Pretax Income": 2352000000.0,
        "Other Income Expense": 82000000.0,
        "Other Non Operating Income Expenses": 82000000.0,
        "Gain On Sale Of Security": NaN,
        "Net Non Operating Interest Income Expense": -106000000.0,
        "Interest Expense Non Operating": 106000000.0,
        "Interest Income Non Operating": 26000000.0,
        "Operating Income": 2376000000.0,
        "Operating Expense": 3948000000.0,
        "Depreciation Amortization Depletion Income Statement": 507000000.0,
        "Depreciation And Amortization In Income Statement": 507000000.0,
        "Amortization": 507000000.0,
        "Amortization Of Intangibles Income Statement": 507000000.0,
        "Research And Development": 684000000.0,
        "Selling General And Administration": 2757000000.0,
        "Gross Profit": 6324000000.0,
        "Cost Of Revenue": 4933000000.0,
        "Total Revenue": 11257000000.0,
        "Operating Revenue": 11257000000.0
    },
    "2022-03-31": {
        "Diluted EPS": 1.37,
        "Total Revenue": NaN,
        "Gross Profit": NaN,
        "Operating Income": NaN,
        "EBIT": NaN,
        "Net Income": NaN
    },
    "2021-12-31": {
        "Diluted EPS": 1.11,
        "Total Revenue": NaN,
        "Gross Profit": NaN,
        "Operating Income": NaN,
        "EBIT": NaN,
        "Net Income": NaN
    },
    "2021-09-30": {
        "Diluted EPS": 1.17,
        "Total Revenue": NaN,
        "Gross Profit": NaN,
        "Operating Income": NaN,
        "EBIT": NaN,
        "Net Income": NaN
    },
    "2021-06-30": {
        "Diluted EPS": 0.66,
        "Total Revenue": NaN,
        "Gross Profit": NaN,
        "Operating Income": NaN,
        "EBIT": NaN,
        "Net Income": NaN
    },
    "2021-03-31": {
        "Diluted EPS": 1.0,
        "Total Revenue": NaN,
        "Gross Profit": NaN,
        "Operating Income": NaN,
        "EBIT": NaN,
        "Net Income": NaN
    },
    "2020-12-31": {
        "Diluted EPS": 1.2,
        "Total Revenue": NaN,
        "Gross Profit": NaN,
        "Operating Income": NaN,
        "EBIT": NaN,
        "Net Income": NaN
    },
    "2020-09-30": {
        "Diluted EPS": 0.69,
        "Total Revenue": NaN,
        "Gross Profit": NaN,
        "Operating Income": NaN,
        "EBIT": NaN,
        "Net Income": NaN
    },
    "2020-06-30": {
        "Diluted EPS": 0.3,
        "Total Revenue": NaN,
        "Gross Profit": NaN,
        "Operating Income": 672,
        "EBIT": NaN,
        "Net Income": 537
    },
    "2020-03-31": {
        "Diluted EPS": 0.31,
        "Total Revenue": NaN,
        "Gross Profit": NaN,
        "Operating Income": 758,
        "EBIT": NaN,
        "Net Income": 564
    },
    "2019-12-31": {
        "Diluted EPS": 0.59,
        "Total Revenue": NaN,
        "Gross Profit": NaN,
        "Operating Income": NaN,
        "EBIT": NaN,
        "Net Income": NaN
    },
    "2019-09-30": {
        "Diluted EPS": 0.53,
        "Total Revenue": NaN,
        "Gross Profit": NaN,
        "Operating Income": NaN,
        "EBIT": NaN,
        "Net Income": 960
    },
    "2019-06-30": {
        "Diluted EPS": 0.56,
        "Total Revenue": NaN,
        "Gross Profit": NaN,
        "Operating Income": NaN,
        "EBIT": NaN,
        "Net Income": NaN
    },
    "2019-03-31": {
        "Diluted EPS": 0.38,
        "Total Revenue": NaN,
        "Gross Profit": NaN,
        "Operating Income": 739,
        "EBIT": NaN,
        "Net Income": 672
    },
    "2018-12-31": {
        "Diluted EPS": 0.37,
        "Total Revenue": NaN,
        "Gross Profit": NaN,
        "Operating Income": NaN,
        "EBIT": NaN,
        "Net Income": 654
    },
    "2018-09-30": {
        "Diluted EPS": 0.32,
        "Total Revenue": NaN,
        "Gross Profit": NaN,
        "Operating Income": 995,
        "EBIT": NaN,
        "Net Income": 563
    },
    "2018-06-30": {
        "Diluted EPS": 0.41,
        "Total Revenue": NaN,
        "Gross Profit": NaN,
        "Operating Income": 882,
        "EBIT": NaN,
        "Net Income": 733
    },
    "2018-03-31": {
        "Diluted EPS": 0.23,
        "Total Revenue": NaN,
        "Gross Profit": NaN,
        "Operating Income": 608,
        "EBIT": NaN,
        "Net Income": 418
    },
    "2017-12-31": {
        "Diluted EPS": -0.47,
        "Total Revenue": NaN,
        "Gross Profit": NaN,
        "Operating Income": 651,
        "EBIT": NaN,
        "Net Income": -828
    },
    "2017-09-30": {
        "Diluted EPS": 0.34,
        "Total Revenue": NaN,
        "Gross Profit": NaN,
        "Operating Income": 769,
        "EBIT": NaN,
        "Net Income": 603
    },
    "2017-06-30": {
        "Diluted EPS": 0.16,
        "Total Revenue": NaN,
        "Gross Profit": NaN,
        "Operating Income": 386,
        "EBIT": NaN,
        "Net Income": 283
    },
    "2017-03-31": {
        "Diluted EPS": 0.24,
        "Total Revenue": NaN,
        "Gross Profit": NaN,
        "Operating Income": -242,
        "EBIT": 924,
        "Net Income": 419
    },
    "2016-12-31": {
        "Diluted EPS": 0.54,
        "Total Revenue": NaN,
        "Gross Profit": NaN,
        "Operating Income": 789,
        "EBIT": NaN,
        "Net Income": 798
    },
    "2016-09-30": {
        "Diluted EPS": -0.22,
        "Total Revenue": NaN,
        "Gross Profit": NaN,
        "Operating Income": 897,
        "EBIT": NaN,
        "Net Income": -329
    },
    "2016-06-30": {
        "Diluted EPS": 0.41,
        "Total Revenue": NaN,
        "Gross Profit": NaN,
        "Operating Income": 816,
        "EBIT": NaN,
        "Net Income": 615
    },
    "2016-03-31": {
        "Diluted EPS": 0.21,
        "Total Revenue": NaN,
        "Gross Profit": NaN,
        "Operating Income": 524,
        "EBIT": 871,
        "Net Income": 316
    },
    "2015-12-31": {
        "Diluted EPS": 0.51,
        "Total Revenue": NaN,
        "Gross Profit": NaN,
        "Operating Income": 815,
        "EBIT": NaN,
        "Net Income": 767
    },
    "2015-09-30": {
        "Diluted EPS": 0.38,
        "Total Revenue": NaN,
        "Gross Profit": NaN,
        "Operating Income": 713,
        "EBIT": NaN,
        "Net Income": 580
    },
    "2015-06-30": {
        "Diluted EPS": 0.52,
        "Total Revenue": NaN,
        "Gross Profit": NaN,
        "Operating Income": 729,
        "EBIT": NaN,
        "Net Income": 784
    },
    "2015-03-31": {
        "Diluted EPS": 1.51,
        "Total Revenue": NaN,
        "Gross Profit": NaN,
        "Operating Income": 610,
        "EBIT": 981,
        "Net Income": NaN
    },
    "2014-12-31": {
        "Diluted EPS": 0.59,
        "Total Revenue": NaN,
        "Gross Profit": NaN,
        "Operating Income": 829,
        "EBIT": NaN,
        "Net Income": 905
    },
    "2014-09-30": {
        "Diluted EPS": 0.36,
        "Total Revenue": NaN,
        "Gross Profit": NaN,
        "Operating Income": 728,
        "EBIT": NaN,
        "Net Income": 538
    },
    "2014-06-30": {
        "Diluted EPS": 0.3,
        "Total Revenue": NaN,
        "Gross Profit": NaN,
        "Operating Income": 677,
        "EBIT": NaN,
        "Net Income": 466
    },
    "2014-03-31": {
        "Diluted EPS": 0.24,
        "Total Revenue": NaN,
        "Gross Profit": NaN,
        "Operating Income": 365,
        "EBIT": 763,
        "Net Income": 375
    },
    "2013-12-31": {
        "Diluted EPS": 0.37,
        "Total Revenue": NaN,
        "Gross Profit": NaN,
        "Operating Income": 418,
        "EBIT": 844,
        "Net Income": 590
    },
    "2013-09-30": {
        "Diluted EPS": 0.61,
        "Total Revenue": NaN,
        "Gross Profit": NaN,
        "Operating Income": 473,
        "EBIT": 909,
        "Net Income": 966
    },
    "2013-06-30": {
        "Diluted EPS": 0.3,
        "Total Revenue": NaN,
        "Gross Profit": NaN,
        "Operating Income": 627,
        "EBIT": NaN,
        "Net Income": 476
    },
    "2013-03-31": {
        "Diluted EPS": 0.34,
        "Total Revenue": NaN,
        "Gross Profit": NaN,
        "Operating Income": 615,
        "EBIT": NaN,
        "Net Income": 544
    },
    "2012-12-31": {
        "Diluted EPS": 0.65,
        "Total Revenue": NaN,
        "Gross Profit": NaN,
        "Operating Income": -23,
        "EBIT": 564,
        "Net Income": NaN
    },
    "2012-09-30": {
        "Diluted EPS": 1.21,
        "Total Revenue": NaN,
        "Gross Profit": NaN,
        "Operating Income": 310,
        "EBIT": NaN,
        "Net Income": NaN
    },
    "2012-06-30": {
        "Diluted EPS": 1.08,
        "Total Revenue": NaN,
        "Gross Profit": NaN,
        "Operating Income": 564,
        "EBIT": NaN,
        "Net Income": NaN
    },
    "2012-03-31": {
        "Diluted EPS": 0.78,
        "Total Revenue": NaN,
        "Gross Profit": NaN,
        "Operating Income": 509,
        "EBIT": NaN,
        "Net Income": NaN
    },
    "2011-12-31": {
        "Diluted EPS": 1.02,
        "Total Revenue": NaN,
        "Gross Profit": NaN,
        "Operating Income": NaN,
        "EBIT": NaN,
        "Net Income": NaN
    },
    "2011-09-30": {
        "Diluted EPS": 0.19,
        "Total Revenue": NaN,
        "Gross Profit": NaN,
        "Operating Income": 595,
        "EBIT": NaN,
        "Net Income": 303
    },
    "2011-06-30": {
        "Diluted EPS": 1.23,
        "Total Revenue": NaN,
        "Gross Profit": NaN,
        "Operating Income": NaN,
        "EBIT": NaN,
        "Net Income": NaN
    },
    "2011-03-31": {
        "Diluted EPS": 0.55,
        "Total Revenue": NaN,
        "Gross Profit": NaN,
        "Operating Income": NaN,
        "EBIT": NaN,
        "Net Income": 864
    },
    "2010-12-31": {
        "Diluted EPS": 0.92,
        "Total Revenue": NaN,
        "Gross Profit": NaN,
        "Operating Income": NaN,
        "EBIT": NaN,
        "Net Income": NaN
    },
    "2010-09-30": {
        "Diluted EPS": 0.57,
        "Total Revenue": NaN,
        "Gross Profit": NaN,
        "Operating Income": NaN,
        "EBIT": NaN,
        "Net Income": 891
    },
    "2010-06-30": {
        "Diluted EPS": 0.83,
        "Total Revenue": NaN,
        "Gross Profit": NaN,
        "Operating Income": NaN,
        "EBIT": NaN,
        "Net Income": NaN
    },
    "2010-03-31": {
        "Diluted EPS": 0.64,
        "Total Revenue": NaN,
        "Gross Profit": NaN,
        "Operating Income": NaN,
        "EBIT": NaN,
        "Net Income": NaN
    },
    "2009-12-31": {
        "Diluted EPS": 0.99,
        "Total Revenue": NaN,
        "Gross Profit": NaN,
        "Operating Income": NaN,
        "EBIT": NaN,
        "Net Income": NaN
    },
    "2009-09-30": {
        "Diluted EPS": 0.95,
        "Total Revenue": NaN,
        "Gross Profit": NaN,
        "Operating Income": NaN,
        "EBIT": NaN,
        "Net Income": NaN
    },
    "2009-06-30": {
        "Diluted EPS": 0.83,
        "Total Revenue": NaN,
        "Gross Profit": NaN,
        "Operating Income": NaN,
        "EBIT": NaN,
        "Net Income": NaN
    },
    "2009-03-31": {
        "Diluted EPS": 0.92,
        "Total Revenue": NaN,
        "Gross Profit": NaN,
        "Operating Income": NaN,
        "EBIT": NaN,
        "Net Income": NaN
    },
    "2023-09-30": {
        "Tax Effect Of Unusual Items": NaN,
        "Tax Rate For Calcs": NaN,
        "Normalized EBITDA": NaN,
        "Total Unusual Items": 10000000.0,
        "Total Unusual Items Excluding Goodwill": 10000000.0,
        "Net Income From Continuing Operation Net Minority Interest": NaN,
        "Reconciled Depreciation": NaN,
        "Reconciled Cost Of Revenue": NaN,
        "EBITDA": NaN,
        "EBIT": NaN,
        "Net Interest Income": NaN,
        "Interest Expense": NaN,
        "Interest Income": NaN,
        "Normalized Income": NaN,
        "Net Income From Continuing And Discontinued Operation": NaN,
        "Total Expenses": NaN,
        "Total Operating Income As Reported": NaN,
        "Diluted Average Shares": NaN,
        "Basic Average Shares": NaN,
        "Diluted EPS": NaN,
        "Basic EPS": NaN,
        "Diluted NI Availto Com Stockholders": NaN,
        "Net Income Common Stockholders": NaN,
        "Net Income": NaN,
        "Net Income Including Noncontrolling Interests": NaN,
        "Net Income Continuous Operations": NaN,
        "Tax Provision": NaN,
        "Pretax Income": NaN,
        "Other Income Expense": NaN,
        "Other Non Operating Income Expenses": NaN,
        "Gain On Sale Of Security": 10000000.0,
        "Net Non Operating Interest Income Expense": NaN,
        "Interest Expense Non Operating": NaN,
        "Interest Income Non Operating": NaN,
        "Operating Income": NaN,
        "Operating Expense": NaN,
        "Depreciation Amortization Depletion Income Statement": NaN,
        "Depreciation And Amortization In Income Statement": NaN,
        "Amortization": NaN,
        "Amortization Of Intangibles Income Statement": NaN,
        "Research And Development": NaN,
        "Selling General And Administration": NaN,
        "Gross Profit": NaN,
        "Cost Of Revenue": NaN,
        "Total Revenue": NaN,
        "Operating Revenue": NaN
    },
    "2023-12-31": {
        "Tax Effect Of Unusual Items": NaN,
        "Tax Rate For Calcs": NaN,
        "Normalized EBITDA": NaN,
        "Total Unusual Items": -24000000.0,
        "Total Unusual Items Excluding Goodwill": -24000000.0,
        "Net Income From Continuing Operation Net Minority Interest": NaN,
        "Reconciled Depreciation": NaN,
        "Reconciled Cost Of Revenue": NaN,
        "EBITDA": NaN,
        "EBIT": NaN,
        "Net Interest Income": NaN,
        "Interest Expense": NaN,
        "Interest Income": NaN,
        "Normalized Income": NaN,
        "Net Income From Continuing And Discontinued Operation": NaN,
        "Total Expenses": NaN,
        "Total Operating Income As Reported": NaN,
        "Diluted Average Shares": 1748000000.0,
        "Basic Average Shares": 1734076358.0,
        "Diluted EPS": 0.91,
        "Basic EPS": 0.919221,
        "Diluted NI Availto Com Stockholders": NaN,
        "Net Income Common Stockholders": NaN,
        "Net Income": NaN,
        "Net Income Including Noncontrolling Interests": NaN,
        "Net Income Continuous Operations": NaN,
        "Tax Provision": NaN,
        "Pretax Income": NaN,
        "Other Income Expense": NaN,
        "Other Non Operating Income Expenses": NaN,
        "Gain On Sale Of Security": -24000000.0,
        "Net Non Operating Interest Income Expense": NaN,
        "Interest Expense Non Operating": NaN,
        "Interest Income Non Operating": NaN,
        "Operating Income": NaN,
        "Operating Expense": NaN,
        "Depreciation Amortization Depletion Income Statement": NaN,
        "Depreciation And Amortization In Income Statement": NaN,
        "Amortization": NaN,
        "Amortization Of Intangibles Income Statement": NaN,
        "Research And Development": NaN,
        "Selling General And Administration": NaN,
        "Gross Profit": NaN,
        "Cost Of Revenue": NaN,
        "Total Revenue": NaN,
        "Operating Revenue": NaN
    },
    "2024-03-31": {
        "Tax Effect Of Unusual Items": 0.0,
        "Tax Rate For Calcs": 0.146936,
        "Normalized EBITDA": 2382000000.0,
        "Total Unusual Items": NaN,
        "Total Unusual Items Excluding Goodwill": NaN,
        "Net Income From Continuing Operation Net Minority Interest": 1225000000.0,
        "Reconciled Depreciation": 805000000.0,
        "Reconciled Cost Of Revenue": 4130000000.0,
        "EBITDA": 2382000000.0,
        "EBIT": 1577000000.0,
        "Net Interest Income": -61000000.0,
        "Interest Expense": 141000000.0,
        "Interest Income": 80000000.0,
        "Normalized Income": 1225000000.0,
        "Net Income From Continuing And Discontinued Operation": 1225000000.0,
        "Total Expenses": 8578000000.0,
        "Total Operating Income As Reported": 1386000000.0,
        "Diluted Average Shares": 1750000000.0,
        "Basic Average Shares": 1739633759.0,
        "Diluted EPS": 0.7,
        "Basic EPS": 0.704171,
        "Diluted NI Availto Com Stockholders": 1225000000.0,
        "Net Income Common Stockholders": 1225000000.0,
        "Net Income": 1225000000.0,
        "Net Income Including Noncontrolling Interests": 1225000000.0,
        "Net Income Continuous Operations": 1225000000.0,
        "Tax Provision": 211000000.0,
        "Pretax Income": 1436000000.0,
        "Other Income Expense": 111000000.0,
        "Other Non Operating Income Expenses": 111000000.0,
        "Gain On Sale Of Security": NaN,
        "Net Non Operating Interest Income Expense": -61000000.0,
        "Interest Expense Non Operating": 141000000.0,
        "Interest Income Non Operating": 80000000.0,
        "Operating Income": 1386000000.0,
        "Operating Expense": 4115000000.0,
        "Depreciation Amortization Depletion Income Statement": 472000000.0,
        "Depreciation And Amortization In Income Statement": 472000000.0,
        "Amortization": 472000000.0,
        "Amortization Of Intangibles Income Statement": 472000000.0,
        "Research And Development": 684000000.0,
        "Selling General And Administration": 2959000000.0,
        "Gross Profit": 5501000000.0,
        "Cost Of Revenue": 4463000000.0,
        "Total Revenue": 9964000000.0,
        "Operating Revenue": 9964000000.0
    },
    "2024-06-30": {
        "Tax Effect Of Unusual Items": 1138767.890479,
        "Tax Rate For Calcs": 0.189795,
        "Normalized EBITDA": 2546000000.0,
        "Total Unusual Items": 6000000.0,
        "Total Unusual Items Excluding Goodwill": 6000000.0,
        "Net Income From Continuing Operation Net Minority Interest": 1302000000.0,
        "Reconciled Depreciation": 805000000.0,
        "Reconciled Cost Of Revenue": 4269000000.0,
        "EBITDA": 2552000000.0,
        "EBIT": 1747000000.0,
        "Net Interest Income": -58000000.0,
        "Interest Expense": 140000000.0,
        "Interest Income": 82000000.0,
        "Normalized Income": 1297138767.890479,
        "Net Income From Continuing And Discontinued Operation": 1302000000.0,
        "Total Expenses": 8708000000.0,
        "Total Operating Income As Reported": 1669000000.0,
        "Diluted Average Shares": 1751000000.0,
        "Basic Average Shares": 1739897004.0,
        "Diluted EPS": 0.74,
        "Basic EPS": 0.74832,
        "Diluted NI Availto Com Stockholders": 1302000000.0,
        "Net Income Common Stockholders": 1302000000.0,
        "Net Income": 1302000000.0,
        "Net Income Including Noncontrolling Interests": 1302000000.0,
        "Net Income Continuous Operations": 1302000000.0,
        "Tax Provision": 305000000.0,
        "Pretax Income": 1607000000.0,
        "Other Income Expense": -4000000.0,
        "Other Non Operating Income Expenses": -10000000.0,
        "Gain On Sale Of Security": 6000000.0,
        "Net Non Operating Interest Income Expense": -58000000.0,
        "Interest Expense Non Operating": 140000000.0,
        "Interest Income Non Operating": 82000000.0,
        "Operating Income": 1669000000.0,
        "Operating Expense": 4105000000.0,
        "Depreciation Amortization Depletion Income Statement": 471000000.0,
        "Depreciation And Amortization In Income Statement": 471000000.0,
        "Amortization": 471000000.0,
        "Amortization Of Intangibles Income Statement": 471000000.0,
        "Research And Development": 698000000.0,
        "Selling General And Administration": 2936000000.0,
        "Gross Profit": 5774000000.0,
        "Cost Of Revenue": 4603000000.0,
        "Total Revenue": 10377000000.0,
        "Operating Revenue": 10377000000.0
    },
    "2024-09-30": {
        "Tax Effect Of Unusual Items": 1667010.309278,
        "Tax Rate For Calcs": 0.151546,
        "Normalized EBITDA": 2872000000.0,
        "Total Unusual Items": 11000000.0,
        "Total Unusual Items Excluding Goodwill": 11000000.0,
        "Net Income From Continuing Operation Net Minority Interest": 1646000000.0,
        "Reconciled Depreciation": 801000000.0,
        "Reconciled Cost Of Revenue": 4367000000.0,
        "EBITDA": 2883000000.0,
        "EBIT": 2082000000.0,
        "Net Interest Income": -51000000.0,
        "Interest Expense": 142000000.0,
        "Interest Income": 91000000.0,
        "Normalized Income": 1636667010.309278,
        "Net Income From Continuing And Discontinued Operation": 1646000000.0,
        "Total Expenses": 8776000000.0,
        "Total Operating Income As Reported": 1859000000.0,
        "Diluted Average Shares": 1748000000.0,
        "Basic Average Shares": 1734455938.0,
        "Diluted EPS": 0.94,
        "Basic EPS": 0.949001,
        "Diluted NI Availto Com Stockholders": 1646000000.0,
        "Net Income Common Stockholders": 1646000000.0,
        "Net Income": 1646000000.0,
        "Net Income Including Noncontrolling Interests": 1646000000.0,
        "Net Income Continuous Operations": 1646000000.0,
        "Tax Provision": 294000000.0,
        "Pretax Income": 1940000000.0,
        "Other Income Expense": 132000000.0,
        "Other Non Operating Income Expenses": 121000000.0,
        "Gain On Sale Of Security": 11000000.0,
        "Net Non Operating Interest Income Expense": -51000000.0,
        "Interest Expense Non Operating": 142000000.0,
        "Interest Income Non Operating": 91000000.0,
        "Operating Income": 1859000000.0,
        "Operating Expense": 4078000000.0,
        "Depreciation Amortization Depletion Income Statement": 470000000.0,
        "Depreciation And Amortization In Income Statement": 470000000.0,
        "Amortization": 470000000.0,
        "Amortization Of Intangibles Income Statement": 470000000.0,
        "Research And Development": 713000000.0,
        "Selling General And Administration": 2895000000.0,
        "Gross Profit": 5937000000.0,
        "Cost Of Revenue": 4698000000.0,
        "Total Revenue": 10635000000.0,
        "Operating Revenue": 10635000000.0
    },
    "2024-12-31": {
        "Tax Effect Of Unusual Items": 2100000.0,
        "Tax Rate For Calcs": 0.21,
        "Normalized EBITDA": 2963000000.0,
        "Total Unusual Items": 10000000.0,
        "Total Unusual Items Excluding Goodwill": 10000000.0,
        "Net Income From Continuing Operation Net Minority Interest": 9229000000.0,
        "Reconciled Depreciation": 807000000.0,
        "Reconciled Cost Of Revenue": 4600000000.0,
        "EBITDA": 2973000000.0,
        "EBIT": 2166000000.0,
        "Net Interest Income": -45000000.0,
        "Interest Expense": 136000000.0,
        "Interest Income": 91000000.0,
        "Normalized Income": 9221100000.0,
        "Net Income From Continuing And Discontinued Operation": 9229000000.0,
        "Total Expenses": 9063000000.0,
        "Total Operating Income As Reported": 1911000000.0,
        "Diluted Average Shares": 1746000000.0,
        "Basic Average Shares": 1731697991.0,
        "Diluted EPS": 5.27,
        "Basic EPS": 5.329451,
        "Diluted NI Availto Com Stockholders": 9229000000.0,
        "Net Income Common Stockholders": 9229000000.0,
        "Net Income": 9229000000.0,
        "Net Income Including Noncontrolling Interests": 9229000000.0,
        "Net Income Continuous Operations": 9229000000.0,
        "Tax Provision": -7199000000.0,
        "Pretax Income": 2030000000.0,
        "Other Income Expense": 164000000.0,
        "Other Non Operating Income Expenses": 154000000.0,
        "Gain On Sale Of Security": 10000000.0,
        "Net Non Operating Interest Income Expense": -45000000.0,
        "Interest Expense Non Operating": 136000000.0,
        "Interest Income Non Operating": 91000000.0,
        "Operating Income": 1911000000.0,
        "Operating Expense": 4121000000.0,
        "Depreciation Amortization Depletion Income Statement": 465000000.0,
        "Depreciation And Amortization In Income Statement": 465000000.0,
        "Amortization": 465000000.0,
        "Amortization Of Intangibles Income Statement": 465000000.0,
        "Research And Development": 749000000.0,
        "Selling General And Administration": 2907000000.0,
        "Gross Profit": 6032000000.0,
        "Cost Of Revenue": 4942000000.0,
        "Total Revenue": 10974000000.0,
        "Operating Revenue": 10974000000.0
    },
    "2025-03-31": {
        "Tax Effect Of Unusual Items": 1783464.566929,
        "Tax Rate For Calcs": 0.254781,
        "Normalized EBITDA": 2658000000.0,
        "Total Unusual Items": 7000000.0,
        "Total Unusual Items Excluding Goodwill": 7000000.0,
        "Net Income From Continuing Operation Net Minority Interest": 1325000000.0,
        "Reconciled Depreciation": 756000000.0,
        "Reconciled Cost Of Revenue": 4132000000.0,
        "EBITDA": 2665000000.0,
        "EBIT": 1909000000.0,
        "Net Interest Income": -49000000.0,
        "Interest Expense": 131000000.0,
        "Interest Income": 82000000.0,
        "Normalized Income": 1319783464.566929,
        "Net Income From Continuing And Discontinued Operation": 1325000000.0,
        "Total Expenses": 8665000000.0,
        "Total Operating Income As Reported": 1693000000.0,
        "Diluted Average Shares": NaN,
        "Basic Average Shares": NaN,
        "Diluted EPS": NaN,
        "Basic EPS": NaN,
        "Diluted NI Availto Com Stockholders": 1325000000.0,
        "Net Income Common Stockholders": 1325000000.0,
        "Net Income": 1325000000.0,
        "Net Income Including Noncontrolling Interests": 1325000000.0,
        "Net Income Continuous Operations": 1325000000.0,
        "Tax Provision": 453000000.0,
        "Pretax Income": 1778000000.0,
        "Other Income Expense": 134000000.0,
        "Other Non Operating Income Expenses": 127000000.0,
        "Gain On Sale Of Security": 7000000.0,
        "Net Non Operating Interest Income Expense": -49000000.0,
        "Interest Expense Non Operating": 131000000.0,
        "Interest Income Non Operating": 82000000.0,
        "Operating Income": 1693000000.0,
        "Operating Expense": 4197000000.0,
        "Depreciation Amortization Depletion Income Statement": 420000000.0,
        "Depreciation And Amortization In Income Statement": 420000000.0,
        "Amortization": 420000000.0,
        "Amortization Of Intangibles Income Statement": 420000000.0,
        "Research And Development": 716000000.0,
        "Selling General And Administration": 3061000000.0,
        "Gross Profit": 5890000000.0,
        "Cost Of Revenue": 4468000000.0,
        "Total Revenue": 10358000000.0,
        "Operating Revenue": 10358000000.0
    }
}