{
    "2023-03-31": {
        "Tax Effect Of Unusual Items": NaN,
        "Tax Rate For Calcs": NaN,
        "Normalized EBITDA": NaN,
        "Total Unusual Items": NaN,
        "Total Unusual Items Excluding Goodwill": NaN,
        "Net Income From Continuing Operation Net Minority Interest": NaN,
        "Reconciled Depreciation": NaN,
        "EBITDA": NaN,
        "EBIT": NaN,
        "Net Interest Income": NaN,
        "Interest Expense": NaN,
        "Interest Income": NaN,
        "Normalized Income": NaN,
        "Net Income From Continuing And Discontinued Operation": NaN,
        "Total Expenses": NaN,
        "Total Operating Income As Reported": NaN,
        "Diluted Average Shares": NaN,
        "Basic Average Shares": NaN,
        "Diluted EPS": NaN,
        "Basic EPS": NaN,
        "Diluted NI Availto Com Stockholders": NaN,
        "Net Income Common Stockholders": NaN,
        "Net Income": NaN,
        "Net Income Including Noncontrolling Interests": NaN,
        "Net Income Continuous Operations": NaN,
        "Tax Provision": 0.0,
        "Pretax Income": NaN,
        "Other Income Expense": NaN,
        "Special Income Charges": NaN,
        "Restructuring And Mergern Acquisition": NaN,
        "Gain On Sale Of Security": NaN,
        "Net Non Operating Interest Income Expense": NaN,
        "Interest Expense Non Operating": NaN,
        "Interest Income Non Operating": NaN,
        "Operating Income": NaN,
        "Operating Expense": NaN,
        "Research And Development": NaN,
        "Selling General And Administration": NaN,
        "General And Administrative Expense": NaN,
        "Other Gand A": NaN,
        "Total Revenue": NaN,
        "Operating Revenue": NaN
    },
    "2022-12-31": {
        "Tax Effect Of Unusual Items": NaN,
        "Tax Rate For Calcs": NaN,
        "Normalized EBITDA": NaN,
        "Total Unusual Items": NaN,
        "Total Unusual Items Excluding Goodwill": NaN,
        "Net Income From Continuing Operation Net Minority Interest": NaN,
        "Reconciled Depreciation": NaN,
        "EBITDA": NaN,
        "EBIT": NaN,
        "Net Interest Income": NaN,
        "Interest Expense": NaN,
        "Interest Income": NaN,
        "Normalized Income": NaN,
        "Net Income From Continuing And Discontinued Operation": NaN,
        "Total Expenses": NaN,
        "Total Operating Income As Reported": NaN,
        "Diluted Average Shares": NaN,
        "Basic Average Shares": NaN,
        "Diluted EPS": NaN,
        "Basic EPS": NaN,
        "Diluted NI Availto Com Stockholders": NaN,
        "Net Income Common Stockholders": NaN,
        "Otherunder Preferred Stock Dividend": 0.0,
        "Net Income": NaN,
        "Net Income Including Noncontrolling Interests": NaN,
        "Net Income Continuous Operations": NaN,
        "Tax Provision": 0.0,
        "Pretax Income": NaN,
        "Other Income Expense": NaN,
        "Special Income Charges": NaN,
        "Restructuring And Mergern Acquisition": NaN,
        "Gain On Sale Of Security": NaN,
        "Net Non Operating Interest Income Expense": NaN,
        "Interest Expense Non Operating": NaN,
        "Interest Income Non Operating": NaN,
        "Operating Income": NaN,
        "Operating Expense": NaN,
        "Research And Development": NaN,
        "Selling General And Administration": NaN,
        "General And Administrative Expense": NaN,
        "Other Gand A": NaN,
        "Total Revenue": NaN,
        "Operating Revenue": NaN
    },
    "2022-09-30": {
        "Tax Effect Of Unusual Items": NaN,
        "Tax Rate For Calcs": NaN,
        "Normalized EBITDA": NaN,
        "Total Unusual Items": NaN,
        "Total Unusual Items Excluding Goodwill": NaN,
        "Net Income From Continuing Operation Net Minority Interest": NaN,
        "Reconciled Depreciation": NaN,
        "EBITDA": NaN,
        "EBIT": NaN,
        "Net Interest Income": NaN,
        "Interest Expense": NaN,
        "Interest Income": NaN,
        "Normalized Income": NaN,
        "Net Income From Continuing And Discontinued Operation": NaN,
        "Total Expenses": NaN,
        "Total Operating Income As Reported": NaN,
        "Diluted Average Shares": 150995191.0,
        "Basic Average Shares": 150995191.0,
        "Diluted EPS": -0.12,
        "Basic EPS": -0.12,
        "Diluted NI Availto Com Stockholders": NaN,
        "Net Income Common Stockholders": NaN,
        "Otherunder Preferred Stock Dividend": 0.0,
        "Net Income": NaN,
        "Net Income Including Noncontrolling Interests": NaN,
        "Net Income Continuous Operations": NaN,
        "Tax Provision": NaN,
        "Pretax Income": NaN,
        "Other Income Expense": NaN,
        "Special Income Charges": NaN,
        "Restructuring And Mergern Acquisition": NaN,
        "Gain On Sale Of Security": NaN,
        "Net Non Operating Interest Income Expense": NaN,
        "Interest Expense Non Operating": NaN,
        "Interest Income Non Operating": NaN,
        "Operating Income": NaN,
        "Operating Expense": NaN,
        "Research And Development": NaN,
        "Selling General And Administration": NaN,
        "General And Administrative Expense": NaN,
        "Other Gand A": NaN,
        "Total Revenue": NaN,
        "Operating Revenue": NaN
    },
    "2022-06-30": {
        "Tax Effect Of Unusual Items": 0.0,
        "Tax Rate For Calcs": 0.0,
        "Normalized EBITDA": -13122000.0,
        "Total Unusual Items": -205000.0,
        "Total Unusual Items Excluding Goodwill": -205000.0,
        "Net Income From Continuing Operation Net Minority Interest": -14192000.0,
        "Reconciled Depreciation": 383000.0,
        "EBITDA": -13327000.0,
        "EBIT": -13710000.0,
        "Net Interest Income": -86000.0,
        "Interest Expense": 482000.0,
        "Interest Income": 396000.0,
        "Normalized Income": -13987000.0,
        "Net Income From Continuing And Discontinued Operation": -14192000.0,
        "Total Expenses": 28142000.0,
        "Total Operating Income As Reported": -14109000.0,
        "Diluted Average Shares": 148750048.0,
        "Basic Average Shares": 148750048.0,
        "Diluted EPS": -0.1,
        "Basic EPS": -0.1,
        "Diluted NI Availto Com Stockholders": -14192000.0,
        "Net Income Common Stockholders": -14192000.0,
        "Otherunder Preferred Stock Dividend": 0.0,
        "Net Income": -14192000.0,
        "Net Income Including Noncontrolling Interests": -14192000.0,
        "Net Income Continuous Operations": -14192000.0,
        "Tax Provision": 0.0,
        "Pretax Income": -14192000.0,
        "Other Income Expense": -205000.0,
        "Special Income Charges": -208000.0,
        "Restructuring And Mergern Acquisition": 208000.0,
        "Gain On Sale Of Security": 3000.0,
        "Net Non Operating Interest Income Expense": -86000.0,
        "Interest Expense Non Operating": 482000.0,
        "Interest Income Non Operating": 396000.0,
        "Operating Income": -13901000.0,
        "Operating Expense": 28142000.0,
        "Research And Development": 22942000.0,
        "Selling General And Administration": 5200000.0,
        "General And Administrative Expense": 5200000.0,
        "Other Gand A": 5200000.0,
        "Total Revenue": 14241000.0,
        "Operating Revenue": 14241000.0
    },
    "2022-03-31": {
        "Diluted EPS": -0.11,
        "Total Revenue": 13,
        "Gross Profit": 13,
        "Operating Income": -11,
        "EBIT": -11,
        "Net Income": -16
    },
    "2021-12-31": {
        "Diluted EPS": -0.15,
        "Total Revenue": 3,
        "Gross Profit": 3,
        "Operating Income": -21,
        "EBIT": -20,
        "Net Income": -22
    },
    "2021-09-30": {
        "Diluted EPS": -0.24,
        "Total Revenue": 3,
        "Gross Profit": 3,
        "Operating Income": -18,
        "EBIT": -18,
        "Net Income": -24
    },
    "2021-06-30": {
        "Diluted EPS": -0.23,
        "Total Revenue": 2,
        "Gross Profit": 2,
        "Operating Income": -19,
        "EBIT": -18,
        "Net Income": -23
    },
    "2021-03-31": {
        "Diluted EPS": -0.21,
        "Total Revenue": 2,
        "Gross Profit": 2,
        "Operating Income": -16,
        "EBIT": -15,
        "Net Income": -20
    },
    "2020-12-31": {
        "Diluted EPS": -0.23,
        "Total Revenue": 2,
        "Gross Profit": 2,
        "Operating Income": -16,
        "EBIT": -16,
        "Net Income": -20
    },
    "2020-09-30": {
        "Diluted EPS": -0.27,
        "Total Revenue": 2,
        "Gross Profit": 2,
        "Operating Income": -15,
        "EBIT": -15,
        "Net Income": -22
    },
    "2020-06-30": {
        "Diluted EPS": -0.25,
        "Total Revenue": 2,
        "Gross Profit": 2,
        "Operating Income": -13,
        "EBIT": -13,
        "Net Income": -17
    },
    "2020-03-31": {
        "Diluted EPS": -0.25,
        "Total Revenue": 1,
        "Gross Profit": 1,
        "Operating Income": -13,
        "EBIT": -13,
        "Net Income": -17
    },
    "2019-12-31": {
        "Diluted EPS": -0.46,
        "Total Revenue": 2,
        "Gross Profit": 2,
        "Operating Income": -13,
        "EBIT": -13,
        "Net Income": -28
    },
    "2019-09-30": {
        "Diluted EPS": -1.5,
        "Total Revenue": 3,
        "Gross Profit": 3,
        "Operating Income": -91,
        "EBIT": -24,
        "Net Income": -85
    },
    "2019-06-30": {
        "Diluted EPS": -0.46,
        "Total Revenue": 1,
        "Gross Profit": 1,
        "Operating Income": -21,
        "EBIT": -20,
        "Net Income": -26
    },
    "2019-03-31": {
        "Diluted EPS": -0.47,
        "Total Revenue": 1,
        "Gross Profit": 1,
        "Operating Income": -19,
        "EBIT": -19,
        "Net Income": -26
    },
    "2018-12-31": {
        "Diluted EPS": -0.37,
        "Total Revenue": 2,
        "Gross Profit": 2,
        "Operating Income": -17,
        "EBIT": -16,
        "Net Income": -21
    },
    "2018-09-30": {
        "Diluted EPS": -0.49,
        "Total Revenue": 2,
        "Gross Profit": 2,
        "Operating Income": -32,
        "EBIT": -17,
        "Net Income": -27
    },
    "2018-06-30": {
        "Diluted EPS": 0.01,
        "Total Revenue": 1,
        "Gross Profit": 1,
        "Operating Income": -22,
        "EBIT": -21,
        "Net Income": 1
    },
    "2018-03-31": {
        "Diluted EPS": -0.36,
        "Total Revenue": 1,
        "Gross Profit": 1,
        "Operating Income": -18,
        "EBIT": -18,
        "Net Income": -20
    },
    "2017-12-31": {
        "Diluted EPS": -0.68,
        "Total Revenue": 3,
        "Gross Profit": 3,
        "Operating Income": -60,
        "EBIT": -19,
        "Net Income": -37
    },
    "2017-09-30": {
        "Diluted EPS": -0.21,
        "Total Revenue": 7,
        "Gross Profit": 7,
        "Operating Income": -13,
        "EBIT": -12,
        "Net Income": -12
    },
    "2017-06-30": {
        "Diluted EPS": -0.33,
        "Total Revenue": 1,
        "Gross Profit": 1,
        "Operating Income": -19,
        "EBIT": -19,
        "Net Income": -18
    },
    "2017-03-31": {
        "Diluted EPS": -0.34,
        "Total Revenue": 0,
        "Gross Profit": 0,
        "Operating Income": -18,
        "EBIT": -18,
        "Net Income": -19
    },
    "2016-12-31": {
        "Diluted EPS": -4.09,
        "Total Revenue": 0,
        "Gross Profit": 0,
        "Operating Income": -257,
        "EBIT": -22,
        "Net Income": -219
    },
    "2016-09-30": {
        "Diluted EPS": -0.37,
        "Total Revenue": 1,
        "Gross Profit": 1,
        "Operating Income": -19,
        "EBIT": -19,
        "Net Income": -20
    },
    "2016-06-30": {
        "Diluted EPS": -2.47,
        "Total Revenue": 0,
        "Gross Profit": 0,
        "Operating Income": -195,
        "EBIT": -39,
        "Net Income": -130
    },
    "2016-03-31": {
        "Diluted EPS": -0.31,
        "Total Revenue": 1,
        "Gross Profit": 1,
        "Operating Income": -20,
        "EBIT": -20,
        "Net Income": -16
    },
    "2015-12-31": {
        "Diluted EPS": -0.1,
        "Total Revenue": 13,
        "Gross Profit": 13,
        "Operating Income": -12,
        "EBIT": -11,
        "Net Income": -5
    },
    "2015-09-30": {
        "Diluted EPS": -0.57,
        "Total Revenue": 4,
        "Gross Profit": 4,
        "Operating Income": -58,
        "EBIT": -20,
        "Net Income": -29
    },
    "2015-06-30": {
        "Diluted EPS": -0.27,
        "Total Revenue": 3,
        "Gross Profit": 3,
        "Operating Income": -14,
        "EBIT": -14,
        "Net Income": -15
    },
    "2015-03-31": {
        "Diluted EPS": -0.4,
        "Total Revenue": 5,
        "Gross Profit": 5,
        "Operating Income": -18,
        "EBIT": -18,
        "Net Income": -12
    },
    "2014-12-31": {
        "Diluted EPS": -0.22,
        "Total Revenue": 4,
        "Gross Profit": 4,
        "Operating Income": -11,
        "EBIT": -11,
        "Net Income": -6
    },
    "2014-09-30": {
        "Diluted EPS": -0.39,
        "Total Revenue": 4,
        "Gross Profit": 4,
        "Operating Income": -7,
        "EBIT": -7,
        "Net Income": -9
    },
    "2014-06-30": {
        "Diluted EPS": -0.28,
        "Total Revenue": 2,
        "Gross Profit": 2,
        "Operating Income": -9,
        "EBIT": -9,
        "Net Income": -6
    },
    "2014-03-31": {
        "Diluted EPS": -0.91,
        "Total Revenue": 4,
        "Gross Profit": 4,
        "Operating Income": -6,
        "EBIT": -6,
        "Net Income": -18
    },
    "2013-12-31": {
        "Diluted EPS": -0.15,
        "Total Revenue": 8,
        "Gross Profit": 8,
        "Operating Income": -2,
        "EBIT": -2,
        "Net Income": -3
    },
    "2013-09-30": {
        "Diluted EPS": -0.41,
        "Total Revenue": 3,
        "Gross Profit": 3,
        "Operating Income": -4,
        "EBIT": -4,
        "Net Income": -6
    },
    "2013-06-30": {
        "Diluted EPS": -0.21,
        "Total Revenue": 3,
        "Gross Profit": 3,
        "Operating Income": -3,
        "EBIT": -3,
        "Net Income": -3
    },
    "2013-03-31": {
        "Diluted EPS": -0.18,
        "Total Revenue": 2,
        "Gross Profit": 2,
        "Operating Income": -3,
        "EBIT": -3,
        "Net Income": -3
    },
    "2012-12-31": {
        "Diluted EPS": 2.47,
        "Total Revenue": 4,
        "Gross Profit": 4,
        "Operating Income": -6,
        "EBIT": -6,
        "Net Income": 38
    },
    "2012-09-30": {
        "Diluted EPS": -0.25,
        "Total Revenue": 3,
        "Gross Profit": 3,
        "Operating Income": -2,
        "EBIT": -2,
        "Net Income": -3
    },
    "2012-06-30": {
        "Diluted EPS": -0.14,
        "Total Revenue": 4,
        "Gross Profit": 4,
        "Operating Income": -2,
        "EBIT": -2,
        "Net Income": -2
    },
    "2012-03-31": {
        "Diluted EPS": -0.25,
        "Total Revenue": 4,
        "Gross Profit": 4,
        "Operating Income": -3,
        "EBIT": -2,
        "Net Income": -3
    },
    "2011-12-31": {
        "Diluted EPS": -0.15,
        "Total Revenue": 4,
        "Gross Profit": 4,
        "Operating Income": -2,
        "EBIT": -2,
        "Net Income": -2
    },
    "2011-09-30": {
        "Diluted EPS": -0.12,
        "Total Revenue": 4,
        "Gross Profit": 4,
        "Operating Income": -2,
        "EBIT": -2,
        "Net Income": -1
    },
    "2011-06-30": {
        "Diluted EPS": -0.34,
        "Total Revenue": 4,
        "Gross Profit": 4,
        "Operating Income": -4,
        "EBIT": -4,
        "Net Income": -4
    },
    "2011-03-31": {
        "Diluted EPS": -0.31,
        "Total Revenue": 5,
        "Gross Profit": 5,
        "Operating Income": -3,
        "EBIT": -3,
        "Net Income": -3
    },
    "2010-12-31": {
        "Diluted EPS": -0.08,
        "Total Revenue": 5,
        "Gross Profit": 5,
        "Operating Income": -2,
        "EBIT": -4,
        "Net Income": -1
    },
    "2010-09-30": {
        "Diluted EPS": -0.25,
        "Total Revenue": 10,
        "Gross Profit": 10,
        "Operating Income": 3,
        "EBIT": 4,
        "Net Income": -3
    },
    "2010-06-30": {
        "Diluted EPS": -0.08,
        "Total Revenue": 2,
        "Gross Profit": 2,
        "Operating Income": -4,
        "EBIT": -3,
        "Net Income": -4
    },
    "2010-03-31": {
        "Diluted EPS": -0.09,
        "Total Revenue": 2,
        "Gross Profit": 2,
        "Operating Income": -4,
        "EBIT": -4,
        "Net Income": -4
    },
    "2009-12-31": {
        "Diluted EPS": -0.05,
        "Total Revenue": 4,
        "Gross Profit": 4,
        "Operating Income": -2,
        "EBIT": -2,
        "Net Income": -2
    },
    "2009-09-30": {
        "Diluted EPS": -0.05,
        "Total Revenue": 3,
        "Gross Profit": 3,
        "Operating Income": -2,
        "EBIT": -2,
        "Net Income": -3
    },
    "2009-06-30": {
        "Diluted EPS": -0.03,
        "Total Revenue": 3,
        "Gross Profit": 3,
        "Operating Income": -2,
        "EBIT": -1,
        "Net Income": -2
    },
    "2009-03-31": {
        "Diluted EPS": -0.03,
        "Total Revenue": 2,
        "Gross Profit": 2,
        "Operating Income": -2,
        "EBIT": -1,
        "Net Income": -2
    },
    "2023-06-30": {
        "Tax Effect Of Unusual Items": NaN,
        "Tax Rate For Calcs": NaN,
        "Normalized EBITDA": NaN,
        "Total Unusual Items": NaN,
        "Total Unusual Items Excluding Goodwill": NaN,
        "Net Income From Continuing Operation Net Minority Interest": NaN,
        "Reconciled Depreciation": NaN,
        "EBITDA": NaN,
        "EBIT": NaN,
        "Net Interest Income": NaN,
        "Interest Expense": NaN,
        "Interest Income": NaN,
        "Normalized Income": NaN,
        "Net Income From Continuing And Discontinued Operation": NaN,
        "Total Expenses": NaN,
        "Total Operating Income As Reported": NaN,
        "Diluted Average Shares": 166063284.0,
        "Basic Average Shares": 166063284.0,
        "Diluted EPS": -0.1,
        "Basic EPS": -0.1,
        "Diluted NI Availto Com Stockholders": NaN,
        "Net Income Common Stockholders": NaN,
        "Net Income": NaN,
        "Net Income Including Noncontrolling Interests": NaN,
        "Net Income Continuous Operations": NaN,
        "Tax Provision": 0.0,
        "Pretax Income": NaN,
        "Other Income Expense": NaN,
        "Special Income Charges": NaN,
        "Restructuring And Mergern Acquisition": NaN,
        "Gain On Sale Of Security": NaN,
        "Net Non Operating Interest Income Expense": NaN,
        "Interest Expense Non Operating": NaN,
        "Interest Income Non Operating": NaN,
        "Operating Income": NaN,
        "Operating Expense": NaN,
        "Research And Development": NaN,
        "Selling General And Administration": NaN,
        "General And Administrative Expense": NaN,
        "Other Gand A": NaN,
        "Total Revenue": NaN,
        "Operating Revenue": NaN
    },
    "2023-09-30": {
        "Tax Effect Of Unusual Items": NaN,
        "Tax Rate For Calcs": NaN,
        "Normalized EBITDA": NaN,
        "Total Unusual Items": NaN,
        "Total Unusual Items Excluding Goodwill": NaN,
        "Net Income From Continuing Operation Net Minority Interest": NaN,
        "Reconciled Depreciation": NaN,
        "EBITDA": NaN,
        "EBIT": NaN,
        "Net Interest Income": NaN,
        "Interest Expense": NaN,
        "Interest Income": NaN,
        "Normalized Income": NaN,
        "Net Income From Continuing And Discontinued Operation": NaN,
        "Total Expenses": NaN,
        "Total Operating Income As Reported": NaN,
        "Diluted Average Shares": 167512708.0,
        "Basic Average Shares": 167512708.0,
        "Diluted EPS": -0.12,
        "Basic EPS": -0.12,
        "Diluted NI Availto Com Stockholders": NaN,
        "Net Income Common Stockholders": NaN,
        "Net Income": NaN,
        "Net Income Including Noncontrolling Interests": NaN,
        "Net Income Continuous Operations": NaN,
        "Tax Provision": 0.0,
        "Pretax Income": NaN,
        "Other Income Expense": NaN,
        "Special Income Charges": NaN,
        "Restructuring And Mergern Acquisition": NaN,
        "Gain On Sale Of Security": NaN,
        "Net Non Operating Interest Income Expense": NaN,
        "Interest Expense Non Operating": NaN,
        "Interest Income Non Operating": NaN,
        "Operating Income": NaN,
        "Operating Expense": NaN,
        "Research And Development": NaN,
        "Selling General And Administration": NaN,
        "General And Administrative Expense": NaN,
        "Other Gand A": NaN,
        "Total Revenue": NaN,
        "Operating Revenue": NaN
    },
    "2023-12-31": {
        "Tax Effect Of Unusual Items": NaN,
        "Tax Rate For Calcs": NaN,
        "Normalized EBITDA": NaN,
        "Total Unusual Items": NaN,
        "Total Unusual Items Excluding Goodwill": NaN,
        "Net Income From Continuing Operation Net Minority Interest": NaN,
        "Reconciled Depreciation": NaN,
        "EBITDA": NaN,
        "EBIT": NaN,
        "Net Interest Income": NaN,
        "Interest Expense": NaN,
        "Interest Income": NaN,
        "Normalized Income": NaN,
        "Net Income From Continuing And Discontinued Operation": NaN,
        "Total Expenses": NaN,
        "Total Operating Income As Reported": NaN,
        "Diluted Average Shares": NaN,
        "Basic Average Shares": NaN,
        "Diluted EPS": NaN,
        "Basic EPS": NaN,
        "Diluted NI Availto Com Stockholders": NaN,
        "Net Income Common Stockholders": NaN,
        "Net Income": NaN,
        "Net Income Including Noncontrolling Interests": NaN,
        "Net Income Continuous Operations": NaN,
        "Tax Provision": 0.0,
        "Pretax Income": NaN,
        "Other Income Expense": NaN,
        "Special Income Charges": NaN,
        "Restructuring And Mergern Acquisition": NaN,
        "Gain On Sale Of Security": NaN,
        "Net Non Operating Interest Income Expense": NaN,
        "Interest Expense Non Operating": NaN,
        "Interest Income Non Operating": NaN,
        "Operating Income": NaN,
        "Operating Expense": NaN,
        "Research And Development": NaN,
        "Selling General And Administration": NaN,
        "General And Administrative Expense": NaN,
        "Other Gand A": NaN,
        "Total Revenue": NaN,
        "Operating Revenue": NaN
    },
    "2024-03-31": {
        "Tax Effect Of Unusual Items": NaN,
        "Tax Rate For Calcs": NaN,
        "Normalized EBITDA": NaN,
        "Total Unusual Items": NaN,
        "Total Unusual Items Excluding Goodwill": NaN,
        "Net Income From Continuing Operation Net Minority Interest": NaN,
        "Reconciled Depreciation": NaN,
        "EBITDA": NaN,
        "EBIT": NaN,
        "Net Interest Income": NaN,
        "Interest Expense": NaN,
        "Interest Income": NaN,
        "Normalized Income": NaN,
        "Net Income From Continuing And Discontinued Operation": NaN,
        "Total Expenses": NaN,
        "Total Operating Income As Reported": NaN,
        "Diluted Average Shares": 175625552.0,
        "Basic Average Shares": 175625552.0,
        "Diluted EPS": -0.1,
        "Basic EPS": -0.1,
        "Diluted NI Availto Com Stockholders": NaN,
        "Net Income Common Stockholders": NaN,
        "Net Income": NaN,
        "Net Income Including Noncontrolling Interests": NaN,
        "Net Income Continuous Operations": NaN,
        "Pretax Income": NaN,
        "Other Income Expense": NaN,
        "Special Income Charges": NaN,
        "Restructuring And Mergern Acquisition": NaN,
        "Gain On Sale Of Security": NaN,
        "Net Non Operating Interest Income Expense": NaN,
        "Interest Expense Non Operating": NaN,
        "Interest Income Non Operating": NaN,
        "Operating Income": NaN,
        "Operating Expense": NaN,
        "Research And Development": NaN,
        "Selling General And Administration": NaN,
        "General And Administrative Expense": NaN,
        "Other Gand A": NaN,
        "Total Revenue": NaN,
        "Operating Revenue": NaN
    },
    "2024-06-30": {
        "Tax Effect Of Unusual Items": NaN,
        "Tax Rate For Calcs": NaN,
        "Normalized EBITDA": NaN,
        "Total Unusual Items": NaN,
        "Total Unusual Items Excluding Goodwill": NaN,
        "Net Income From Continuing Operation Net Minority Interest": NaN,
        "Reconciled Depreciation": NaN,
        "EBITDA": NaN,
        "EBIT": NaN,
        "Net Interest Income": NaN,
        "Interest Expense": NaN,
        "Interest Income": NaN,
        "Normalized Income": NaN,
        "Net Income From Continuing And Discontinued Operation": NaN,
        "Total Expenses": NaN,
        "Total Operating Income As Reported": NaN,
        "Diluted Average Shares": 188041489.0,
        "Basic Average Shares": 188041489.0,
        "Diluted EPS": -0.11,
        "Basic EPS": -0.11,
        "Diluted NI Availto Com Stockholders": NaN,
        "Net Income Common Stockholders": NaN,
        "Net Income": NaN,
        "Net Income Including Noncontrolling Interests": NaN,
        "Net Income Continuous Operations": NaN,
        "Pretax Income": NaN,
        "Other Income Expense": NaN,
        "Special Income Charges": NaN,
        "Restructuring And Mergern Acquisition": NaN,
        "Gain On Sale Of Security": NaN,
        "Net Non Operating Interest Income Expense": NaN,
        "Interest Expense Non Operating": NaN,
        "Interest Income Non Operating": NaN,
        "Operating Income": NaN,
        "Operating Expense": NaN,
        "Research And Development": NaN,
        "Selling General And Administration": NaN,
        "General And Administrative Expense": NaN,
        "Other Gand A": NaN,
        "Total Revenue": NaN,
        "Operating Revenue": NaN
    },
    "2024-09-30": {
        "Tax Effect Of Unusual Items": 0.0,
        "Tax Rate For Calcs": 0.0,
        "Normalized EBITDA": -15388000.0,
        "Total Unusual Items": -3964000.0,
        "Total Unusual Items Excluding Goodwill": -3964000.0,
        "Net Income From Continuing Operation Net Minority Interest": -19717000.0,
        "Reconciled Depreciation": 336000.0,
        "EBITDA": -19352000.0,
        "EBIT": -19688000.0,
        "Net Interest Income": 1718000.0,
        "Interest Expense": 29000.0,
        "Interest Income": 1747000.0,
        "Normalized Income": -15753000.0,
        "Net Income From Continuing And Discontinued Operation": -19717000.0,
        "Total Expenses": 18810000.0,
        "Total Operating Income As Reported": -21440000.0,
        "Diluted Average Shares": 188997194.0,
        "Basic Average Shares": 188997194.0,
        "Diluted EPS": -0.1,
        "Basic EPS": -0.1,
        "Diluted NI Availto Com Stockholders": -19717000.0,
        "Net Income Common Stockholders": -19717000.0,
        "Net Income": -19717000.0,
        "Net Income Including Noncontrolling Interests": -19717000.0,
        "Net Income Continuous Operations": -19717000.0,
        "Pretax Income": -19717000.0,
        "Other Income Expense": -3964000.0,
        "Special Income Charges": -3969000.0,
        "Restructuring And Mergern Acquisition": 3969000.0,
        "Gain On Sale Of Security": 5000.0,
        "Net Non Operating Interest Income Expense": 1718000.0,
        "Interest Expense Non Operating": 29000.0,
        "Interest Income Non Operating": 1747000.0,
        "Operating Income": -17471000.0,
        "Operating Expense": 18810000.0,
        "Research And Development": 14273000.0,
        "Selling General And Administration": 4537000.0,
        "General And Administrative Expense": 4537000.0,
        "Other Gand A": 4537000.0,
        "Total Revenue": 1339000.0,
        "Operating Revenue": 1339000.0
    },
    "2024-12-31": {
        "Tax Effect Of Unusual Items": 0.0,
        "Tax Rate For Calcs": 0.0,
        "Normalized EBITDA": -10151000.0,
        "Total Unusual Items": -2018000.0,
        "Total Unusual Items Excluding Goodwill": -2018000.0,
        "Net Income From Continuing Operation Net Minority Interest": -12532000.0,
        "Reconciled Depreciation": 333000.0,
        "EBITDA": -12169000.0,
        "EBIT": -12502000.0,
        "Net Interest Income": 1434000.0,
        "Interest Expense": 30000.0,
        "Interest Income": 1464000.0,
        "Normalized Income": -10514000.0,
        "Net Income From Continuing And Discontinued Operation": -12532000.0,
        "Total Expenses": 13522000.0,
        "Total Operating Income As Reported": -13933000.0,
        "Diluted Average Shares": NaN,
        "Basic Average Shares": NaN,
        "Diluted EPS": NaN,
        "Basic EPS": NaN,
        "Diluted NI Availto Com Stockholders": -12532000.0,
        "Net Income Common Stockholders": -12532000.0,
        "Net Income": -12532000.0,
        "Net Income Including Noncontrolling Interests": -12532000.0,
        "Net Income Continuous Operations": -12532000.0,
        "Pretax Income": -12532000.0,
        "Other Income Expense": -2018000.0,
        "Special Income Charges": -1985000.0,
        "Restructuring And Mergern Acquisition": 1985000.0,
        "Gain On Sale Of Security": -33000.0,
        "Net Non Operating Interest Income Expense": 1434000.0,
        "Interest Expense Non Operating": 30000.0,
        "Interest Income Non Operating": 1464000.0,
        "Operating Income": -11948000.0,
        "Operating Expense": 13522000.0,
        "Research And Development": 8810000.0,
        "Selling General And Administration": 4712000.0,
        "General And Administrative Expense": 4712000.0,
        "Other Gand A": 4712000.0,
        "Total Revenue": 1574000.0,
        "Operating Revenue": 1574000.0
    },
    "2025-03-31": {
        "Tax Effect Of Unusual Items": 0.0,
        "Tax Rate For Calcs": 0.0,
        "Normalized EBITDA": -11500000.0,
        "Total Unusual Items": -12668000.0,
        "Total Unusual Items Excluding Goodwill": -12668000.0,
        "Net Income From Continuing Operation Net Minority Interest": -24526000.0,
        "Reconciled Depreciation": 330000.0,
        "EBITDA": -24168000.0,
        "EBIT": -24498000.0,
        "Net Interest Income": 1169000.0,
        "Interest Expense": 28000.0,
        "Interest Income": 1197000.0,
        "Normalized Income": -11858000.0,
        "Net Income From Continuing And Discontinued Operation": -24526000.0,
        "Total Expenses": 14791000.0,
        "Total Operating Income As Reported": -25699000.0,
        "Diluted Average Shares": 190707085.0,
        "Basic Average Shares": 190707085.0,
        "Diluted EPS": -0.13,
        "Basic EPS": -0.13,
        "Diluted NI Availto Com Stockholders": -24526000.0,
        "Net Income Common Stockholders": -24526000.0,
        "Net Income": -24526000.0,
        "Net Income Including Noncontrolling Interests": -24526000.0,
        "Net Income Continuous Operations": -24526000.0,
        "Pretax Income": -24526000.0,
        "Other Income Expense": -12668000.0,
        "Special Income Charges": -12672000.0,
        "Restructuring And Mergern Acquisition": 12672000.0,
        "Gain On Sale Of Security": 4000.0,
        "Net Non Operating Interest Income Expense": 1169000.0,
        "Interest Expense Non Operating": 28000.0,
        "Interest Income Non Operating": 1197000.0,
        "Operating Income": -13027000.0,
        "Operating Expense": 14791000.0,
        "Research And Development": 8959000.0,
        "Selling General And Administration": 5832000.0,
        "General And Administrative Expense": 5832000.0,
        "Other Gand A": 5832000.0,
        "Total Revenue": 1764000.0,
        "Operating Revenue": 1764000.0
    },
    "2025-06-30": {
        "Tax Effect Of Unusual Items": -84840.0,
        "Tax Rate For Calcs": 0.21,
        "Normalized EBITDA": 2966000.0,
        "Total Unusual Items": -404000.0,
        "Total Unusual Items Excluding Goodwill": -404000.0,
        "Net Income From Continuing Operation Net Minority Interest": 2523000.0,
        "Reconciled Depreciation": 11000.0,
        "EBITDA": 2562000.0,
        "EBIT": 2551000.0,
        "Net Interest Income": 1014000.0,
        "Interest Expense": 28000.0,
        "Interest Income": 1042000.0,
        "Normalized Income": 2842160.0,
        "Net Income From Continuing And Discontinued Operation": 2523000.0,
        "Total Expenses": 8826000.0,
        "Total Operating Income As Reported": 1488000.0,
        "Diluted Average Shares": 192399733.0,
        "Basic Average Shares": 191551282.0,
        "Diluted EPS": 0.01,
        "Basic EPS": 0.01,
        "Diluted NI Availto Com Stockholders": 2523000.0,
        "Net Income Common Stockholders": 2523000.0,
        "Net Income": 2523000.0,
        "Net Income Including Noncontrolling Interests": 2523000.0,
        "Net Income Continuous Operations": 2523000.0,
        "Pretax Income": 2523000.0,
        "Other Income Expense": -404000.0,
        "Special Income Charges": -425000.0,
        "Restructuring And Mergern Acquisition": 425000.0,
        "Gain On Sale Of Security": 21000.0,
        "Net Non Operating Interest Income Expense": 1014000.0,
        "Interest Expense Non Operating": 28000.0,
        "Interest Income Non Operating": 1042000.0,
        "Operating Income": 1913000.0,
        "Operating Expense": 8826000.0,
        "Research And Development": 5498000.0,
        "Selling General And Administration": 3328000.0,
        "General And Administrative Expense": 3328000.0,
        "Other Gand A": 3328000.0,
        "Total Revenue": 10739000.0,
        "Operating Revenue": 10739000.0
    },
    "2025-09-30": {
        "Tax Effect Of Unusual Items": 0.0,
        "Tax Rate For Calcs": 0.0,
        "Normalized EBITDA": -7330000.0,
        "Total Unusual Items": -378000.0,
        "Total Unusual Items Excluding Goodwill": -378000.0,
        "Net Income From Continuing Operation Net Minority Interest": -7742000.0,
        "Reconciled Depreciation": 11000.0,
        "EBITDA": -7708000.0,
        "EBIT": -7719000.0,
        "Net Interest Income": 929000.0,
        "Interest Expense": 23000.0,
        "Interest Income": 952000.0,
        "Normalized Income": -7364000.0,
        "Net Income From Continuing And Discontinued Operation": -7742000.0,
        "Total Expenses": 8822000.0,
        "Total Operating Income As Reported": -8659000.0,
        "Diluted Average Shares": 191778950.0,
        "Basic Average Shares": 191778950.0,
        "Diluted EPS": -0.04,
        "Basic EPS": -0.04,
        "Diluted NI Availto Com Stockholders": -7742000.0,
        "Net Income Common Stockholders": -7742000.0,
        "Net Income": -7742000.0,
        "Net Income Including Noncontrolling Interests": -7742000.0,
        "Net Income Continuous Operations": -7742000.0,
        "Pretax Income": -7742000.0,
        "Other Income Expense": -378000.0,
        "Special Income Charges": -366000.0,
        "Restructuring And Mergern Acquisition": 366000.0,
        "Gain On Sale Of Security": -12000.0,
        "Net Non Operating Interest Income Expense": 929000.0,
        "Interest Expense Non Operating": 23000.0,
        "Interest Income Non Operating": 952000.0,
        "Operating Income": -8293000.0,
        "Operating Expense": 8822000.0,
        "Research And Development": 5778000.0,
        "Selling General And Administration": 3044000.0,
        "General And Administrative Expense": 3044000.0,
        "Other Gand A": 3044000.0,
        "Total Revenue": 529000.0,
        "Operating Revenue": 529000.0
    }
}