{
    "2023-03-31": {
        "Tax Effect Of Unusual Items": NaN,
        "Tax Rate For Calcs": NaN,
        "Normalized EBITDA": NaN,
        "Total Unusual Items": NaN,
        "Total Unusual Items Excluding Goodwill": NaN,
        "Net Income From Continuing Operation Net Minority Interest": NaN,
        "Reconciled Depreciation": NaN,
        "Reconciled Cost Of Revenue": NaN,
        "EBITDA": NaN,
        "EBIT": NaN,
        "Net Interest Income": NaN,
        "Interest Expense": NaN,
        "Interest Income": NaN,
        "Normalized Income": NaN,
        "Net Income From Continuing And Discontinued Operation": NaN,
        "Total Expenses": NaN,
        "Total Operating Income As Reported": NaN,
        "Diluted Average Shares": NaN,
        "Basic Average Shares": NaN,
        "Diluted EPS": NaN,
        "Basic EPS": NaN,
        "Diluted NI Availto Com Stockholders": NaN,
        "Net Income Common Stockholders": NaN,
        "Net Income": NaN,
        "Minority Interests": NaN,
        "Net Income Including Noncontrolling Interests": NaN,
        "Net Income Continuous Operations": NaN,
        "Tax Provision": NaN,
        "Pretax Income": NaN,
        "Other Income Expense": NaN,
        "Other Non Operating Income Expenses": NaN,
        "Special Income Charges": -871000.0,
        "Other Special Charges": 871000.0,
        "Gain On Sale Of Security": NaN,
        "Net Non Operating Interest Income Expense": NaN,
        "Interest Expense Non Operating": NaN,
        "Interest Income Non Operating": NaN,
        "Operating Income": NaN,
        "Operating Expense": NaN,
        "Other Operating Expenses": NaN,
        "Selling General And Administration": 2543000.0,
        "General And Administrative Expense": 2543000.0,
        "Other Gand A": 2543000.0,
        "Gross Profit": NaN,
        "Cost Of Revenue": NaN,
        "Total Revenue": NaN,
        "Operating Revenue": NaN
    },
    "2022-12-31": {
        "Tax Effect Of Unusual Items": NaN,
        "Tax Rate For Calcs": NaN,
        "Normalized EBITDA": NaN,
        "Total Unusual Items": NaN,
        "Total Unusual Items Excluding Goodwill": NaN,
        "Net Income From Continuing Operation Net Minority Interest": NaN,
        "Reconciled Depreciation": NaN,
        "Reconciled Cost Of Revenue": NaN,
        "EBITDA": NaN,
        "EBIT": NaN,
        "Net Interest Income": NaN,
        "Interest Expense": NaN,
        "Interest Income": NaN,
        "Normalized Income": NaN,
        "Net Income From Continuing And Discontinued Operation": NaN,
        "Total Expenses": NaN,
        "Total Operating Income As Reported": NaN,
        "Diluted Average Shares": NaN,
        "Basic Average Shares": NaN,
        "Diluted EPS": NaN,
        "Basic EPS": NaN,
        "Diluted NI Availto Com Stockholders": NaN,
        "Net Income Common Stockholders": NaN,
        "Net Income": NaN,
        "Minority Interests": NaN,
        "Net Income Including Noncontrolling Interests": NaN,
        "Net Income Continuous Operations": NaN,
        "Tax Provision": NaN,
        "Pretax Income": NaN,
        "Other Income Expense": NaN,
        "Other Non Operating Income Expenses": NaN,
        "Special Income Charges": -1713000.0,
        "Other Special Charges": 1713000.0,
        "Gain On Sale Of Security": NaN,
        "Net Non Operating Interest Income Expense": NaN,
        "Interest Expense Non Operating": NaN,
        "Interest Income Non Operating": NaN,
        "Operating Income": NaN,
        "Operating Expense": NaN,
        "Other Operating Expenses": NaN,
        "Selling General And Administration": 0.0,
        "General And Administrative Expense": NaN,
        "Other Gand A": NaN,
        "Gross Profit": NaN,
        "Cost Of Revenue": NaN,
        "Total Revenue": NaN,
        "Operating Revenue": NaN
    },
    "2022-09-30": {
        "Tax Effect Of Unusual Items": NaN,
        "Tax Rate For Calcs": NaN,
        "Normalized EBITDA": NaN,
        "Total Unusual Items": NaN,
        "Total Unusual Items Excluding Goodwill": NaN,
        "Net Income From Continuing Operation Net Minority Interest": NaN,
        "Reconciled Depreciation": NaN,
        "Reconciled Cost Of Revenue": NaN,
        "EBITDA": NaN,
        "EBIT": NaN,
        "Net Interest Income": NaN,
        "Interest Expense": NaN,
        "Interest Income": NaN,
        "Normalized Income": NaN,
        "Net Income From Continuing And Discontinued Operation": NaN,
        "Total Expenses": NaN,
        "Total Operating Income As Reported": NaN,
        "Diluted Average Shares": NaN,
        "Basic Average Shares": NaN,
        "Diluted EPS": NaN,
        "Basic EPS": NaN,
        "Diluted NI Availto Com Stockholders": NaN,
        "Net Income Common Stockholders": NaN,
        "Net Income": NaN,
        "Minority Interests": NaN,
        "Net Income Including Noncontrolling Interests": NaN,
        "Net Income Continuous Operations": NaN,
        "Tax Provision": NaN,
        "Pretax Income": NaN,
        "Other Income Expense": NaN,
        "Other Non Operating Income Expenses": NaN,
        "Special Income Charges": NaN,
        "Other Special Charges": NaN,
        "Gain On Sale Of Security": NaN,
        "Net Non Operating Interest Income Expense": NaN,
        "Interest Expense Non Operating": NaN,
        "Interest Income Non Operating": NaN,
        "Operating Income": NaN,
        "Operating Expense": NaN,
        "Other Operating Expenses": NaN,
        "Selling General And Administration": 0.0,
        "General And Administrative Expense": NaN,
        "Other Gand A": NaN,
        "Gross Profit": NaN,
        "Cost Of Revenue": NaN,
        "Total Revenue": NaN,
        "Operating Revenue": NaN
    },
    "2022-06-30": {
        "Tax Effect Of Unusual Items": -7976433.0,
        "Tax Rate For Calcs": 0.211,
        "Normalized EBITDA": -208000.0,
        "Total Unusual Items": -37803000.0,
        "Total Unusual Items Excluding Goodwill": -37803000.0,
        "Net Income From Continuing Operation Net Minority Interest": -29887000.0,
        "Reconciled Depreciation": 71000.0,
        "Reconciled Cost Of Revenue": 3007000.0,
        "EBITDA": -38011000.0,
        "EBIT": -38082000.0,
        "Net Interest Income": 1886000.0,
        "Interest Expense": 46000.0,
        "Interest Income": 1932000.0,
        "Normalized Income": -60433.0,
        "Net Income From Continuing And Discontinued Operation": -29887000.0,
        "Total Expenses": 4757000.0,
        "Total Operating Income As Reported": -2211000.0,
        "Diluted Average Shares": 22036000.0,
        "Basic Average Shares": 22036000.0,
        "Diluted EPS": -1.36,
        "Basic EPS": -1.36,
        "Diluted NI Availto Com Stockholders": -29887000.0,
        "Net Income Common Stockholders": -29887000.0,
        "Net Income": -29887000.0,
        "Minority Interests": 205000.0,
        "Net Income Including Noncontrolling Interests": -30092000.0,
        "Net Income Continuous Operations": -30092000.0,
        "Tax Provision": -8036000.0,
        "Pretax Income": -38128000.0,
        "Other Income Expense": -37803000.0,
        "Special Income Charges": 0.0,
        "Other Special Charges": NaN,
        "Gain On Sale Of Security": -37803000.0,
        "Net Non Operating Interest Income Expense": 1886000.0,
        "Interest Expense Non Operating": 46000.0,
        "Interest Income Non Operating": 1932000.0,
        "Operating Income": -2211000.0,
        "Operating Expense": 1750000.0,
        "Other Operating Expenses": 1750000.0,
        "Selling General And Administration": 0.0,
        "General And Administrative Expense": NaN,
        "Other Gand A": NaN,
        "Gross Profit": -461000.0,
        "Cost Of Revenue": 3007000.0,
        "Total Revenue": 2546000.0,
        "Operating Revenue": 2451000.0
    },
    "2023-06-30": {
        "Tax Effect Of Unusual Items": NaN,
        "Tax Rate For Calcs": NaN,
        "Normalized EBITDA": NaN,
        "Total Unusual Items": NaN,
        "Total Unusual Items Excluding Goodwill": NaN,
        "Net Income From Continuing Operation Net Minority Interest": NaN,
        "Reconciled Depreciation": NaN,
        "Reconciled Cost Of Revenue": NaN,
        "EBITDA": NaN,
        "EBIT": NaN,
        "Net Interest Income": NaN,
        "Interest Expense": NaN,
        "Interest Income": NaN,
        "Normalized Income": NaN,
        "Net Income From Continuing And Discontinued Operation": NaN,
        "Total Expenses": NaN,
        "Total Operating Income As Reported": NaN,
        "Diluted Average Shares": NaN,
        "Basic Average Shares": NaN,
        "Diluted EPS": NaN,
        "Basic EPS": NaN,
        "Diluted NI Availto Com Stockholders": NaN,
        "Net Income Common Stockholders": NaN,
        "Net Income": NaN,
        "Minority Interests": NaN,
        "Net Income Including Noncontrolling Interests": NaN,
        "Net Income Continuous Operations": NaN,
        "Tax Provision": NaN,
        "Pretax Income": NaN,
        "Other Income Expense": NaN,
        "Other Non Operating Income Expenses": NaN,
        "Special Income Charges": -498000.0,
        "Other Special Charges": 498000.0,
        "Gain On Sale Of Security": NaN,
        "Net Non Operating Interest Income Expense": NaN,
        "Interest Expense Non Operating": NaN,
        "Interest Income Non Operating": NaN,
        "Operating Income": NaN,
        "Operating Expense": NaN,
        "Other Operating Expenses": NaN,
        "Selling General And Administration": 544000.0,
        "General And Administrative Expense": 544000.0,
        "Other Gand A": 544000.0,
        "Gross Profit": NaN,
        "Cost Of Revenue": NaN,
        "Total Revenue": NaN,
        "Operating Revenue": NaN
    },
    "2023-09-30": {
        "Tax Effect Of Unusual Items": NaN,
        "Tax Rate For Calcs": NaN,
        "Normalized EBITDA": NaN,
        "Total Unusual Items": NaN,
        "Total Unusual Items Excluding Goodwill": NaN,
        "Net Income From Continuing Operation Net Minority Interest": NaN,
        "Reconciled Depreciation": NaN,
        "Reconciled Cost Of Revenue": NaN,
        "EBITDA": NaN,
        "EBIT": NaN,
        "Net Interest Income": NaN,
        "Interest Expense": NaN,
        "Interest Income": NaN,
        "Normalized Income": NaN,
        "Net Income From Continuing And Discontinued Operation": NaN,
        "Total Expenses": NaN,
        "Total Operating Income As Reported": NaN,
        "Diluted Average Shares": NaN,
        "Basic Average Shares": NaN,
        "Diluted EPS": NaN,
        "Basic EPS": NaN,
        "Diluted NI Availto Com Stockholders": NaN,
        "Net Income Common Stockholders": NaN,
        "Net Income": NaN,
        "Minority Interests": NaN,
        "Net Income Including Noncontrolling Interests": NaN,
        "Net Income Continuous Operations": NaN,
        "Tax Provision": NaN,
        "Pretax Income": NaN,
        "Other Income Expense": NaN,
        "Other Non Operating Income Expenses": NaN,
        "Special Income Charges": -235000.0,
        "Other Special Charges": 235000.0,
        "Gain On Sale Of Security": NaN,
        "Net Non Operating Interest Income Expense": NaN,
        "Interest Expense Non Operating": NaN,
        "Interest Income Non Operating": NaN,
        "Operating Income": NaN,
        "Operating Expense": NaN,
        "Other Operating Expenses": NaN,
        "Selling General And Administration": -12000.0,
        "General And Administrative Expense": -12000.0,
        "Other Gand A": -12000.0,
        "Gross Profit": NaN,
        "Cost Of Revenue": NaN,
        "Total Revenue": NaN,
        "Operating Revenue": NaN
    },
    "2023-12-31": {
        "Tax Effect Of Unusual Items": NaN,
        "Tax Rate For Calcs": NaN,
        "Normalized EBITDA": NaN,
        "Total Unusual Items": NaN,
        "Total Unusual Items Excluding Goodwill": NaN,
        "Net Income From Continuing Operation Net Minority Interest": NaN,
        "Reconciled Depreciation": NaN,
        "Reconciled Cost Of Revenue": NaN,
        "EBITDA": NaN,
        "EBIT": NaN,
        "Net Interest Income": NaN,
        "Interest Expense": NaN,
        "Interest Income": NaN,
        "Normalized Income": NaN,
        "Net Income From Continuing And Discontinued Operation": NaN,
        "Total Expenses": NaN,
        "Total Operating Income As Reported": NaN,
        "Diluted Average Shares": NaN,
        "Basic Average Shares": NaN,
        "Diluted EPS": NaN,
        "Basic EPS": NaN,
        "Diluted NI Availto Com Stockholders": NaN,
        "Net Income Common Stockholders": NaN,
        "Net Income": NaN,
        "Minority Interests": NaN,
        "Net Income Including Noncontrolling Interests": NaN,
        "Net Income Continuous Operations": NaN,
        "Tax Provision": NaN,
        "Pretax Income": NaN,
        "Other Income Expense": NaN,
        "Other Non Operating Income Expenses": -2413000.0,
        "Special Income Charges": -2413000.0,
        "Other Special Charges": 2413000.0,
        "Gain On Sale Of Security": NaN,
        "Net Non Operating Interest Income Expense": NaN,
        "Interest Expense Non Operating": NaN,
        "Interest Income Non Operating": NaN,
        "Operating Income": NaN,
        "Operating Expense": NaN,
        "Other Operating Expenses": NaN,
        "Selling General And Administration": NaN,
        "General And Administrative Expense": NaN,
        "Other Gand A": NaN,
        "Gross Profit": NaN,
        "Cost Of Revenue": NaN,
        "Total Revenue": NaN,
        "Operating Revenue": NaN
    },
    "2024-03-31": {
        "Tax Effect Of Unusual Items": NaN,
        "Tax Rate For Calcs": NaN,
        "Normalized EBITDA": NaN,
        "Total Unusual Items": NaN,
        "Total Unusual Items Excluding Goodwill": NaN,
        "Net Income From Continuing Operation Net Minority Interest": NaN,
        "Reconciled Depreciation": NaN,
        "Reconciled Cost Of Revenue": NaN,
        "EBITDA": NaN,
        "EBIT": NaN,
        "Net Interest Income": NaN,
        "Interest Expense": NaN,
        "Interest Income": NaN,
        "Normalized Income": NaN,
        "Net Income From Continuing And Discontinued Operation": NaN,
        "Total Expenses": NaN,
        "Total Operating Income As Reported": NaN,
        "Diluted Average Shares": NaN,
        "Basic Average Shares": NaN,
        "Diluted EPS": NaN,
        "Basic EPS": NaN,
        "Diluted NI Availto Com Stockholders": NaN,
        "Net Income Common Stockholders": NaN,
        "Net Income": NaN,
        "Minority Interests": NaN,
        "Net Income Including Noncontrolling Interests": NaN,
        "Net Income Continuous Operations": NaN,
        "Tax Provision": NaN,
        "Pretax Income": NaN,
        "Other Income Expense": NaN,
        "Other Non Operating Income Expenses": -69000.0,
        "Special Income Charges": NaN,
        "Other Special Charges": NaN,
        "Gain On Sale Of Security": NaN,
        "Net Non Operating Interest Income Expense": NaN,
        "Interest Expense Non Operating": NaN,
        "Interest Income Non Operating": NaN,
        "Operating Income": NaN,
        "Operating Expense": NaN,
        "Other Operating Expenses": NaN,
        "Selling General And Administration": NaN,
        "General And Administrative Expense": NaN,
        "Other Gand A": NaN,
        "Gross Profit": NaN,
        "Cost Of Revenue": NaN,
        "Total Revenue": NaN,
        "Operating Revenue": NaN
    },
    "2024-06-30": {
        "Tax Effect Of Unusual Items": -30395.751817,
        "Tax Rate For Calcs": 0.191168,
        "Normalized EBITDA": 3897000.0,
        "Total Unusual Items": -159000.0,
        "Total Unusual Items Excluding Goodwill": -159000.0,
        "Net Income From Continuing Operation Net Minority Interest": 2985000.0,
        "Reconciled Depreciation": 91000.0,
        "Reconciled Cost Of Revenue": 4384000.0,
        "EBITDA": 3738000.0,
        "EBIT": 3647000.0,
        "Net Interest Income": 7791000.0,
        "Interest Expense": 69000.0,
        "Interest Income": 7860000.0,
        "Normalized Income": 3113604.248183,
        "Net Income From Continuing And Discontinued Operation": 2985000.0,
        "Total Expenses": 6269000.0,
        "Total Operating Income As Reported": -3674000.0,
        "Diluted Average Shares": 21392000.0,
        "Basic Average Shares": 21392000.0,
        "Diluted EPS": 0.14,
        "Basic EPS": 0.14,
        "Diluted NI Availto Com Stockholders": 2985000.0,
        "Net Income Common Stockholders": 2985000.0,
        "Net Income": 2985000.0,
        "Minority Interests": 91000.0,
        "Net Income Including Noncontrolling Interests": 2894000.0,
        "Net Income Continuous Operations": 2894000.0,
        "Tax Provision": 684000.0,
        "Pretax Income": 3578000.0,
        "Other Income Expense": -539000.0,
        "Other Non Operating Income Expenses": -380000.0,
        "Special Income Charges": NaN,
        "Other Special Charges": NaN,
        "Gain On Sale Of Security": -159000.0,
        "Net Non Operating Interest Income Expense": 7791000.0,
        "Interest Expense Non Operating": 69000.0,
        "Interest Income Non Operating": 7860000.0,
        "Operating Income": -3674000.0,
        "Operating Expense": 1885000.0,
        "Other Operating Expenses": 1885000.0,
        "Selling General And Administration": 442000.0,
        "General And Administrative Expense": 442000.0,
        "Other Gand A": 442000.0,
        "Gross Profit": -1789000.0,
        "Cost Of Revenue": 4384000.0,
        "Total Revenue": 2595000.0,
        "Operating Revenue": 2489000.0
    },
    "2024-09-30": {
        "Tax Effect Of Unusual Items": 5993617.0,
        "Tax Rate For Calcs": 0.229,
        "Normalized EBITDA": 4317000.0,
        "Total Unusual Items": 26173000.0,
        "Total Unusual Items Excluding Goodwill": 26173000.0,
        "Net Income From Continuing Operation Net Minority Interest": 23242000.0,
        "Reconciled Depreciation": 91000.0,
        "Reconciled Cost Of Revenue": 7527000.0,
        "EBITDA": 30490000.0,
        "EBIT": 30399000.0,
        "Net Interest Income": 11066000.0,
        "Interest Expense": 76000.0,
        "Interest Income": 11142000.0,
        "Normalized Income": 3062617.0,
        "Net Income From Continuing And Discontinued Operation": 23242000.0,
        "Total Expenses": 9331000.0,
        "Total Operating Income As Reported": -6916000.0,
        "Diluted Average Shares": 21275000.0,
        "Basic Average Shares": 21275000.0,
        "Diluted EPS": 1.09,
        "Basic EPS": 1.09,
        "Diluted NI Availto Com Stockholders": 23242000.0,
        "Net Income Common Stockholders": 23242000.0,
        "Net Income": 23242000.0,
        "Minority Interests": -148000.0,
        "Net Income Including Noncontrolling Interests": 23390000.0,
        "Net Income Continuous Operations": 23390000.0,
        "Tax Provision": 6933000.0,
        "Pretax Income": 30323000.0,
        "Other Income Expense": 26173000.0,
        "Other Non Operating Income Expenses": NaN,
        "Special Income Charges": NaN,
        "Other Special Charges": NaN,
        "Gain On Sale Of Security": 26173000.0,
        "Net Non Operating Interest Income Expense": 11066000.0,
        "Interest Expense Non Operating": 76000.0,
        "Interest Income Non Operating": 11142000.0,
        "Operating Income": -6916000.0,
        "Operating Expense": 1804000.0,
        "Other Operating Expenses": 1804000.0,
        "Selling General And Administration": 3312000.0,
        "General And Administrative Expense": 3312000.0,
        "Other Gand A": 3312000.0,
        "Gross Profit": -5112000.0,
        "Cost Of Revenue": 7527000.0,
        "Total Revenue": 2415000.0,
        "Operating Revenue": 2310000.0
    },
    "2024-12-31": {
        "Tax Effect Of Unusual Items": -8610.0,
        "Tax Rate For Calcs": 0.21,
        "Normalized EBITDA": 1348000.0,
        "Total Unusual Items": -41000.0,
        "Total Unusual Items Excluding Goodwill": -41000.0,
        "Net Income From Continuing Operation Net Minority Interest": 4280000.0,
        "Reconciled Depreciation": 89000.0,
        "Reconciled Cost Of Revenue": 6450000.0,
        "EBITDA": 1307000.0,
        "EBIT": 1218000.0,
        "Net Interest Income": 7476000.0,
        "Interest Expense": 39000.0,
        "Interest Income": 7515000.0,
        "Normalized Income": 4312390.0,
        "Net Income From Continuing And Discontinued Operation": 4280000.0,
        "Total Expenses": 8347000.0,
        "Total Operating Income As Reported": -3193000.0,
        "Diluted Average Shares": 21222000.0,
        "Basic Average Shares": 21222000.0,
        "Diluted EPS": 0.2,
        "Basic EPS": 0.2,
        "Diluted NI Availto Com Stockholders": 4280000.0,
        "Net Income Common Stockholders": 4280000.0,
        "Net Income": 4280000.0,
        "Minority Interests": -7000.0,
        "Net Income Including Noncontrolling Interests": 4287000.0,
        "Net Income Continuous Operations": 4287000.0,
        "Tax Provision": -3108000.0,
        "Pretax Income": 1179000.0,
        "Other Income Expense": -3104000.0,
        "Other Non Operating Income Expenses": -3063000.0,
        "Special Income Charges": NaN,
        "Other Special Charges": NaN,
        "Gain On Sale Of Security": -41000.0,
        "Net Non Operating Interest Income Expense": 7476000.0,
        "Interest Expense Non Operating": 39000.0,
        "Interest Income Non Operating": 7515000.0,
        "Operating Income": -3193000.0,
        "Operating Expense": 1897000.0,
        "Other Operating Expenses": 1897000.0,
        "Selling General And Administration": NaN,
        "General And Administrative Expense": NaN,
        "Other Gand A": NaN,
        "Gross Profit": -1296000.0,
        "Cost Of Revenue": 6450000.0,
        "Total Revenue": 5154000.0,
        "Operating Revenue": 5049000.0
    },
    "2025-03-31": {
        "Tax Effect Of Unusual Items": 2864596.0,
        "Tax Rate For Calcs": 0.263,
        "Normalized EBITDA": -212000.0,
        "Total Unusual Items": 10892000.0,
        "Total Unusual Items Excluding Goodwill": 10892000.0,
        "Net Income From Continuing Operation Net Minority Interest": 7669000.0,
        "Reconciled Depreciation": 89000.0,
        "Reconciled Cost Of Revenue": 5551000.0,
        "EBITDA": 10680000.0,
        "EBIT": 10591000.0,
        "Net Interest Income": 4973000.0,
        "Interest Expense": 45000.0,
        "Interest Income": 5018000.0,
        "Normalized Income": -358404.0,
        "Net Income From Continuing And Discontinued Operation": 7669000.0,
        "Total Expenses": 7417000.0,
        "Total Operating Income As Reported": -5288000.0,
        "Diluted Average Shares": 21166000.0,
        "Basic Average Shares": 21166000.0,
        "Diluted EPS": 0.36,
        "Basic EPS": 0.36,
        "Diluted NI Availto Com Stockholders": 7669000.0,
        "Net Income Common Stockholders": 7669000.0,
        "Net Income": 7669000.0,
        "Minority Interests": -100000.0,
        "Net Income Including Noncontrolling Interests": 7769000.0,
        "Net Income Continuous Operations": 7769000.0,
        "Tax Provision": 2777000.0,
        "Pretax Income": 10546000.0,
        "Other Income Expense": 10861000.0,
        "Other Non Operating Income Expenses": -31000.0,
        "Special Income Charges": NaN,
        "Other Special Charges": NaN,
        "Gain On Sale Of Security": 10892000.0,
        "Net Non Operating Interest Income Expense": 4973000.0,
        "Interest Expense Non Operating": 45000.0,
        "Interest Income Non Operating": 5018000.0,
        "Operating Income": -5288000.0,
        "Operating Expense": 1866000.0,
        "Other Operating Expenses": 1866000.0,
        "Selling General And Administration": NaN,
        "General And Administrative Expense": NaN,
        "Other Gand A": NaN,
        "Gross Profit": -3422000.0,
        "Cost Of Revenue": 5551000.0,
        "Total Revenue": 2129000.0,
        "Operating Revenue": 2004000.0
    },
    "2025-06-30": {
        "Tax Effect Of Unusual Items": 6764537.627064,
        "Tax Rate For Calcs": 0.249789,
        "Normalized EBITDA": -2068000.0,
        "Total Unusual Items": 27081000.0,
        "Total Unusual Items Excluding Goodwill": 27081000.0,
        "Net Income From Continuing Operation Net Minority Interest": 18584000.0,
        "Reconciled Depreciation": 90000.0,
        "Reconciled Cost Of Revenue": 8054000.0,
        "EBITDA": 25013000.0,
        "EBIT": 24923000.0,
        "Net Interest Income": 5785000.0,
        "Interest Expense": 34000.0,
        "Interest Income": 5819000.0,
        "Normalized Income": -1732462.372936,
        "Net Income From Continuing And Discontinued Operation": 18584000.0,
        "Total Expenses": 10184000.0,
        "Total Operating Income As Reported": -7977000.0,
        "Diluted Average Shares": 21135000.0,
        "Basic Average Shares": 21135000.0,
        "Diluted EPS": 0.88,
        "Basic EPS": 0.88,
        "Diluted NI Availto Com Stockholders": 18584000.0,
        "Net Income Common Stockholders": 18584000.0,
        "Net Income": 18584000.0,
        "Minority Interests": -88000.0,
        "Net Income Including Noncontrolling Interests": 18672000.0,
        "Net Income Continuous Operations": 18672000.0,
        "Tax Provision": 6217000.0,
        "Pretax Income": 24889000.0,
        "Other Income Expense": 27081000.0,
        "Other Non Operating Income Expenses": NaN,
        "Special Income Charges": NaN,
        "Other Special Charges": NaN,
        "Gain On Sale Of Security": 27081000.0,
        "Net Non Operating Interest Income Expense": 5785000.0,
        "Interest Expense Non Operating": 34000.0,
        "Interest Income Non Operating": 5819000.0,
        "Operating Income": -7977000.0,
        "Operating Expense": 2130000.0,
        "Other Operating Expenses": 2130000.0,
        "Selling General And Administration": NaN,
        "General And Administrative Expense": NaN,
        "Other Gand A": NaN,
        "Gross Profit": -5847000.0,
        "Cost Of Revenue": 8054000.0,
        "Total Revenue": 2207000.0,
        "Operating Revenue": 2081000.0
    }
}