{
    "2024-09-30": {
        "Tax Effect Of Unusual Items": -97798.685292,
        "Tax Rate For Calcs": 0.285127,
        "Normalized EBITDA": 516000.0,
        "Total Unusual Items": -343000.0,
        "Total Unusual Items Excluding Goodwill": -343000.0,
        "Net Income From Continuing Operation Net Minority Interest": -870000.0,
        "Reconciled Depreciation": 777000.0,
        "Reconciled Cost Of Revenue": 1310000.0,
        "EBITDA": 173000.0,
        "EBIT": -604000.0,
        "Net Interest Income": -270000.0,
        "Interest Expense": 265000.0,
        "Normalized Income": -624798.685292,
        "Net Income From Continuing And Discontinued Operation": -466000.0,
        "Total Expenses": 6243000.0,
        "Total Operating Income As Reported": -604000.0,
        "Diluted Average Shares": 3835000.0,
        "Basic Average Shares": 3833000.0,
        "Diluted EPS": -0.12,
        "Basic EPS": -0.12,
        "Diluted NI Availto Com Stockholders": -466000.0,
        "Net Income Common Stockholders": -466000.0,
        "Net Income": -466000.0,
        "Net Income Including Noncontrolling Interests": -466000.0,
        "Net Income Discontinuous Operations": 404000.0,
        "Net Income Continuous Operations": -870000.0,
        "Tax Provision": -347000.0,
        "Pretax Income": -1217000.0,
        "Other Income Expense": -343000.0,
        "Other Non Operating Income Expenses": NaN,
        "Gain On Sale Of Security": -343000.0,
        "Net Non Operating Interest Income Expense": -270000.0,
        "Total Other Finance Cost": 270000.0,
        "Interest Expense Non Operating": 265000.0,
        "Operating Income": -604000.0,
        "Operating Expense": 4832000.0,
        "Depreciation Amortization Depletion Income Statement": 676000.0,
        "Depreciation And Amortization In Income Statement": 676000.0,
        "Research And Development": 671000.0,
        "Selling General And Administration": 3485000.0,
        "Selling And Marketing Expense": 1592000.0,
        "General And Administrative Expense": 1893000.0,
        "Other Gand A": 1893000.0,
        "Gross Profit": 4228000.0,
        "Cost Of Revenue": 1411000.0,
        "Total Revenue": 5639000.0,
        "Operating Revenue": 5639000.0
    },
    "2024-06-30": {
        "Tax Effect Of Unusual Items": NaN,
        "Tax Rate For Calcs": NaN,
        "Normalized EBITDA": NaN,
        "Total Unusual Items": 14000.0,
        "Total Unusual Items Excluding Goodwill": 14000.0,
        "Net Income From Continuing Operation Net Minority Interest": NaN,
        "Reconciled Depreciation": NaN,
        "Reconciled Cost Of Revenue": NaN,
        "EBITDA": NaN,
        "EBIT": NaN,
        "Net Interest Income": NaN,
        "Interest Expense": 294000.0,
        "Normalized Income": NaN,
        "Net Income From Continuing And Discontinued Operation": NaN,
        "Total Expenses": NaN,
        "Total Operating Income As Reported": NaN,
        "Diluted Average Shares": NaN,
        "Basic Average Shares": NaN,
        "Diluted EPS": NaN,
        "Basic EPS": NaN,
        "Diluted NI Availto Com Stockholders": NaN,
        "Net Income Common Stockholders": NaN,
        "Net Income": NaN,
        "Net Income Including Noncontrolling Interests": NaN,
        "Net Income Discontinuous Operations": 690000.0,
        "Net Income Continuous Operations": NaN,
        "Tax Provision": NaN,
        "Pretax Income": NaN,
        "Other Income Expense": NaN,
        "Other Non Operating Income Expenses": 14000.0,
        "Gain On Sale Of Security": 14000.0,
        "Net Non Operating Interest Income Expense": NaN,
        "Total Other Finance Cost": 303000.0,
        "Interest Expense Non Operating": 294000.0,
        "Operating Income": NaN,
        "Operating Expense": NaN,
        "Depreciation Amortization Depletion Income Statement": NaN,
        "Depreciation And Amortization In Income Statement": NaN,
        "Research And Development": NaN,
        "Selling General And Administration": NaN,
        "Selling And Marketing Expense": NaN,
        "General And Administrative Expense": NaN,
        "Other Gand A": NaN,
        "Gross Profit": NaN,
        "Cost Of Revenue": NaN,
        "Total Revenue": NaN,
        "Operating Revenue": NaN
    },
    "2024-03-31": {
        "Tax Effect Of Unusual Items": NaN,
        "Tax Rate For Calcs": NaN,
        "Normalized EBITDA": NaN,
        "Total Unusual Items": NaN,
        "Total Unusual Items Excluding Goodwill": NaN,
        "Net Income From Continuing Operation Net Minority Interest": NaN,
        "Reconciled Depreciation": NaN,
        "Reconciled Cost Of Revenue": NaN,
        "EBITDA": NaN,
        "EBIT": NaN,
        "Net Interest Income": NaN,
        "Interest Expense": 284000.0,
        "Normalized Income": NaN,
        "Net Income From Continuing And Discontinued Operation": NaN,
        "Total Expenses": NaN,
        "Total Operating Income As Reported": NaN,
        "Diluted Average Shares": NaN,
        "Basic Average Shares": NaN,
        "Diluted EPS": NaN,
        "Basic EPS": NaN,
        "Diluted NI Availto Com Stockholders": NaN,
        "Net Income Common Stockholders": NaN,
        "Net Income": NaN,
        "Net Income Including Noncontrolling Interests": NaN,
        "Net Income Discontinuous Operations": NaN,
        "Net Income Continuous Operations": NaN,
        "Tax Provision": NaN,
        "Pretax Income": NaN,
        "Other Income Expense": NaN,
        "Other Non Operating Income Expenses": 205000.0,
        "Gain On Sale Of Security": NaN,
        "Net Non Operating Interest Income Expense": NaN,
        "Total Other Finance Cost": 276000.0,
        "Interest Expense Non Operating": 284000.0,
        "Operating Income": NaN,
        "Operating Expense": NaN,
        "Depreciation Amortization Depletion Income Statement": NaN,
        "Depreciation And Amortization In Income Statement": NaN,
        "Research And Development": NaN,
        "Selling General And Administration": NaN,
        "Selling And Marketing Expense": NaN,
        "General And Administrative Expense": NaN,
        "Other Gand A": NaN,
        "Gross Profit": NaN,
        "Cost Of Revenue": NaN,
        "Total Revenue": NaN,
        "Operating Revenue": NaN
    },
    "2023-12-31": {
        "Tax Effect Of Unusual Items": 0.0,
        "Tax Rate For Calcs": 0.097015,
        "Normalized EBITDA": 243000.0,
        "Total Unusual Items": NaN,
        "Total Unusual Items Excluding Goodwill": NaN,
        "Net Income From Continuing Operation Net Minority Interest": -726000.0,
        "Reconciled Depreciation": 739000.0,
        "Reconciled Cost Of Revenue": 1952000.0,
        "EBITDA": 243000.0,
        "EBIT": -496000.0,
        "Net Interest Income": -299000.0,
        "Interest Expense": NaN,
        "Normalized Income": -726000.0,
        "Net Income From Continuing And Discontinued Operation": -726000.0,
        "Total Expenses": 7644000.0,
        "Total Operating Income As Reported": -105000.0,
        "Diluted Average Shares": NaN,
        "Basic Average Shares": NaN,
        "Diluted EPS": NaN,
        "Basic EPS": NaN,
        "Diluted NI Availto Com Stockholders": -726000.0,
        "Net Income Common Stockholders": -726000.0,
        "Net Income": -726000.0,
        "Net Income Including Noncontrolling Interests": -726000.0,
        "Net Income Continuous Operations": -726000.0,
        "Tax Provision": -78000.0,
        "Pretax Income": -804000.0,
        "Other Income Expense": -400000.0,
        "Other Non Operating Income Expenses": NaN,
        "Gain On Sale Of Security": NaN,
        "Net Non Operating Interest Income Expense": -299000.0,
        "Total Other Finance Cost": NaN,
        "Interest Expense Non Operating": NaN,
        "Operating Income": -105000.0,
        "Operating Expense": 5677000.0,
        "Depreciation Amortization Depletion Income Statement": 724000.0,
        "Depreciation And Amortization In Income Statement": 724000.0,
        "Research And Development": 664000.0,
        "Selling General And Administration": 4289000.0,
        "Selling And Marketing Expense": 1993000.0,
        "General And Administrative Expense": 2296000.0,
        "Other Gand A": 2296000.0,
        "Gross Profit": 5572000.0,
        "Cost Of Revenue": 1967000.0,
        "Total Revenue": 7539000.0,
        "Operating Revenue": 7539000.0
    },
    "2023-09-30": {
        "Tax Effect Of Unusual Items": NaN,
        "Tax Rate For Calcs": NaN,
        "Normalized EBITDA": NaN,
        "Total Unusual Items": 165000.0,
        "Total Unusual Items Excluding Goodwill": 165000.0,
        "Net Income From Continuing Operation Net Minority Interest": NaN,
        "Reconciled Depreciation": NaN,
        "Reconciled Cost Of Revenue": NaN,
        "EBITDA": NaN,
        "EBIT": NaN,
        "Net Interest Income": NaN,
        "Interest Expense": NaN,
        "Normalized Income": NaN,
        "Net Income From Continuing And Discontinued Operation": NaN,
        "Total Expenses": NaN,
        "Total Operating Income As Reported": NaN,
        "Diluted Average Shares": NaN,
        "Basic Average Shares": NaN,
        "Diluted EPS": NaN,
        "Basic EPS": NaN,
        "Diluted NI Availto Com Stockholders": NaN,
        "Net Income Common Stockholders": NaN,
        "Net Income": NaN,
        "Net Income Including Noncontrolling Interests": NaN,
        "Net Income Discontinuous Operations": NaN,
        "Net Income Continuous Operations": NaN,
        "Tax Provision": NaN,
        "Pretax Income": NaN,
        "Other Income Expense": NaN,
        "Other Non Operating Income Expenses": 165000.0,
        "Gain On Sale Of Security": 165000.0,
        "Net Non Operating Interest Income Expense": NaN,
        "Total Other Finance Cost": 298000.0,
        "Interest Expense Non Operating": NaN,
        "Operating Income": NaN,
        "Operating Expense": NaN,
        "Depreciation Amortization Depletion Income Statement": NaN,
        "Depreciation And Amortization In Income Statement": NaN,
        "Research And Development": NaN,
        "Selling General And Administration": NaN,
        "Selling And Marketing Expense": NaN,
        "General And Administrative Expense": NaN,
        "Other Gand A": NaN,
        "Gross Profit": NaN,
        "Cost Of Revenue": NaN,
        "Total Revenue": NaN,
        "Operating Revenue": NaN
    },
    "2023-06-30": {
        "Tax Effect Of Unusual Items": NaN,
        "Tax Rate For Calcs": NaN,
        "Normalized EBITDA": NaN,
        "Total Unusual Items": NaN,
        "Total Unusual Items Excluding Goodwill": NaN,
        "Net Income From Continuing Operation Net Minority Interest": NaN,
        "Reconciled Depreciation": NaN,
        "Reconciled Cost Of Revenue": NaN,
        "EBITDA": NaN,
        "EBIT": NaN,
        "Net Interest Income": NaN,
        "Interest Expense": 281000.0,
        "Normalized Income": NaN,
        "Net Income From Continuing And Discontinued Operation": NaN,
        "Total Expenses": NaN,
        "Total Operating Income As Reported": NaN,
        "Diluted Average Shares": NaN,
        "Basic Average Shares": NaN,
        "Diluted EPS": NaN,
        "Basic EPS": NaN,
        "Diluted NI Availto Com Stockholders": NaN,
        "Net Income Common Stockholders": NaN,
        "Net Income": NaN,
        "Net Income Including Noncontrolling Interests": NaN,
        "Net Income Continuous Operations": NaN,
        "Tax Provision": NaN,
        "Pretax Income": NaN,
        "Other Income Expense": NaN,
        "Other Non Operating Income Expenses": 379000.0,
        "Gain On Sale Of Security": NaN,
        "Net Non Operating Interest Income Expense": NaN,
        "Total Other Finance Cost": 281000.0,
        "Interest Expense Non Operating": 281000.0,
        "Operating Income": NaN,
        "Operating Expense": NaN,
        "Depreciation Amortization Depletion Income Statement": NaN,
        "Depreciation And Amortization In Income Statement": NaN,
        "Research And Development": NaN,
        "Selling General And Administration": NaN,
        "Selling And Marketing Expense": NaN,
        "General And Administrative Expense": NaN,
        "Other Gand A": NaN,
        "Gross Profit": NaN,
        "Cost Of Revenue": NaN,
        "Total Revenue": NaN,
        "Operating Revenue": NaN
    },
    "2024-12-31": {
        "Tax Effect Of Unusual Items": -3432373.097955,
        "Tax Rate For Calcs": 0.246136,
        "Normalized EBITDA": -1996000.0,
        "Total Unusual Items": -13945000.0,
        "Total Unusual Items Excluding Goodwill": -13945000.0,
        "Net Income From Continuing Operation Net Minority Interest": -12683000.0,
        "Reconciled Depreciation": 611000.0,
        "Reconciled Cost Of Revenue": 90000.0,
        "EBITDA": -15941000.0,
        "EBIT": -16552000.0,
        "Net Interest Income": -272000.0,
        "Interest Expense": 272000.0,
        "Normalized Income": -2170373.097955,
        "Net Income From Continuing And Discontinued Operation": -10195000.0,
        "Total Expenses": 4062000.0,
        "Total Operating Income As Reported": -16757000.0,
        "Diluted Average Shares": 3838000.0,
        "Basic Average Shares": 3837000.0,
        "Diluted EPS": -2.66,
        "Basic EPS": -2.66,
        "Diluted NI Availto Com Stockholders": -10195000.0,
        "Net Income Common Stockholders": -10195000.0,
        "Net Income": -10195000.0,
        "Net Income Including Noncontrolling Interests": -10195000.0,
        "Net Income Discontinuous Operations": NaN,
        "Net Income Continuous Operations": -12683000.0,
        "Tax Provision": -4141000.0,
        "Pretax Income": -16824000.0,
        "Other Income Expense": -13945000.0,
        "Other Non Operating Income Expenses": NaN,
        "Gain On Sale Of Security": 205000.0,
        "Net Non Operating Interest Income Expense": -272000.0,
        "Total Other Finance Cost": NaN,
        "Interest Expense Non Operating": 272000.0,
        "Operating Income": -2607000.0,
        "Operating Expense": 3911000.0,
        "Depreciation Amortization Depletion Income Statement": 550000.0,
        "Depreciation And Amortization In Income Statement": 550000.0,
        "Research And Development": 777000.0,
        "Selling General And Administration": 2584000.0,
        "Selling And Marketing Expense": 1396000.0,
        "General And Administrative Expense": 1188000.0,
        "Other Gand A": 1188000.0,
        "Gross Profit": 1304000.0,
        "Cost Of Revenue": 151000.0,
        "Total Revenue": 1455000.0,
        "Operating Revenue": 1455000.0
    },
    "2025-03-31": {
        "Tax Effect Of Unusual Items": 0.0,
        "Tax Rate For Calcs": 0.194737,
        "Normalized EBITDA": -4000.0,
        "Total Unusual Items": NaN,
        "Total Unusual Items Excluding Goodwill": NaN,
        "Net Income From Continuing Operation Net Minority Interest": -765000.0,
        "Reconciled Depreciation": 742000.0,
        "Reconciled Cost Of Revenue": 1131000.0,
        "EBITDA": -4000.0,
        "EBIT": -746000.0,
        "Net Interest Income": -204000.0,
        "Interest Expense": 204000.0,
        "Normalized Income": -765000.0,
        "Net Income From Continuing And Discontinued Operation": 5387000.0,
        "Total Expenses": 6153000.0,
        "Total Operating Income As Reported": -677000.0,
        "Diluted Average Shares": 3843000.0,
        "Basic Average Shares": 3842000.0,
        "Diluted EPS": 1.4,
        "Basic EPS": 1.4,
        "Diluted NI Availto Com Stockholders": 5387000.0,
        "Net Income Common Stockholders": 5387000.0,
        "Net Income": 5387000.0,
        "Net Income Including Noncontrolling Interests": 5387000.0,
        "Net Income Discontinuous Operations": 6152000.0,
        "Net Income Continuous Operations": -765000.0,
        "Tax Provision": -185000.0,
        "Pretax Income": -950000.0,
        "Other Income Expense": -69000.0,
        "Other Non Operating Income Expenses": -69000.0,
        "Gain On Sale Of Security": NaN,
        "Net Non Operating Interest Income Expense": -204000.0,
        "Total Other Finance Cost": NaN,
        "Interest Expense Non Operating": 204000.0,
        "Operating Income": -677000.0,
        "Operating Expense": 4950000.0,
        "Depreciation Amortization Depletion Income Statement": 670000.0,
        "Depreciation And Amortization In Income Statement": 670000.0,
        "Research And Development": 733000.0,
        "Selling General And Administration": 3547000.0,
        "Selling And Marketing Expense": 1594000.0,
        "General And Administrative Expense": 1953000.0,
        "Other Gand A": 1953000.0,
        "Gross Profit": 4273000.0,
        "Cost Of Revenue": 1203000.0,
        "Total Revenue": 5476000.0,
        "Operating Revenue": 5476000.0
    },
    "2025-06-30": {
        "Tax Effect Of Unusual Items": -362.903226,
        "Tax Rate For Calcs": 0.03629,
        "Normalized EBITDA": 528000.0,
        "Total Unusual Items": -10000.0,
        "Total Unusual Items Excluding Goodwill": -10000.0,
        "Net Income From Continuing Operation Net Minority Interest": -239000.0,
        "Reconciled Depreciation": 767000.0,
        "Reconciled Cost Of Revenue": 1234000.0,
        "EBITDA": 518000.0,
        "EBIT": -249000.0,
        "Net Interest Income": 11000.0,
        "Interest Expense": NaN,
        "Normalized Income": -229362.903226,
        "Net Income From Continuing And Discontinued Operation": -475000.0,
        "Total Expenses": 5870000.0,
        "Total Operating Income As Reported": -249000.0,
        "Diluted Average Shares": 3857000.0,
        "Basic Average Shares": 3856000.0,
        "Diluted EPS": -0.12,
        "Basic EPS": -0.12,
        "Diluted NI Availto Com Stockholders": -475000.0,
        "Net Income Common Stockholders": -475000.0,
        "Net Income": -475000.0,
        "Net Income Including Noncontrolling Interests": -475000.0,
        "Net Income Discontinuous Operations": -236000.0,
        "Net Income Continuous Operations": -239000.0,
        "Tax Provision": -9000.0,
        "Pretax Income": -248000.0,
        "Other Income Expense": -10000.0,
        "Other Non Operating Income Expenses": NaN,
        "Gain On Sale Of Security": -10000.0,
        "Net Non Operating Interest Income Expense": 11000.0,
        "Total Other Finance Cost": -11000.0,
        "Interest Expense Non Operating": NaN,
        "Operating Income": -249000.0,
        "Operating Expense": 4534000.0,
        "Depreciation Amortization Depletion Income Statement": 665000.0,
        "Depreciation And Amortization In Income Statement": 665000.0,
        "Research And Development": 655000.0,
        "Selling General And Administration": 3214000.0,
        "Selling And Marketing Expense": 1462000.0,
        "General And Administrative Expense": 1752000.0,
        "Other Gand A": 1752000.0,
        "Gross Profit": 4285000.0,
        "Cost Of Revenue": 1336000.0,
        "Total Revenue": 5621000.0,
        "Operating Revenue": 5621000.0
    },
    "2025-09-30": {
        "Tax Effect Of Unusual Items": -210.0,
        "Tax Rate For Calcs": 0.21,
        "Normalized EBITDA": 539000.0,
        "Total Unusual Items": -1000.0,
        "Total Unusual Items Excluding Goodwill": -1000.0,
        "Net Income From Continuing Operation Net Minority Interest": -45000.0,
        "Reconciled Depreciation": 722000.0,
        "Reconciled Cost Of Revenue": 1391000.0,
        "EBITDA": 538000.0,
        "EBIT": -184000.0,
        "Net Interest Income": 207000.0,
        "Interest Expense": NaN,
        "Normalized Income": -44210.0,
        "Net Income From Continuing And Discontinued Operation": -45000.0,
        "Total Expenses": 5907000.0,
        "Total Operating Income As Reported": -184000.0,
        "Diluted Average Shares": 3870000.0,
        "Basic Average Shares": 3869000.0,
        "Diluted EPS": -0.01,
        "Basic EPS": -0.01,
        "Diluted NI Availto Com Stockholders": -45000.0,
        "Net Income Common Stockholders": -45000.0,
        "Net Income": -45000.0,
        "Net Income Including Noncontrolling Interests": -45000.0,
        "Net Income Discontinuous Operations": 0.0,
        "Net Income Continuous Operations": -45000.0,
        "Tax Provision": 67000.0,
        "Pretax Income": 22000.0,
        "Other Income Expense": -1000.0,
        "Other Non Operating Income Expenses": NaN,
        "Gain On Sale Of Security": -1000.0,
        "Net Non Operating Interest Income Expense": 207000.0,
        "Total Other Finance Cost": -207000.0,
        "Interest Expense Non Operating": NaN,
        "Operating Income": -184000.0,
        "Operating Expense": 4452000.0,
        "Depreciation Amortization Depletion Income Statement": 658000.0,
        "Depreciation And Amortization In Income Statement": 658000.0,
        "Research And Development": 684000.0,
        "Selling General And Administration": 3110000.0,
        "Selling And Marketing Expense": 1626000.0,
        "General And Administrative Expense": 1484000.0,
        "Other Gand A": 1484000.0,
        "Gross Profit": 4268000.0,
        "Cost Of Revenue": 1455000.0,
        "Total Revenue": 5723000.0,
        "Operating Revenue": 5723000.0
    }
}