{
    "2023-03-31": {
        "Tax Effect Of Unusual Items": NaN,
        "Tax Rate For Calcs": NaN,
        "Normalized EBITDA": NaN,
        "Total Unusual Items": NaN,
        "Total Unusual Items Excluding Goodwill": NaN,
        "Net Income From Continuing Operation Net Minority Interest": NaN,
        "Reconciled Depreciation": NaN,
        "EBITDA": NaN,
        "EBIT": NaN,
        "Net Interest Income": NaN,
        "Interest Expense": NaN,
        "Interest Income": NaN,
        "Normalized Income": NaN,
        "Net Income From Continuing And Discontinued Operation": NaN,
        "Total Expenses": NaN,
        "Total Operating Income As Reported": NaN,
        "Diluted Average Shares": 42955688.0,
        "Basic Average Shares": 42955688.0,
        "Diluted EPS": -0.72,
        "Basic EPS": -0.72,
        "Diluted NI Availto Com Stockholders": NaN,
        "Net Income Common Stockholders": NaN,
        "Net Income": NaN,
        "Net Income Including Noncontrolling Interests": NaN,
        "Net Income Continuous Operations": NaN,
        "Tax Provision": NaN,
        "Pretax Income": NaN,
        "Other Income Expense": NaN,
        "Other Non Operating Income Expenses": NaN,
        "Special Income Charges": NaN,
        "Impairment Of Capital Assets": NaN,
        "Net Non Operating Interest Income Expense": NaN,
        "Interest Expense Non Operating": NaN,
        "Interest Income Non Operating": NaN,
        "Operating Income": NaN,
        "Operating Expense": NaN,
        "Research And Development": NaN,
        "Selling General And Administration": NaN,
        "General And Administrative Expense": NaN,
        "Other Gand A": NaN,
        "Salaries And Wages": NaN,
        "Total Revenue": NaN,
        "Operating Revenue": NaN
    },
    "2022-12-31": {
        "Tax Effect Of Unusual Items": NaN,
        "Tax Rate For Calcs": NaN,
        "Normalized EBITDA": NaN,
        "Total Unusual Items": NaN,
        "Total Unusual Items Excluding Goodwill": NaN,
        "Net Income From Continuing Operation Net Minority Interest": NaN,
        "Reconciled Depreciation": NaN,
        "EBITDA": NaN,
        "EBIT": NaN,
        "Net Interest Income": NaN,
        "Interest Expense": NaN,
        "Interest Income": NaN,
        "Normalized Income": NaN,
        "Net Income From Continuing And Discontinued Operation": NaN,
        "Total Expenses": NaN,
        "Total Operating Income As Reported": NaN,
        "Diluted Average Shares": 41651298.0,
        "Basic Average Shares": 41651298.0,
        "Diluted EPS": -0.72,
        "Basic EPS": -0.72,
        "Diluted NI Availto Com Stockholders": NaN,
        "Net Income Common Stockholders": NaN,
        "Net Income": NaN,
        "Net Income Including Noncontrolling Interests": NaN,
        "Net Income Continuous Operations": NaN,
        "Tax Provision": NaN,
        "Pretax Income": NaN,
        "Other Income Expense": NaN,
        "Other Non Operating Income Expenses": NaN,
        "Special Income Charges": NaN,
        "Impairment Of Capital Assets": NaN,
        "Net Non Operating Interest Income Expense": NaN,
        "Interest Expense Non Operating": NaN,
        "Interest Income Non Operating": NaN,
        "Operating Income": NaN,
        "Operating Expense": NaN,
        "Research And Development": NaN,
        "Selling General And Administration": NaN,
        "General And Administrative Expense": NaN,
        "Other Gand A": NaN,
        "Salaries And Wages": NaN,
        "Total Revenue": NaN,
        "Operating Revenue": NaN
    },
    "2022-09-30": {
        "Tax Effect Of Unusual Items": NaN,
        "Tax Rate For Calcs": NaN,
        "Normalized EBITDA": NaN,
        "Total Unusual Items": 0.0,
        "Total Unusual Items Excluding Goodwill": 0.0,
        "Net Income From Continuing Operation Net Minority Interest": NaN,
        "Reconciled Depreciation": NaN,
        "EBITDA": NaN,
        "EBIT": NaN,
        "Net Interest Income": NaN,
        "Interest Expense": NaN,
        "Interest Income": NaN,
        "Normalized Income": NaN,
        "Net Income From Continuing And Discontinued Operation": NaN,
        "Total Expenses": NaN,
        "Total Operating Income As Reported": NaN,
        "Diluted Average Shares": NaN,
        "Basic Average Shares": NaN,
        "Diluted EPS": NaN,
        "Basic EPS": NaN,
        "Diluted NI Availto Com Stockholders": NaN,
        "Net Income Common Stockholders": NaN,
        "Net Income": NaN,
        "Net Income Including Noncontrolling Interests": NaN,
        "Net Income Continuous Operations": NaN,
        "Tax Provision": NaN,
        "Pretax Income": NaN,
        "Other Income Expense": NaN,
        "Other Non Operating Income Expenses": NaN,
        "Special Income Charges": 0.0,
        "Impairment Of Capital Assets": 0.0,
        "Net Non Operating Interest Income Expense": NaN,
        "Interest Expense Non Operating": NaN,
        "Interest Income Non Operating": NaN,
        "Operating Income": NaN,
        "Operating Expense": NaN,
        "Research And Development": NaN,
        "Selling General And Administration": NaN,
        "General And Administrative Expense": NaN,
        "Other Gand A": NaN,
        "Salaries And Wages": NaN,
        "Total Revenue": NaN,
        "Operating Revenue": NaN
    },
    "2022-06-30": {
        "Tax Effect Of Unusual Items": 0.0,
        "Tax Rate For Calcs": 0.0,
        "Normalized EBITDA": -22115000.0,
        "Net Income From Continuing Operation Net Minority Interest": -22538000.0,
        "Reconciled Depreciation": 405000.0,
        "EBITDA": -22115000.0,
        "EBIT": -22520000.0,
        "Net Interest Income": 307000.0,
        "Interest Expense": 18000.0,
        "Interest Income": 325000.0,
        "Normalized Income": -22538000.0,
        "Net Income From Continuing And Discontinued Operation": -22538000.0,
        "Total Expenses": 22707000.0,
        "Total Operating Income As Reported": -22707000.0,
        "Diluted Average Shares": 40075060.0,
        "Basic Average Shares": 40075060.0,
        "Diluted EPS": -0.56,
        "Basic EPS": -0.56,
        "Diluted NI Availto Com Stockholders": -22538000.0,
        "Net Income Common Stockholders": -22538000.0,
        "Net Income": -22538000.0,
        "Net Income Including Noncontrolling Interests": -22538000.0,
        "Net Income Continuous Operations": -22538000.0,
        "Tax Provision": 0.0,
        "Pretax Income": -22538000.0,
        "Other Income Expense": -138000.0,
        "Other Non Operating Income Expenses": -138000.0,
        "Net Non Operating Interest Income Expense": 307000.0,
        "Interest Expense Non Operating": 18000.0,
        "Interest Income Non Operating": 325000.0,
        "Operating Income": -22707000.0,
        "Operating Expense": 22707000.0,
        "Research And Development": 16178000.0,
        "Selling General And Administration": 6529000.0,
        "General And Administrative Expense": 6529000.0,
        "Other Gand A": 6529000.0,
        "Salaries And Wages": NaN,
        "Total Revenue": 0.0,
        "Operating Revenue": 0.0
    },
    "2022-03-31": {
        "Diluted EPS": 0.1,
        "Total Revenue": 25,
        "Gross Profit": 25,
        "Operating Income": 5,
        "EBIT": 5,
        "Net Income": 5
    },
    "2021-12-31": {
        "Diluted EPS": -0.4,
        "Total Revenue": 5,
        "Gross Profit": 5,
        "Operating Income": -16,
        "EBIT": -15,
        "Net Income": -16
    },
    "2021-09-30": {
        "Diluted EPS": -0.44,
        "Total Revenue": 3,
        "Gross Profit": 3,
        "Operating Income": -14,
        "EBIT": -13,
        "Net Income": -14
    },
    "2021-06-30": {
        "Diluted EPS": -0.34,
        "Total Revenue": 5,
        "Gross Profit": 5,
        "Operating Income": -11,
        "EBIT": -10,
        "Net Income": -11
    },
    "2021-03-31": {
        "Diluted EPS": -0.82,
        "Total Revenue": -4,
        "Gross Profit": -4,
        "Operating Income": -21,
        "EBIT": -21,
        "Net Income": -21
    },
    "2020-12-31": {
        "Diluted EPS": 3.78,
        "Total Revenue": 5,
        "Gross Profit": 5,
        "Operating Income": -9,
        "EBIT": -9,
        "Net Income": -9
    },
    "2020-09-30": {
        "Diluted EPS": -2.84,
        "Total Revenue": 3,
        "Gross Profit": 3,
        "Operating Income": -14,
        "EBIT": -13,
        "Net Income": -15
    },
    "2020-06-30": {
        "Diluted EPS": -3.88,
        "Total Revenue": 7,
        "Gross Profit": 7,
        "Operating Income": -9,
        "EBIT": -8,
        "Net Income": -8
    },
    "2020-03-31": {
        "Diluted EPS": -2.07,
        "Total Revenue": 2,
        "Gross Profit": 2,
        "Operating Income": -8,
        "EBIT": -7,
        "Net Income": -4
    },
    "2019-12-31": {
        "Diluted EPS": -0.05,
        "Total Revenue": 8,
        "Gross Profit": 8,
        "Operating Income": 15,
        "EBIT": 15,
        "Net Income": 16
    },
    "2019-09-30": {
        "Diluted EPS": -6.87,
        "Total Revenue": -7,
        "Gross Profit": -7,
        "Operating Income": -15,
        "EBIT": -14,
        "Net Income": -15
    },
    "2019-06-30": {
        "Diluted EPS": -3.57,
        "Total Revenue": NaN,
        "Gross Profit": NaN,
        "Operating Income": -19,
        "EBIT": -20,
        "Net Income": -18
    },
    "2019-03-31": {
        "Diluted EPS": -2.66,
        "Total Revenue": NaN,
        "Gross Profit": NaN,
        "Operating Income": -12,
        "EBIT": -12,
        "Net Income": -11
    },
    "2018-12-31": {
        "Diluted EPS": 3.9,
        "Total Revenue": NaN,
        "Gross Profit": NaN,
        "Operating Income": 10,
        "EBIT": 11,
        "Net Income": 23
    },
    "2018-09-30": {
        "Diluted EPS": -2.1,
        "Total Revenue": NaN,
        "Gross Profit": NaN,
        "Operating Income": -9,
        "EBIT": -9,
        "Net Income": -8
    },
    "2018-06-30": {
        "Diluted EPS": -3.36,
        "Total Revenue": NaN,
        "Gross Profit": NaN,
        "Operating Income": -14,
        "EBIT": -14,
        "Net Income": -14
    },
    "2018-03-31": {
        "Diluted EPS": -3.22,
        "Total Revenue": NaN,
        "Gross Profit": NaN,
        "Operating Income": -10,
        "EBIT": -10,
        "Net Income": -10
    },
    "2017-12-31": {
        "Diluted EPS": -35.76,
        "Total Revenue": NaN,
        "Gross Profit": NaN,
        "Operating Income": -8,
        "EBIT": -8,
        "Net Income": -23
    },
    "2017-09-30": {
        "Diluted EPS": -5.25,
        "Total Revenue": NaN,
        "Gross Profit": NaN,
        "Operating Income": -4,
        "EBIT": -4,
        "Net Income": -3
    },
    "2017-06-30": {
        "Diluted EPS": -6.58,
        "Total Revenue": NaN,
        "Gross Profit": NaN,
        "Operating Income": -4,
        "EBIT": -4,
        "Net Income": -4
    },
    "2017-03-31": {
        "Diluted EPS": -8.4,
        "Total Revenue": NaN,
        "Gross Profit": NaN,
        "Operating Income": -3,
        "EBIT": -3,
        "Net Income": -3
    },
    "2016-12-31": {
        "Diluted EPS": 0.0,
        "Total Revenue": NaN,
        "Gross Profit": NaN,
        "Operating Income": NaN,
        "EBIT": NaN,
        "Net Income": NaN
    },
    "2023-06-30": {
        "Tax Effect Of Unusual Items": NaN,
        "Tax Rate For Calcs": NaN,
        "Normalized EBITDA": NaN,
        "Total Unusual Items": NaN,
        "Total Unusual Items Excluding Goodwill": NaN,
        "Net Income From Continuing Operation Net Minority Interest": NaN,
        "Reconciled Depreciation": NaN,
        "EBITDA": NaN,
        "EBIT": NaN,
        "Net Interest Income": NaN,
        "Interest Expense": NaN,
        "Interest Income": NaN,
        "Normalized Income": NaN,
        "Net Income From Continuing And Discontinued Operation": NaN,
        "Total Expenses": NaN,
        "Total Operating Income As Reported": NaN,
        "Diluted Average Shares": 42957035.0,
        "Basic Average Shares": 42957035.0,
        "Diluted EPS": -0.75,
        "Basic EPS": -0.75,
        "Diluted NI Availto Com Stockholders": NaN,
        "Net Income Common Stockholders": NaN,
        "Net Income": NaN,
        "Net Income Including Noncontrolling Interests": NaN,
        "Net Income Continuous Operations": NaN,
        "Tax Provision": NaN,
        "Pretax Income": NaN,
        "Other Income Expense": NaN,
        "Other Non Operating Income Expenses": NaN,
        "Special Income Charges": NaN,
        "Impairment Of Capital Assets": NaN,
        "Net Non Operating Interest Income Expense": NaN,
        "Interest Expense Non Operating": NaN,
        "Interest Income Non Operating": NaN,
        "Operating Income": NaN,
        "Operating Expense": NaN,
        "Research And Development": NaN,
        "Selling General And Administration": NaN,
        "General And Administrative Expense": NaN,
        "Other Gand A": NaN,
        "Salaries And Wages": 2642000.0,
        "Total Revenue": NaN,
        "Operating Revenue": NaN
    },
    "2023-09-30": {
        "Tax Effect Of Unusual Items": NaN,
        "Tax Rate For Calcs": NaN,
        "Normalized EBITDA": NaN,
        "Total Unusual Items": -19462000.0,
        "Total Unusual Items Excluding Goodwill": -19462000.0,
        "Net Income From Continuing Operation Net Minority Interest": NaN,
        "Reconciled Depreciation": NaN,
        "EBITDA": NaN,
        "EBIT": NaN,
        "Net Interest Income": NaN,
        "Interest Expense": NaN,
        "Interest Income": NaN,
        "Normalized Income": NaN,
        "Net Income From Continuing And Discontinued Operation": NaN,
        "Total Expenses": NaN,
        "Total Operating Income As Reported": NaN,
        "Diluted Average Shares": NaN,
        "Basic Average Shares": NaN,
        "Diluted EPS": NaN,
        "Basic EPS": NaN,
        "Diluted NI Availto Com Stockholders": NaN,
        "Net Income Common Stockholders": NaN,
        "Net Income": NaN,
        "Net Income Including Noncontrolling Interests": NaN,
        "Net Income Continuous Operations": NaN,
        "Tax Provision": NaN,
        "Pretax Income": NaN,
        "Other Income Expense": NaN,
        "Other Non Operating Income Expenses": NaN,
        "Special Income Charges": -19462000.0,
        "Impairment Of Capital Assets": 19462000.0,
        "Net Non Operating Interest Income Expense": NaN,
        "Interest Expense Non Operating": NaN,
        "Interest Income Non Operating": NaN,
        "Operating Income": NaN,
        "Operating Expense": NaN,
        "Research And Development": NaN,
        "Selling General And Administration": NaN,
        "General And Administrative Expense": NaN,
        "Other Gand A": NaN,
        "Total Revenue": NaN,
        "Operating Revenue": NaN
    },
    "2023-12-31": {
        "Tax Effect Of Unusual Items": NaN,
        "Tax Rate For Calcs": NaN,
        "Normalized EBITDA": NaN,
        "Total Unusual Items": 0.0,
        "Total Unusual Items Excluding Goodwill": 0.0,
        "Net Income From Continuing Operation Net Minority Interest": NaN,
        "Reconciled Depreciation": NaN,
        "EBITDA": NaN,
        "EBIT": NaN,
        "Net Interest Income": NaN,
        "Interest Expense": NaN,
        "Interest Income": NaN,
        "Normalized Income": NaN,
        "Net Income From Continuing And Discontinued Operation": NaN,
        "Total Expenses": NaN,
        "Total Operating Income As Reported": NaN,
        "Diluted Average Shares": NaN,
        "Basic Average Shares": NaN,
        "Diluted EPS": NaN,
        "Basic EPS": NaN,
        "Diluted NI Availto Com Stockholders": NaN,
        "Net Income Common Stockholders": NaN,
        "Net Income": NaN,
        "Net Income Including Noncontrolling Interests": NaN,
        "Net Income Continuous Operations": NaN,
        "Tax Provision": NaN,
        "Pretax Income": NaN,
        "Other Income Expense": NaN,
        "Other Non Operating Income Expenses": NaN,
        "Special Income Charges": 0.0,
        "Impairment Of Capital Assets": 0.0,
        "Net Non Operating Interest Income Expense": NaN,
        "Interest Expense Non Operating": NaN,
        "Interest Income Non Operating": NaN,
        "Operating Income": NaN,
        "Operating Expense": NaN,
        "Research And Development": NaN,
        "Selling General And Administration": NaN,
        "General And Administrative Expense": NaN,
        "Other Gand A": NaN,
        "Total Revenue": NaN,
        "Operating Revenue": NaN
    },
    "2024-03-31": {
        "Tax Effect Of Unusual Items": 0.0,
        "Tax Rate For Calcs": 0.0,
        "Normalized EBITDA": -26363000.0,
        "Total Unusual Items": NaN,
        "Total Unusual Items Excluding Goodwill": NaN,
        "Net Income From Continuing Operation Net Minority Interest": -28016000.0,
        "Reconciled Depreciation": 1651000.0,
        "EBITDA": -26363000.0,
        "EBIT": -28014000.0,
        "Net Interest Income": 2916000.0,
        "Interest Expense": 2000.0,
        "Interest Income": 2918000.0,
        "Normalized Income": -28016000.0,
        "Net Income From Continuing And Discontinued Operation": -28016000.0,
        "Total Expenses": 30871000.0,
        "Total Operating Income As Reported": -30871000.0,
        "Diluted Average Shares": 79071652.0,
        "Basic Average Shares": 79071652.0,
        "Diluted EPS": -0.35,
        "Basic EPS": -0.35,
        "Diluted NI Availto Com Stockholders": -28016000.0,
        "Net Income Common Stockholders": -28016000.0,
        "Net Income": -28016000.0,
        "Net Income Including Noncontrolling Interests": -28016000.0,
        "Net Income Continuous Operations": -28016000.0,
        "Tax Provision": 0.0,
        "Pretax Income": -28016000.0,
        "Other Income Expense": -61000.0,
        "Other Non Operating Income Expenses": -61000.0,
        "Special Income Charges": NaN,
        "Impairment Of Capital Assets": NaN,
        "Net Non Operating Interest Income Expense": 2916000.0,
        "Interest Expense Non Operating": 2000.0,
        "Interest Income Non Operating": 2918000.0,
        "Operating Income": -30871000.0,
        "Operating Expense": 30871000.0,
        "Research And Development": 23897000.0,
        "Selling General And Administration": 6974000.0,
        "General And Administrative Expense": 6974000.0,
        "Other Gand A": 6974000.0,
        "Total Revenue": 0.0,
        "Operating Revenue": 0.0
    },
    "2024-06-30": {
        "Tax Effect Of Unusual Items": 0.0,
        "Tax Rate For Calcs": 0.0,
        "Normalized EBITDA": -28299000.0,
        "Total Unusual Items": NaN,
        "Total Unusual Items Excluding Goodwill": NaN,
        "Net Income From Continuing Operation Net Minority Interest": -29901000.0,
        "Reconciled Depreciation": 1602000.0,
        "EBITDA": -28299000.0,
        "EBIT": -29901000.0,
        "Net Interest Income": 2999000.0,
        "Interest Expense": 0.0,
        "Interest Income": 2999000.0,
        "Normalized Income": -29901000.0,
        "Net Income From Continuing And Discontinued Operation": -29901000.0,
        "Total Expenses": 32849000.0,
        "Total Operating Income As Reported": -32849000.0,
        "Diluted Average Shares": 90632045.0,
        "Basic Average Shares": 90632045.0,
        "Diluted EPS": -0.33,
        "Basic EPS": -0.33,
        "Diluted NI Availto Com Stockholders": -29901000.0,
        "Net Income Common Stockholders": -29901000.0,
        "Net Income": -29901000.0,
        "Net Income Including Noncontrolling Interests": -29901000.0,
        "Net Income Continuous Operations": -29901000.0,
        "Tax Provision": 0.0,
        "Pretax Income": -29901000.0,
        "Other Income Expense": -51000.0,
        "Other Non Operating Income Expenses": -51000.0,
        "Special Income Charges": NaN,
        "Impairment Of Capital Assets": NaN,
        "Net Non Operating Interest Income Expense": 2999000.0,
        "Interest Expense Non Operating": 0.0,
        "Interest Income Non Operating": 2999000.0,
        "Operating Income": -32849000.0,
        "Operating Expense": 32849000.0,
        "Research And Development": 25901000.0,
        "Selling General And Administration": 6948000.0,
        "General And Administrative Expense": 6948000.0,
        "Other Gand A": 6948000.0,
        "Total Revenue": 0.0,
        "Operating Revenue": 0.0
    },
    "2024-09-30": {
        "Tax Effect Of Unusual Items": 0.0,
        "Tax Rate For Calcs": 0.0,
        "Normalized EBITDA": -28885000.0,
        "Total Unusual Items": 0.0,
        "Total Unusual Items Excluding Goodwill": 0.0,
        "Net Income From Continuing Operation Net Minority Interest": -30478000.0,
        "Reconciled Depreciation": 1592000.0,
        "EBITDA": -28885000.0,
        "EBIT": -30477000.0,
        "Net Interest Income": 2729000.0,
        "Interest Expense": 1000.0,
        "Interest Income": 2730000.0,
        "Normalized Income": -30478000.0,
        "Net Income From Continuing And Discontinued Operation": -30478000.0,
        "Total Expenses": 33153000.0,
        "Total Operating Income As Reported": -33153000.0,
        "Diluted Average Shares": 90846293.0,
        "Basic Average Shares": 90846293.0,
        "Diluted EPS": -0.34,
        "Basic EPS": -0.34,
        "Diluted NI Availto Com Stockholders": -30478000.0,
        "Net Income Common Stockholders": -30478000.0,
        "Net Income": -30478000.0,
        "Net Income Including Noncontrolling Interests": -30478000.0,
        "Net Income Continuous Operations": -30478000.0,
        "Tax Provision": 0.0,
        "Pretax Income": -30478000.0,
        "Other Income Expense": -54000.0,
        "Other Non Operating Income Expenses": -54000.0,
        "Special Income Charges": 0.0,
        "Impairment Of Capital Assets": 0.0,
        "Net Non Operating Interest Income Expense": 2729000.0,
        "Interest Expense Non Operating": 1000.0,
        "Interest Income Non Operating": 2730000.0,
        "Operating Income": -33153000.0,
        "Operating Expense": 33153000.0,
        "Research And Development": 26253000.0,
        "Selling General And Administration": 6900000.0,
        "General And Administrative Expense": 6900000.0,
        "Other Gand A": 6900000.0,
        "Total Revenue": 0.0,
        "Operating Revenue": 0.0
    },
    "2024-12-31": {
        "Tax Effect Of Unusual Items": 0.0,
        "Tax Rate For Calcs": 0.0,
        "Normalized EBITDA": -27103000.0,
        "Total Unusual Items": 0.0,
        "Total Unusual Items Excluding Goodwill": 0.0,
        "Net Income From Continuing Operation Net Minority Interest": -28727000.0,
        "Reconciled Depreciation": 1623000.0,
        "EBITDA": -27103000.0,
        "EBIT": -28726000.0,
        "Net Interest Income": 2066000.0,
        "Interest Expense": 1000.0,
        "Interest Income": 2067000.0,
        "Normalized Income": -28727000.0,
        "Net Income From Continuing And Discontinued Operation": -28727000.0,
        "Total Expenses": 30743000.0,
        "Total Operating Income As Reported": -30743000.0,
        "Diluted Average Shares": 90846293.0,
        "Basic Average Shares": 90846293.0,
        "Diluted EPS": -0.32,
        "Basic EPS": -0.32,
        "Diluted NI Availto Com Stockholders": -28727000.0,
        "Net Income Common Stockholders": -28727000.0,
        "Net Income": -28727000.0,
        "Net Income Including Noncontrolling Interests": -28727000.0,
        "Net Income Continuous Operations": -28727000.0,
        "Tax Provision": 0.0,
        "Pretax Income": -28727000.0,
        "Other Income Expense": -50000.0,
        "Other Non Operating Income Expenses": -50000.0,
        "Special Income Charges": 0.0,
        "Impairment Of Capital Assets": 0.0,
        "Net Non Operating Interest Income Expense": 2066000.0,
        "Interest Expense Non Operating": 1000.0,
        "Interest Income Non Operating": 2067000.0,
        "Operating Income": -30743000.0,
        "Operating Expense": 30743000.0,
        "Research And Development": 23273000.0,
        "Selling General And Administration": 7470000.0,
        "General And Administrative Expense": 7470000.0,
        "Other Gand A": 7470000.0,
        "Total Revenue": 0.0,
        "Operating Revenue": 0.0
    },
    "2025-03-31": {
        "Tax Effect Of Unusual Items": 0.0,
        "Tax Rate For Calcs": 0.0,
        "Normalized EBITDA": -26534000.0,
        "Total Unusual Items": NaN,
        "Total Unusual Items Excluding Goodwill": NaN,
        "Net Income From Continuing Operation Net Minority Interest": -28214000.0,
        "Reconciled Depreciation": 1680000.0,
        "EBITDA": -26534000.0,
        "EBIT": -28214000.0,
        "Net Interest Income": 1683000.0,
        "Interest Expense": 0.0,
        "Interest Income": 1683000.0,
        "Normalized Income": -28214000.0,
        "Net Income From Continuing And Discontinued Operation": -28214000.0,
        "Total Expenses": 29885000.0,
        "Total Operating Income As Reported": -29885000.0,
        "Diluted Average Shares": 91071436.0,
        "Basic Average Shares": 91071436.0,
        "Diluted EPS": -0.31,
        "Basic EPS": -0.31,
        "Diluted NI Availto Com Stockholders": -28214000.0,
        "Net Income Common Stockholders": -28214000.0,
        "Net Income": -28214000.0,
        "Net Income Including Noncontrolling Interests": -28214000.0,
        "Net Income Continuous Operations": -28214000.0,
        "Tax Provision": 0.0,
        "Pretax Income": -28214000.0,
        "Other Income Expense": -12000.0,
        "Other Non Operating Income Expenses": -12000.0,
        "Special Income Charges": NaN,
        "Impairment Of Capital Assets": NaN,
        "Net Non Operating Interest Income Expense": 1683000.0,
        "Interest Expense Non Operating": 0.0,
        "Interest Income Non Operating": 1683000.0,
        "Operating Income": -29885000.0,
        "Operating Expense": 29885000.0,
        "Research And Development": 22814000.0,
        "Selling General And Administration": 7071000.0,
        "General And Administrative Expense": 7071000.0,
        "Other Gand A": 7071000.0,
        "Total Revenue": 0.0,
        "Operating Revenue": 0.0
    },
    "2025-06-30": {
        "Tax Effect Of Unusual Items": 0.0,
        "Tax Rate For Calcs": 0.0,
        "Normalized EBITDA": -29562000.0,
        "Total Unusual Items": NaN,
        "Total Unusual Items Excluding Goodwill": NaN,
        "Net Income From Continuing Operation Net Minority Interest": -31217000.0,
        "Reconciled Depreciation": 1655000.0,
        "EBITDA": -29562000.0,
        "EBIT": -31217000.0,
        "Net Interest Income": 1398000.0,
        "Interest Expense": 0.0,
        "Interest Income": 1398000.0,
        "Normalized Income": -31217000.0,
        "Net Income From Continuing And Discontinued Operation": -31217000.0,
        "Total Expenses": 32392000.0,
        "Total Operating Income As Reported": -32392000.0,
        "Diluted Average Shares": 91085506.0,
        "Basic Average Shares": 91085506.0,
        "Diluted EPS": -0.34,
        "Basic EPS": -0.34,
        "Diluted NI Availto Com Stockholders": -31217000.0,
        "Net Income Common Stockholders": -31217000.0,
        "Net Income": -31217000.0,
        "Net Income Including Noncontrolling Interests": -31217000.0,
        "Net Income Continuous Operations": -31217000.0,
        "Tax Provision": 0.0,
        "Pretax Income": -31217000.0,
        "Other Income Expense": -223000.0,
        "Other Non Operating Income Expenses": -223000.0,
        "Special Income Charges": NaN,
        "Impairment Of Capital Assets": NaN,
        "Net Non Operating Interest Income Expense": 1398000.0,
        "Interest Expense Non Operating": 0.0,
        "Interest Income Non Operating": 1398000.0,
        "Operating Income": -32392000.0,
        "Operating Expense": 32392000.0,
        "Research And Development": 28424000.0,
        "Selling General And Administration": 3968000.0,
        "General And Administrative Expense": 3968000.0,
        "Other Gand A": 3968000.0,
        "Total Revenue": 0.0,
        "Operating Revenue": 0.0
    },
    "2025-09-30": {
        "Tax Effect Of Unusual Items": 0.0,
        "Tax Rate For Calcs": 0.0,
        "Normalized EBITDA": -25271000.0,
        "Total Unusual Items": NaN,
        "Total Unusual Items Excluding Goodwill": NaN,
        "Net Income From Continuing Operation Net Minority Interest": -26856000.0,
        "Reconciled Depreciation": 1573000.0,
        "EBITDA": -25271000.0,
        "EBIT": -26844000.0,
        "Net Interest Income": 1160000.0,
        "Interest Expense": 12000.0,
        "Interest Income": 1172000.0,
        "Normalized Income": -26856000.0,
        "Net Income From Continuing And Discontinued Operation": -26856000.0,
        "Total Expenses": 27952000.0,
        "Total Operating Income As Reported": -27952000.0,
        "Diluted Average Shares": 91086464.0,
        "Basic Average Shares": 91086464.0,
        "Diluted EPS": -0.29,
        "Basic EPS": -0.29,
        "Diluted NI Availto Com Stockholders": -26856000.0,
        "Net Income Common Stockholders": -26856000.0,
        "Net Income": -26856000.0,
        "Net Income Including Noncontrolling Interests": -26856000.0,
        "Net Income Continuous Operations": -26856000.0,
        "Tax Provision": 0.0,
        "Pretax Income": -26856000.0,
        "Other Income Expense": -64000.0,
        "Other Non Operating Income Expenses": -64000.0,
        "Special Income Charges": NaN,
        "Impairment Of Capital Assets": NaN,
        "Net Non Operating Interest Income Expense": 1160000.0,
        "Interest Expense Non Operating": 12000.0,
        "Interest Income Non Operating": 1172000.0,
        "Operating Income": -27952000.0,
        "Operating Expense": 27952000.0,
        "Research And Development": 22853000.0,
        "Selling General And Administration": 5099000.0,
        "General And Administrative Expense": 5099000.0,
        "Other Gand A": 5099000.0,
        "Total Revenue": 0.0,
        "Operating Revenue": 0.0
    }
}