{
    "2023-03-31": {
        "Tax Effect Of Unusual Items": -172776.693767,
        "Tax Rate For Calcs": 0.012331,
        "Normalized EBITDA": 6572000.0,
        "Total Unusual Items": -14012000.0,
        "Total Unusual Items Excluding Goodwill": -14012000.0,
        "Net Income From Continuing Operation Net Minority Interest": -21867000.0,
        "Reconciled Depreciation": 3000.0,
        "EBITDA": -7440000.0,
        "EBIT": -7443000.0,
        "Net Interest Income": -185000.0,
        "Interest Expense": NaN,
        "Interest Income": NaN,
        "Normalized Income": -8027776.693767,
        "Net Income From Continuing And Discontinued Operation": -21867000.0,
        "Total Expenses": 7443000.0,
        "Total Operating Income As Reported": -20608000.0,
        "Diluted Average Shares": 7448799.0,
        "Basic Average Shares": 7448799.0,
        "Diluted EPS": -2.94,
        "Basic EPS": -2.94,
        "Diluted NI Availto Com Stockholders": -21867000.0,
        "Average Dilution Earnings": NaN,
        "Net Income Common Stockholders": -21867000.0,
        "Net Income": -21867000.0,
        "Net Income Including Noncontrolling Interests": -21867000.0,
        "Net Income Continuous Operations": -21867000.0,
        "Tax Provision": -273000.0,
        "Pretax Income": -22140000.0,
        "Other Income Expense": -14512000.0,
        "Other Non Operating Income Expenses": -500000.0,
        "Special Income Charges": -13165000.0,
        "Impairment Of Capital Assets": 11071000.0,
        "Restructuring And Mergern Acquisition": 2094000.0,
        "Gain On Sale Of Security": -847000.0,
        "Net Non Operating Interest Income Expense": -185000.0,
        "Total Other Finance Cost": 185000.0,
        "Interest Expense Non Operating": NaN,
        "Interest Income Non Operating": NaN,
        "Operating Income": -7443000.0,
        "Operating Expense": 7443000.0,
        "Other Operating Expenses": -2470000.0,
        "Research And Development": 4993000.0,
        "Selling General And Administration": 4920000.0,
        "General And Administrative Expense": 4920000.0,
        "Other Gand A": 4920000.0,
        "Total Revenue": 0.0,
        "Operating Revenue": 0.0
    },
    "2022-12-31": {
        "Tax Effect Of Unusual Items": -60569.877883,
        "Tax Rate For Calcs": 0.025237,
        "Normalized EBITDA": 1488000.0,
        "Total Unusual Items": -2400000.0,
        "Total Unusual Items Excluding Goodwill": -2400000.0,
        "Net Income From Continuing Operation Net Minority Interest": -10776000.0,
        "Reconciled Depreciation": 4000.0,
        "EBITDA": -912000.0,
        "EBIT": -916000.0,
        "Net Interest Income": 48000.0,
        "Interest Expense": NaN,
        "Interest Income": NaN,
        "Normalized Income": -8436569.877883,
        "Net Income From Continuing And Discontinued Operation": -10776000.0,
        "Total Expenses": 11116000.0,
        "Total Operating Income As Reported": -8944000.0,
        "Diluted Average Shares": 3665685.0,
        "Basic Average Shares": 3665685.0,
        "Diluted EPS": -3.097128,
        "Basic EPS": -3.097128,
        "Diluted NI Availto Com Stockholders": -10776000.0,
        "Average Dilution Earnings": 0.0,
        "Net Income Common Stockholders": -10776000.0,
        "Net Income": -10776000.0,
        "Net Income Including Noncontrolling Interests": -10776000.0,
        "Net Income Continuous Operations": -10776000.0,
        "Tax Provision": -279000.0,
        "Pretax Income": -11055000.0,
        "Other Income Expense": -4800000.0,
        "Other Non Operating Income Expenses": NaN,
        "Special Income Charges": -2641000.0,
        "Impairment Of Capital Assets": NaN,
        "Restructuring And Mergern Acquisition": 2641000.0,
        "Gain On Sale Of Security": 241000.0,
        "Net Non Operating Interest Income Expense": 48000.0,
        "Total Other Finance Cost": NaN,
        "Interest Expense Non Operating": NaN,
        "Interest Income Non Operating": NaN,
        "Operating Income": -6303000.0,
        "Operating Expense": 11116000.0,
        "Other Operating Expenses": NaN,
        "Research And Development": 6228000.0,
        "Selling General And Administration": 4888000.0,
        "General And Administrative Expense": 4888000.0,
        "Other Gand A": 4888000.0,
        "Total Revenue": 4813000.0,
        "Operating Revenue": 4813000.0
    },
    "2022-09-30": {
        "Tax Effect Of Unusual Items": -2224000.0,
        "Tax Rate For Calcs": 0.4,
        "Normalized EBITDA": -3575000.0,
        "Total Unusual Items": -5560000.0,
        "Total Unusual Items Excluding Goodwill": -5560000.0,
        "Net Income From Continuing Operation Net Minority Interest": -3099000.0,
        "Reconciled Depreciation": 3000.0,
        "EBITDA": -9135000.0,
        "EBIT": -9138000.0,
        "Net Interest Income": 111000.0,
        "Interest Expense": 0.0,
        "Interest Income": 111000.0,
        "Normalized Income": 237000.0,
        "Net Income From Continuing And Discontinued Operation": -3099000.0,
        "Total Expenses": 3738000.0,
        "Total Operating Income As Reported": -9327000.0,
        "Diluted Average Shares": 3134470.0,
        "Basic Average Shares": 3134470.0,
        "Diluted EPS": -1.02,
        "Basic EPS": -1.02,
        "Diluted NI Availto Com Stockholders": -3099000.0,
        "Average Dilution Earnings": 0.0,
        "Net Income Common Stockholders": -3099000.0,
        "Net Income": -3099000.0,
        "Net Income Including Noncontrolling Interests": -3099000.0,
        "Net Income Continuous Operations": -3099000.0,
        "Tax Provision": -6039000.0,
        "Pretax Income": -9138000.0,
        "Other Income Expense": -5560000.0,
        "Other Non Operating Income Expenses": NaN,
        "Special Income Charges": -5638000.0,
        "Impairment Of Capital Assets": NaN,
        "Restructuring And Mergern Acquisition": 5638000.0,
        "Gain On Sale Of Security": 78000.0,
        "Net Non Operating Interest Income Expense": 111000.0,
        "Total Other Finance Cost": NaN,
        "Interest Expense Non Operating": 0.0,
        "Interest Income Non Operating": 111000.0,
        "Operating Income": -3689000.0,
        "Operating Expense": 3738000.0,
        "Other Operating Expenses": NaN,
        "Research And Development": 1470000.0,
        "Selling General And Administration": 2268000.0,
        "General And Administrative Expense": 2268000.0,
        "Other Gand A": 2268000.0,
        "Total Revenue": 49000.0,
        "Operating Revenue": 49000.0
    },
    "2022-06-30": {
        "Tax Effect Of Unusual Items": 0.0,
        "Tax Rate For Calcs": 0.0,
        "Normalized EBITDA": -5319000.0,
        "Total Unusual Items": 16000.0,
        "Total Unusual Items Excluding Goodwill": 16000.0,
        "Net Income From Continuing Operation Net Minority Interest": -5307000.0,
        "Reconciled Depreciation": 4000.0,
        "EBITDA": -5303000.0,
        "EBIT": -5307000.0,
        "Net Interest Income": 42000.0,
        "Interest Expense": 0.0,
        "Interest Income": 42000.0,
        "Normalized Income": -5323000.0,
        "Net Income From Continuing And Discontinued Operation": -5307000.0,
        "Total Expenses": 5365000.0,
        "Total Operating Income As Reported": -5365000.0,
        "Diluted Average Shares": 3115999.0,
        "Basic Average Shares": 3115999.0,
        "Diluted EPS": -1.7,
        "Basic EPS": -1.7,
        "Diluted NI Availto Com Stockholders": -5307000.0,
        "Average Dilution Earnings": 0.0,
        "Net Income Common Stockholders": -5307000.0,
        "Net Income": -5307000.0,
        "Net Income Including Noncontrolling Interests": -5307000.0,
        "Net Income Continuous Operations": -5307000.0,
        "Tax Provision": NaN,
        "Pretax Income": -5307000.0,
        "Other Income Expense": 16000.0,
        "Other Non Operating Income Expenses": NaN,
        "Special Income Charges": 0.0,
        "Impairment Of Capital Assets": NaN,
        "Restructuring And Mergern Acquisition": 0.0,
        "Gain On Sale Of Security": 16000.0,
        "Net Non Operating Interest Income Expense": 42000.0,
        "Total Other Finance Cost": NaN,
        "Interest Expense Non Operating": 0.0,
        "Interest Income Non Operating": 42000.0,
        "Operating Income": -5365000.0,
        "Operating Expense": 5365000.0,
        "Other Operating Expenses": NaN,
        "Research And Development": 2706000.0,
        "Selling General And Administration": 2659000.0,
        "General And Administrative Expense": 2659000.0,
        "Other Gand A": 2659000.0,
        "Total Revenue": 0.0,
        "Operating Revenue": 0.0
    },
    "2022-03-31": {
        "Diluted EPS": -1.34,
        "Total Revenue": NaN,
        "Gross Profit": NaN,
        "Operating Income": -4,
        "EBIT": -4,
        "Net Income": -4
    },
    "2021-12-31": {
        "Diluted EPS": -2.98,
        "Total Revenue": NaN,
        "Gross Profit": NaN,
        "Operating Income": -4,
        "EBIT": -4,
        "Net Income": 1
    },
    "2021-09-30": {
        "Diluted EPS": -1.87,
        "Total Revenue": NaN,
        "Gross Profit": NaN,
        "Operating Income": -6,
        "EBIT": -6,
        "Net Income": -6
    },
    "2021-06-30": {
        "Diluted EPS": -2.55,
        "Total Revenue": NaN,
        "Gross Profit": NaN,
        "Operating Income": -8,
        "EBIT": -8,
        "Net Income": -8
    },
    "2021-03-31": {
        "Diluted EPS": -2.38,
        "Total Revenue": NaN,
        "Gross Profit": NaN,
        "Operating Income": -10,
        "EBIT": -10,
        "Net Income": 110
    },
    "2020-12-31": {
        "Diluted EPS": -38.1,
        "Total Revenue": NaN,
        "Gross Profit": NaN,
        "Operating Income": -8,
        "EBIT": -8,
        "Net Income": -76
    },
    "2020-09-30": {
        "Diluted EPS": -10.03,
        "Total Revenue": NaN,
        "Gross Profit": NaN,
        "Operating Income": -7,
        "EBIT": -7,
        "Net Income": -21
    },
    "2020-06-30": {
        "Diluted EPS": -12.25,
        "Total Revenue": NaN,
        "Gross Profit": NaN,
        "Operating Income": -8,
        "EBIT": -8,
        "Net Income": -24
    },
    "2020-03-31": {
        "Diluted EPS": 3.74,
        "Total Revenue": NaN,
        "Gross Profit": NaN,
        "Operating Income": -13,
        "EBIT": -13,
        "Net Income": 8
    },
    "2019-12-31": {
        "Diluted EPS": -30.27,
        "Total Revenue": NaN,
        "Gross Profit": NaN,
        "Operating Income": -12,
        "EBIT": -12,
        "Net Income": -51
    },
    "2019-09-30": {
        "Diluted EPS": -6.63,
        "Total Revenue": NaN,
        "Gross Profit": NaN,
        "Operating Income": -11,
        "EBIT": -11,
        "Net Income": -11
    },
    "2019-06-30": {
        "Diluted EPS": -6.63,
        "Total Revenue": 1,
        "Gross Profit": 1,
        "Operating Income": -12,
        "EBIT": -11,
        "Net Income": -11
    },
    "2019-03-31": {
        "Diluted EPS": -6.8,
        "Total Revenue": NaN,
        "Gross Profit": NaN,
        "Operating Income": -11,
        "EBIT": -11,
        "Net Income": -11
    },
    "2018-12-31": {
        "Diluted EPS": -7.14,
        "Total Revenue": 0,
        "Gross Profit": 0,
        "Operating Income": -12,
        "EBIT": -12,
        "Net Income": -12
    },
    "2018-09-30": {
        "Diluted EPS": -7.31,
        "Total Revenue": 0,
        "Gross Profit": 0,
        "Operating Income": -12,
        "EBIT": -12,
        "Net Income": -12
    },
    "2018-06-30": {
        "Diluted EPS": -10.03,
        "Total Revenue": 0,
        "Gross Profit": 0,
        "Operating Income": -16,
        "EBIT": -16,
        "Net Income": -16
    },
    "2018-03-31": {
        "Diluted EPS": -13.78,
        "Total Revenue": 0,
        "Gross Profit": 0,
        "Operating Income": -20,
        "EBIT": -20,
        "Net Income": -20
    },
    "2017-12-31": {
        "Diluted EPS": -10.54,
        "Total Revenue": 0,
        "Gross Profit": 0,
        "Operating Income": -15,
        "EBIT": -15,
        "Net Income": -15
    },
    "2017-09-30": {
        "Diluted EPS": -13.27,
        "Total Revenue": 0,
        "Gross Profit": 0,
        "Operating Income": -15,
        "EBIT": -14,
        "Net Income": -15
    },
    "2017-06-30": {
        "Diluted EPS": -19.56,
        "Total Revenue": 0,
        "Gross Profit": 0,
        "Operating Income": -22,
        "EBIT": -21,
        "Net Income": -21
    },
    "2017-03-31": {
        "Diluted EPS": -13.61,
        "Total Revenue": 0,
        "Gross Profit": 0,
        "Operating Income": -15,
        "EBIT": -15,
        "Net Income": -15
    },
    "2016-12-31": {
        "Diluted EPS": 2.55,
        "Total Revenue": 15,
        "Gross Profit": 15,
        "Operating Income": 1,
        "EBIT": 1,
        "Net Income": 1
    },
    "2016-09-30": {
        "Diluted EPS": -13.61,
        "Total Revenue": 0,
        "Gross Profit": 0,
        "Operating Income": -13,
        "EBIT": -13,
        "Net Income": -13
    },
    "2016-06-30": {
        "Diluted EPS": -14.97,
        "Total Revenue": 0,
        "Gross Profit": 0,
        "Operating Income": -14,
        "EBIT": -13,
        "Net Income": -13
    },
    "2016-03-31": {
        "Diluted EPS": -14.97,
        "Total Revenue": 0,
        "Gross Profit": 0,
        "Operating Income": -13,
        "EBIT": -13,
        "Net Income": -13
    },
    "2015-12-31": {
        "Diluted EPS": -12.25,
        "Total Revenue": 0,
        "Gross Profit": 0,
        "Operating Income": -12,
        "EBIT": -12,
        "Net Income": -12
    },
    "2015-09-30": {
        "Diluted EPS": -13.61,
        "Total Revenue": 0,
        "Gross Profit": 0,
        "Operating Income": -11,
        "EBIT": -11,
        "Net Income": -11
    },
    "2015-06-30": {
        "Diluted EPS": -14.97,
        "Total Revenue": 0,
        "Gross Profit": 0,
        "Operating Income": -13,
        "EBIT": -13,
        "Net Income": -13
    },
    "2015-03-31": {
        "Diluted EPS": -16.33,
        "Total Revenue": 0,
        "Gross Profit": 0,
        "Operating Income": -13,
        "EBIT": -12,
        "Net Income": -12
    },
    "2014-12-31": {
        "Diluted EPS": -19.05,
        "Total Revenue": 0,
        "Gross Profit": 0,
        "Operating Income": -12,
        "EBIT": -12,
        "Net Income": -12
    },
    "2014-09-30": {
        "Diluted EPS": -14.97,
        "Total Revenue": 0,
        "Gross Profit": 0,
        "Operating Income": -10,
        "EBIT": -9,
        "Net Income": -10
    },
    "2014-06-30": {
        "Diluted EPS": -13.61,
        "Total Revenue": 0,
        "Gross Profit": 0,
        "Operating Income": -8,
        "EBIT": -8,
        "Net Income": -8
    },
    "2014-03-31": {
        "Diluted EPS": -16.33,
        "Total Revenue": 0,
        "Gross Profit": 0,
        "Operating Income": -9,
        "EBIT": -9,
        "Net Income": -9
    },
    "2013-12-31": {
        "Diluted EPS": -9.52,
        "Total Revenue": 0,
        "Gross Profit": 0,
        "Operating Income": -6,
        "EBIT": -6,
        "Net Income": -6
    },
    "2013-09-30": {
        "Diluted EPS": -14.97,
        "Total Revenue": 0,
        "Gross Profit": 0,
        "Operating Income": -5,
        "EBIT": -5,
        "Net Income": -5
    },
    "2013-06-30": {
        "Diluted EPS": -20.41,
        "Total Revenue": 0,
        "Gross Profit": 0,
        "Operating Income": -4,
        "EBIT": -4,
        "Net Income": -6
    },
    "2013-03-31": {
        "Diluted EPS": -20.41,
        "Total Revenue": 0,
        "Gross Profit": 0,
        "Operating Income": -4,
        "EBIT": -4,
        "Net Income": -4
    },
    "2012-12-31": {
        "Diluted EPS": -32.65,
        "Total Revenue": 0,
        "Gross Profit": 0,
        "Operating Income": -4,
        "EBIT": -4,
        "Net Income": -7
    },
    "2012-09-30": {
        "Diluted EPS": -23.13,
        "Total Revenue": 0,
        "Gross Profit": 0,
        "Operating Income": -5,
        "EBIT": -5,
        "Net Income": -5
    },
    "2012-06-30": {
        "Diluted EPS": -20.41,
        "Total Revenue": 0,
        "Gross Profit": 0,
        "Operating Income": -5,
        "EBIT": -5,
        "Net Income": -4
    },
    "2012-03-31": {
        "Diluted EPS": -34.01,
        "Total Revenue": 0,
        "Gross Profit": 0,
        "Operating Income": -5,
        "EBIT": -5,
        "Net Income": -7
    },
    "2011-12-31": {
        "Diluted EPS": -47.62,
        "Total Revenue": 0,
        "Gross Profit": 0,
        "Operating Income": -7,
        "EBIT": -7,
        "Net Income": -10
    },
    "2011-09-30": {
        "Diluted EPS": -27.21,
        "Total Revenue": 0,
        "Gross Profit": 0,
        "Operating Income": -6,
        "EBIT": -5,
        "Net Income": -5
    },
    "2011-06-30": {
        "Diluted EPS": -31.29,
        "Total Revenue": 0,
        "Gross Profit": 0,
        "Operating Income": -6,
        "EBIT": -6,
        "Net Income": -6
    },
    "2011-03-31": {
        "Diluted EPS": -34.01,
        "Total Revenue": 0,
        "Gross Profit": 0,
        "Operating Income": -7,
        "EBIT": -7,
        "Net Income": -7
    },
    "2010-12-31": {
        "Diluted EPS": -29.93,
        "Total Revenue": 1,
        "Gross Profit": 1,
        "Operating Income": -6,
        "EBIT": -6,
        "Net Income": -6
    },
    "2010-09-30": {
        "Diluted EPS": -24.49,
        "Total Revenue": 5,
        "Gross Profit": 5,
        "Operating Income": -5,
        "EBIT": -5,
        "Net Income": -5
    },
    "2010-06-30": {
        "Diluted EPS": -31.29,
        "Total Revenue": 4,
        "Gross Profit": 4,
        "Operating Income": -5,
        "EBIT": -5,
        "Net Income": -5
    },
    "2010-03-31": {
        "Diluted EPS": -10.88,
        "Total Revenue": 6,
        "Gross Profit": 6,
        "Operating Income": -2,
        "EBIT": -2,
        "Net Income": -2
    },
    "2009-12-31": {
        "Diluted EPS": 21.64,
        "Total Revenue": 10,
        "Gross Profit": 10,
        "Operating Income": 4,
        "EBIT": 4,
        "Net Income": 4
    },
    "2009-09-30": {
        "Diluted EPS": 0.13,
        "Total Revenue": 7,
        "Gross Profit": 7,
        "Operating Income": 0,
        "EBIT": 0,
        "Net Income": 0
    },
    "2009-06-30": {
        "Diluted EPS": 21.77,
        "Total Revenue": 11,
        "Gross Profit": 11,
        "Operating Income": 4,
        "EBIT": 4,
        "Net Income": 4
    },
    "2009-03-31": {
        "Diluted EPS": -1.36,
        "Total Revenue": 6,
        "Gross Profit": 6,
        "Operating Income": 0,
        "EBIT": 0,
        "Net Income": 0
    }
}