{
    "2023-03-31": {
        "Tax Effect Of Unusual Items": NaN,
        "Tax Rate For Calcs": NaN,
        "Normalized EBITDA": NaN,
        "Total Unusual Items": -2100000.0,
        "Total Unusual Items Excluding Goodwill": -2100000.0,
        "Net Income From Continuing Operation Net Minority Interest": NaN,
        "Reconciled Depreciation": NaN,
        "EBITDA": NaN,
        "EBIT": NaN,
        "Net Interest Income": NaN,
        "Interest Income": NaN,
        "Normalized Income": NaN,
        "Net Income From Continuing And Discontinued Operation": NaN,
        "Total Expenses": NaN,
        "Total Operating Income As Reported": NaN,
        "Diluted Average Shares": NaN,
        "Basic Average Shares": NaN,
        "Diluted EPS": NaN,
        "Basic EPS": NaN,
        "Diluted NI Availto Com Stockholders": NaN,
        "Net Income Common Stockholders": NaN,
        "Net Income": NaN,
        "Net Income Including Noncontrolling Interests": NaN,
        "Net Income Continuous Operations": NaN,
        "Tax Provision": NaN,
        "Pretax Income": NaN,
        "Other Income Expense": NaN,
        "Other Non Operating Income Expenses": NaN,
        "Gain On Sale Of Security": -2100000.0,
        "Net Non Operating Interest Income Expense": NaN,
        "Total Other Finance Cost": -1600000.0,
        "Interest Income Non Operating": NaN,
        "Operating Income": NaN,
        "Operating Expense": NaN,
        "Research And Development": NaN,
        "Selling General And Administration": NaN,
        "General And Administrative Expense": NaN,
        "Other Gand A": NaN,
        "Total Revenue": NaN,
        "Operating Revenue": NaN
    },
    "2022-12-31": {
        "Tax Effect Of Unusual Items": NaN,
        "Tax Rate For Calcs": NaN,
        "Normalized EBITDA": NaN,
        "Total Unusual Items": -4800000.0,
        "Total Unusual Items Excluding Goodwill": -4800000.0,
        "Net Income From Continuing Operation Net Minority Interest": NaN,
        "Reconciled Depreciation": NaN,
        "EBITDA": NaN,
        "EBIT": NaN,
        "Net Interest Income": NaN,
        "Interest Income": NaN,
        "Normalized Income": NaN,
        "Net Income From Continuing And Discontinued Operation": NaN,
        "Total Expenses": NaN,
        "Total Operating Income As Reported": NaN,
        "Diluted Average Shares": NaN,
        "Basic Average Shares": NaN,
        "Diluted EPS": NaN,
        "Basic EPS": NaN,
        "Diluted NI Availto Com Stockholders": NaN,
        "Net Income Common Stockholders": NaN,
        "Net Income": NaN,
        "Net Income Including Noncontrolling Interests": NaN,
        "Net Income Continuous Operations": NaN,
        "Tax Provision": NaN,
        "Pretax Income": NaN,
        "Other Income Expense": NaN,
        "Other Non Operating Income Expenses": NaN,
        "Special Income Charges": 0.0,
        "Gain On Sale Of Security": -4800000.0,
        "Net Non Operating Interest Income Expense": NaN,
        "Total Other Finance Cost": -700000.0,
        "Interest Income Non Operating": NaN,
        "Operating Income": NaN,
        "Operating Expense": NaN,
        "Research And Development": NaN,
        "Selling General And Administration": NaN,
        "General And Administrative Expense": NaN,
        "Other Gand A": NaN,
        "Total Revenue": NaN,
        "Operating Revenue": NaN
    },
    "2022-09-30": {
        "Tax Effect Of Unusual Items": NaN,
        "Tax Rate For Calcs": NaN,
        "Normalized EBITDA": NaN,
        "Total Unusual Items": -6000000.0,
        "Total Unusual Items Excluding Goodwill": -6000000.0,
        "Net Income From Continuing Operation Net Minority Interest": NaN,
        "Reconciled Depreciation": NaN,
        "EBITDA": NaN,
        "EBIT": NaN,
        "Net Interest Income": NaN,
        "Interest Income": NaN,
        "Normalized Income": NaN,
        "Net Income From Continuing And Discontinued Operation": NaN,
        "Total Expenses": NaN,
        "Total Operating Income As Reported": NaN,
        "Diluted Average Shares": 240252605.0,
        "Basic Average Shares": 240252605.0,
        "Diluted EPS": -0.38,
        "Basic EPS": -0.38,
        "Diluted NI Availto Com Stockholders": NaN,
        "Net Income Common Stockholders": NaN,
        "Net Income": NaN,
        "Net Income Including Noncontrolling Interests": NaN,
        "Net Income Continuous Operations": NaN,
        "Tax Provision": NaN,
        "Pretax Income": NaN,
        "Other Income Expense": NaN,
        "Other Non Operating Income Expenses": NaN,
        "Special Income Charges": 0.0,
        "Gain On Sale Of Security": -6000000.0,
        "Net Non Operating Interest Income Expense": NaN,
        "Total Other Finance Cost": NaN,
        "Interest Income Non Operating": NaN,
        "Operating Income": NaN,
        "Operating Expense": NaN,
        "Research And Development": NaN,
        "Selling General And Administration": NaN,
        "General And Administrative Expense": NaN,
        "Other Gand A": NaN,
        "Total Revenue": NaN,
        "Operating Revenue": NaN
    },
    "2022-06-30": {
        "Tax Effect Of Unusual Items": 0.0,
        "Tax Rate For Calcs": 0.0,
        "Normalized EBITDA": -79500000.0,
        "Total Unusual Items": 0.0,
        "Total Unusual Items Excluding Goodwill": 0.0,
        "Net Income From Continuing Operation Net Minority Interest": -71700000.0,
        "Reconciled Depreciation": 700000.0,
        "EBITDA": -79500000.0,
        "EBIT": -80200000.0,
        "Net Interest Income": 500000.0,
        "Interest Income": 500000.0,
        "Normalized Income": -71700000.0,
        "Net Income From Continuing And Discontinued Operation": -71700000.0,
        "Total Expenses": 80200000.0,
        "Total Operating Income As Reported": -80200000.0,
        "Diluted Average Shares": 238062232.0,
        "Basic Average Shares": 238062232.0,
        "Diluted EPS": -0.3,
        "Basic EPS": -0.3,
        "Diluted NI Availto Com Stockholders": -71700000.0,
        "Net Income Common Stockholders": -71700000.0,
        "Net Income": -71700000.0,
        "Net Income Including Noncontrolling Interests": -71700000.0,
        "Net Income Continuous Operations": -71700000.0,
        "Tax Provision": NaN,
        "Pretax Income": -71700000.0,
        "Other Income Expense": 8000000.0,
        "Other Non Operating Income Expenses": 8000000.0,
        "Special Income Charges": 0.0,
        "Gain On Sale Of Security": NaN,
        "Net Non Operating Interest Income Expense": 500000.0,
        "Total Other Finance Cost": NaN,
        "Interest Income Non Operating": 500000.0,
        "Operating Income": -80200000.0,
        "Operating Expense": 80200000.0,
        "Research And Development": 37800000.0,
        "Selling General And Administration": 42400000.0,
        "General And Administrative Expense": 42400000.0,
        "Other Gand A": 42400000.0,
        "Total Revenue": 0.0,
        "Operating Revenue": 0.0
    },
    "2022-03-31": {
        "Diluted EPS": -0.25,
        "Total Revenue": NaN,
        "Gross Profit": NaN,
        "Operating Income": -65,
        "EBIT": -65,
        "Net Income": -59
    },
    "2021-12-31": {
        "Diluted EPS": 1.12,
        "Total Revenue": NaN,
        "Gross Profit": NaN,
        "Operating Income": -53,
        "EBIT": -53,
        "Net Income": -43
    },
    "2021-09-30": {
        "Diluted EPS": -2.0,
        "Total Revenue": NaN,
        "Gross Profit": NaN,
        "Operating Income": -176,
        "EBIT": -176,
        "Net Income": -177
    },
    "2021-06-30": {
        "Diluted EPS": -0.56,
        "Total Revenue": NaN,
        "Gross Profit": NaN,
        "Operating Income": -34,
        "EBIT": -34,
        "Net Income": -33
    },
    "2021-03-31": {
        "Diluted EPS": -1.7,
        "Total Revenue": NaN,
        "Gross Profit": NaN,
        "Operating Income": -95,
        "EBIT": -95,
        "Net Income": -95
    },
    "2020-12-31": {
        "Diluted EPS": 0.0,
        "Total Revenue": NaN,
        "Gross Profit": NaN,
        "Operating Income": NaN,
        "EBIT": NaN,
        "Net Income": NaN
    },
    "2020-09-30": {
        "Diluted EPS": -0.14,
        "Total Revenue": NaN,
        "Gross Profit": NaN,
        "Operating Income": -7,
        "EBIT": -7,
        "Net Income": -7
    },
    "2023-06-30": {
        "Tax Effect Of Unusual Items": NaN,
        "Tax Rate For Calcs": NaN,
        "Normalized EBITDA": NaN,
        "Total Unusual Items": NaN,
        "Total Unusual Items Excluding Goodwill": NaN,
        "Net Income From Continuing Operation Net Minority Interest": NaN,
        "Reconciled Depreciation": NaN,
        "EBITDA": NaN,
        "EBIT": NaN,
        "Net Interest Income": NaN,
        "Interest Income": 4100000.0,
        "Normalized Income": NaN,
        "Net Income From Continuing And Discontinued Operation": NaN,
        "Total Expenses": NaN,
        "Total Operating Income As Reported": NaN,
        "Diluted Average Shares": 251018612.0,
        "Basic Average Shares": 251018612.0,
        "Diluted EPS": -0.73,
        "Basic EPS": -0.73,
        "Diluted NI Availto Com Stockholders": NaN,
        "Net Income Common Stockholders": NaN,
        "Net Income": NaN,
        "Net Income Including Noncontrolling Interests": NaN,
        "Net Income Continuous Operations": NaN,
        "Tax Provision": NaN,
        "Pretax Income": NaN,
        "Other Income Expense": NaN,
        "Other Non Operating Income Expenses": NaN,
        "Gain On Sale Of Security": NaN,
        "Net Non Operating Interest Income Expense": NaN,
        "Total Other Finance Cost": NaN,
        "Interest Income Non Operating": 4100000.0,
        "Operating Income": NaN,
        "Operating Expense": NaN,
        "Research And Development": NaN,
        "Selling General And Administration": NaN,
        "General And Administrative Expense": NaN,
        "Other Gand A": NaN,
        "Total Revenue": NaN,
        "Operating Revenue": NaN
    },
    "2023-09-30": {
        "Tax Effect Of Unusual Items": NaN,
        "Tax Rate For Calcs": NaN,
        "Normalized EBITDA": NaN,
        "Total Unusual Items": NaN,
        "Total Unusual Items Excluding Goodwill": NaN,
        "Net Income From Continuing Operation Net Minority Interest": NaN,
        "Reconciled Depreciation": NaN,
        "EBITDA": NaN,
        "EBIT": NaN,
        "Net Interest Income": NaN,
        "Interest Income": 5100000.0,
        "Normalized Income": NaN,
        "Net Income From Continuing And Discontinued Operation": NaN,
        "Total Expenses": NaN,
        "Total Operating Income As Reported": NaN,
        "Diluted Average Shares": 277683468.0,
        "Basic Average Shares": 277683468.0,
        "Diluted EPS": -0.19,
        "Basic EPS": -0.19,
        "Diluted NI Availto Com Stockholders": NaN,
        "Net Income Common Stockholders": NaN,
        "Net Income": NaN,
        "Net Income Including Noncontrolling Interests": NaN,
        "Net Income Continuous Operations": NaN,
        "Tax Provision": NaN,
        "Pretax Income": NaN,
        "Other Income Expense": NaN,
        "Other Non Operating Income Expenses": NaN,
        "Gain On Sale Of Security": NaN,
        "Net Non Operating Interest Income Expense": NaN,
        "Total Other Finance Cost": -5100000.0,
        "Interest Income Non Operating": 5100000.0,
        "Operating Income": NaN,
        "Operating Expense": NaN,
        "Research And Development": NaN,
        "Selling General And Administration": NaN,
        "General And Administrative Expense": NaN,
        "Other Gand A": NaN,
        "Total Revenue": NaN,
        "Operating Revenue": NaN
    },
    "2023-12-31": {
        "Tax Effect Of Unusual Items": NaN,
        "Tax Rate For Calcs": NaN,
        "Normalized EBITDA": NaN,
        "Total Unusual Items": 0.0,
        "Total Unusual Items Excluding Goodwill": 0.0,
        "Net Income From Continuing Operation Net Minority Interest": NaN,
        "Reconciled Depreciation": NaN,
        "EBITDA": NaN,
        "EBIT": NaN,
        "Net Interest Income": NaN,
        "Interest Income": NaN,
        "Normalized Income": NaN,
        "Net Income From Continuing And Discontinued Operation": NaN,
        "Total Expenses": NaN,
        "Total Operating Income As Reported": NaN,
        "Diluted Average Shares": NaN,
        "Basic Average Shares": NaN,
        "Diluted EPS": NaN,
        "Basic EPS": NaN,
        "Diluted NI Availto Com Stockholders": NaN,
        "Net Income Common Stockholders": NaN,
        "Net Income": NaN,
        "Net Income Including Noncontrolling Interests": NaN,
        "Net Income Continuous Operations": NaN,
        "Tax Provision": NaN,
        "Pretax Income": NaN,
        "Other Income Expense": NaN,
        "Other Non Operating Income Expenses": NaN,
        "Gain On Sale Of Security": 0.0,
        "Net Non Operating Interest Income Expense": NaN,
        "Total Other Finance Cost": -5600000.0,
        "Interest Income Non Operating": NaN,
        "Operating Income": NaN,
        "Operating Expense": NaN,
        "Research And Development": NaN,
        "Selling General And Administration": NaN,
        "General And Administrative Expense": NaN,
        "Other Gand A": NaN,
        "Total Revenue": NaN,
        "Operating Revenue": NaN
    },
    "2024-03-31": {
        "Tax Effect Of Unusual Items": 0.0,
        "Tax Rate For Calcs": 0.21,
        "Normalized EBITDA": -139900000.0,
        "Total Unusual Items": NaN,
        "Total Unusual Items Excluding Goodwill": NaN,
        "Net Income From Continuing Operation Net Minority Interest": -116500000.0,
        "Reconciled Depreciation": 2300000.0,
        "EBITDA": -139900000.0,
        "EBIT": -142200000.0,
        "Net Interest Income": 5300000.0,
        "Interest Income": 5300000.0,
        "Normalized Income": -116500000.0,
        "Net Income From Continuing And Discontinued Operation": -116500000.0,
        "Total Expenses": 142200000.0,
        "Total Operating Income As Reported": -142200000.0,
        "Diluted Average Shares": 320256596.0,
        "Basic Average Shares": 320256596.0,
        "Diluted EPS": -0.36,
        "Basic EPS": -0.36,
        "Diluted NI Availto Com Stockholders": -116500000.0,
        "Net Income Common Stockholders": -116500000.0,
        "Net Income": -116500000.0,
        "Net Income Including Noncontrolling Interests": -116500000.0,
        "Net Income Continuous Operations": -116500000.0,
        "Tax Provision": 200000.0,
        "Pretax Income": -116300000.0,
        "Other Income Expense": 20600000.0,
        "Other Non Operating Income Expenses": 20600000.0,
        "Gain On Sale Of Security": NaN,
        "Net Non Operating Interest Income Expense": 5300000.0,
        "Total Other Finance Cost": -5300000.0,
        "Interest Income Non Operating": 5300000.0,
        "Operating Income": -142200000.0,
        "Operating Expense": 142200000.0,
        "Research And Development": 83500000.0,
        "Selling General And Administration": 58700000.0,
        "General And Administrative Expense": 58700000.0,
        "Other Gand A": 58700000.0,
        "Total Revenue": 0.0,
        "Operating Revenue": 0.0
    },
    "2024-06-30": {
        "Tax Effect Of Unusual Items": 0.0,
        "Tax Rate For Calcs": 0.21,
        "Normalized EBITDA": -118600000.0,
        "Total Unusual Items": NaN,
        "Total Unusual Items Excluding Goodwill": NaN,
        "Net Income From Continuing Operation Net Minority Interest": -106900000.0,
        "Reconciled Depreciation": 2600000.0,
        "EBITDA": -118600000.0,
        "EBIT": -121200000.0,
        "Net Interest Income": 5100000.0,
        "Interest Income": 5100000.0,
        "Normalized Income": -106900000.0,
        "Net Income From Continuing And Discontinued Operation": -106900000.0,
        "Total Expenses": 121200000.0,
        "Total Operating Income As Reported": -121200000.0,
        "Diluted Average Shares": 334072229.0,
        "Basic Average Shares": 334072229.0,
        "Diluted EPS": -0.32,
        "Basic EPS": -0.32,
        "Diluted NI Availto Com Stockholders": -106900000.0,
        "Net Income Common Stockholders": -106900000.0,
        "Net Income": -106900000.0,
        "Net Income Including Noncontrolling Interests": -106900000.0,
        "Net Income Continuous Operations": -106900000.0,
        "Tax Provision": 100000.0,
        "Pretax Income": -106800000.0,
        "Other Income Expense": 9300000.0,
        "Other Non Operating Income Expenses": 9300000.0,
        "Gain On Sale Of Security": NaN,
        "Net Non Operating Interest Income Expense": 5100000.0,
        "Total Other Finance Cost": NaN,
        "Interest Income Non Operating": 5100000.0,
        "Operating Income": -121200000.0,
        "Operating Expense": 121200000.0,
        "Research And Development": 89800000.0,
        "Selling General And Administration": 31400000.0,
        "General And Administrative Expense": 31400000.0,
        "Other Gand A": 31400000.0,
        "Total Revenue": 0.0,
        "Operating Revenue": 0.0
    },
    "2024-09-30": {
        "Tax Effect Of Unusual Items": 0.0,
        "Tax Rate For Calcs": 0.21,
        "Normalized EBITDA": -118800000.0,
        "Total Unusual Items": NaN,
        "Total Unusual Items Excluding Goodwill": NaN,
        "Net Income From Continuing Operation Net Minority Interest": -115300000.0,
        "Reconciled Depreciation": 3300000.0,
        "EBITDA": -118800000.0,
        "EBIT": -122100000.0,
        "Net Interest Income": 5500000.0,
        "Interest Income": 5500000.0,
        "Normalized Income": -115300000.0,
        "Net Income From Continuing And Discontinued Operation": -115300000.0,
        "Total Expenses": 122100000.0,
        "Total Operating Income As Reported": -122100000.0,
        "Diluted Average Shares": 397521078.0,
        "Basic Average Shares": 397521078.0,
        "Diluted EPS": -0.29,
        "Basic EPS": -0.29,
        "Diluted NI Availto Com Stockholders": -115300000.0,
        "Net Income Common Stockholders": -115300000.0,
        "Net Income": -115300000.0,
        "Net Income Including Noncontrolling Interests": -115300000.0,
        "Net Income Continuous Operations": -115300000.0,
        "Tax Provision": 100000.0,
        "Pretax Income": -115200000.0,
        "Other Income Expense": 1400000.0,
        "Other Non Operating Income Expenses": 1400000.0,
        "Gain On Sale Of Security": NaN,
        "Net Non Operating Interest Income Expense": 5500000.0,
        "Total Other Finance Cost": NaN,
        "Interest Income Non Operating": 5500000.0,
        "Operating Income": -122100000.0,
        "Operating Expense": 122100000.0,
        "Research And Development": 89800000.0,
        "Selling General And Administration": 32300000.0,
        "General And Administrative Expense": 32300000.0,
        "Other Gand A": 32300000.0,
        "Total Revenue": 0.0,
        "Operating Revenue": 0.0
    },
    "2024-12-31": {
        "Tax Effect Of Unusual Items": 0.0,
        "Tax Rate For Calcs": 0.001009,
        "Normalized EBITDA": -120700000.0,
        "Total Unusual Items": NaN,
        "Total Unusual Items Excluding Goodwill": NaN,
        "Net Income From Continuing Operation Net Minority Interest": -198100000.0,
        "Reconciled Depreciation": 3500000.0,
        "EBITDA": -120700000.0,
        "EBIT": -124200000.0,
        "Net Interest Income": 6000000.0,
        "Interest Income": NaN,
        "Normalized Income": -198100000.0,
        "Net Income From Continuing And Discontinued Operation": -198100000.0,
        "Total Expenses": 124200000.0,
        "Total Operating Income As Reported": -124200000.0,
        "Diluted Average Shares": NaN,
        "Basic Average Shares": NaN,
        "Diluted EPS": NaN,
        "Basic EPS": NaN,
        "Diluted NI Availto Com Stockholders": -198100000.0,
        "Net Income Common Stockholders": -198100000.0,
        "Net Income": -198100000.0,
        "Net Income Including Noncontrolling Interests": -198100000.0,
        "Net Income Continuous Operations": -198100000.0,
        "Tax Provision": -200000.0,
        "Pretax Income": -198300000.0,
        "Other Income Expense": -80100000.0,
        "Other Non Operating Income Expenses": -80100000.0,
        "Gain On Sale Of Security": NaN,
        "Net Non Operating Interest Income Expense": 6000000.0,
        "Total Other Finance Cost": NaN,
        "Interest Income Non Operating": NaN,
        "Operating Income": -124200000.0,
        "Operating Expense": 124200000.0,
        "Research And Development": 94600000.0,
        "Selling General And Administration": 29600000.0,
        "General And Administrative Expense": 29600000.0,
        "Other Gand A": 29600000.0,
        "Total Revenue": 0.0,
        "Operating Revenue": 0.0
    },
    "2025-03-31": {
        "Tax Effect Of Unusual Items": 0.0,
        "Tax Rate For Calcs": 0.21,
        "Normalized EBITDA": -139900000.0,
        "Total Unusual Items": NaN,
        "Total Unusual Items Excluding Goodwill": NaN,
        "Net Income From Continuing Operation Net Minority Interest": -93400000.0,
        "Reconciled Depreciation": 4100000.0,
        "EBITDA": -139900000.0,
        "EBIT": -144000000.0,
        "Net Interest Income": 8700000.0,
        "Interest Income": 8700000.0,
        "Normalized Income": -93400000.0,
        "Net Income From Continuing And Discontinued Operation": -93400000.0,
        "Total Expenses": 144000000.0,
        "Total Operating Income As Reported": -144000000.0,
        "Diluted Average Shares": 540427085.0,
        "Basic Average Shares": 540427085.0,
        "Diluted EPS": -0.17,
        "Basic EPS": -0.17,
        "Diluted NI Availto Com Stockholders": -93400000.0,
        "Net Income Common Stockholders": -93400000.0,
        "Net Income": -93400000.0,
        "Net Income Including Noncontrolling Interests": -93400000.0,
        "Net Income Continuous Operations": -93400000.0,
        "Tax Provision": 100000.0,
        "Pretax Income": -93300000.0,
        "Other Income Expense": 42000000.0,
        "Other Non Operating Income Expenses": 42000000.0,
        "Gain On Sale Of Security": NaN,
        "Net Non Operating Interest Income Expense": 8700000.0,
        "Total Other Finance Cost": NaN,
        "Interest Income Non Operating": 8700000.0,
        "Operating Income": -144000000.0,
        "Operating Expense": 144000000.0,
        "Research And Development": 103700000.0,
        "Selling General And Administration": 40300000.0,
        "General And Administrative Expense": 40300000.0,
        "Other Gand A": 40300000.0,
        "Total Revenue": 0.0,
        "Operating Revenue": 0.0
    }
}