{
    "2023-03-31": {
        "Tax Effect Of Unusual Items": NaN,
        "Tax Rate For Calcs": NaN,
        "Normalized EBITDA": NaN,
        "Total Unusual Items": 0.0,
        "Total Unusual Items Excluding Goodwill": 0.0,
        "Net Income From Continuing Operation Net Minority Interest": NaN,
        "Reconciled Depreciation": NaN,
        "EBITDA": NaN,
        "EBIT": NaN,
        "Net Interest Income": NaN,
        "Interest Expense": NaN,
        "Interest Income": NaN,
        "Normalized Income": NaN,
        "Net Income From Continuing And Discontinued Operation": NaN,
        "Total Expenses": NaN,
        "Diluted Average Shares": 17917769.0,
        "Basic Average Shares": 17917769.0,
        "Diluted EPS": -0.5,
        "Basic EPS": -0.5,
        "Diluted NI Availto Com Stockholders": NaN,
        "Net Income Common Stockholders": NaN,
        "Net Income": NaN,
        "Net Income Including Noncontrolling Interests": NaN,
        "Net Income Continuous Operations": NaN,
        "Pretax Income": NaN,
        "Other Income Expense": NaN,
        "Other Non Operating Income Expenses": NaN,
        "Special Income Charges": 0.0,
        "Restructuring And Mergern Acquisition": 0.0,
        "Net Non Operating Interest Income Expense": NaN,
        "Interest Expense Non Operating": NaN,
        "Interest Income Non Operating": NaN,
        "Operating Income": NaN,
        "Operating Expense": NaN,
        "Research And Development": NaN,
        "Selling General And Administration": NaN,
        "General And Administrative Expense": NaN,
        "Other Gand A": NaN,
        "Total Revenue": NaN,
        "Operating Revenue": NaN
    },
    "2022-12-31": {
        "Tax Effect Of Unusual Items": NaN,
        "Tax Rate For Calcs": NaN,
        "Normalized EBITDA": NaN,
        "Total Unusual Items": NaN,
        "Total Unusual Items Excluding Goodwill": NaN,
        "Net Income From Continuing Operation Net Minority Interest": NaN,
        "Reconciled Depreciation": NaN,
        "EBITDA": NaN,
        "EBIT": NaN,
        "Net Interest Income": NaN,
        "Interest Expense": NaN,
        "Interest Income": NaN,
        "Normalized Income": NaN,
        "Net Income From Continuing And Discontinued Operation": NaN,
        "Total Expenses": NaN,
        "Diluted Average Shares": 13536944.0,
        "Basic Average Shares": 13536944.0,
        "Diluted EPS": -0.83,
        "Basic EPS": -0.83,
        "Diluted NI Availto Com Stockholders": NaN,
        "Net Income Common Stockholders": NaN,
        "Net Income": NaN,
        "Net Income Including Noncontrolling Interests": NaN,
        "Net Income Continuous Operations": NaN,
        "Pretax Income": NaN,
        "Other Income Expense": NaN,
        "Other Non Operating Income Expenses": NaN,
        "Special Income Charges": NaN,
        "Restructuring And Mergern Acquisition": NaN,
        "Net Non Operating Interest Income Expense": NaN,
        "Interest Expense Non Operating": NaN,
        "Interest Income Non Operating": NaN,
        "Operating Income": NaN,
        "Operating Expense": NaN,
        "Research And Development": NaN,
        "Selling General And Administration": NaN,
        "General And Administrative Expense": NaN,
        "Other Gand A": NaN,
        "Total Revenue": NaN,
        "Operating Revenue": NaN
    },
    "2022-09-30": {
        "Tax Effect Of Unusual Items": 0.0,
        "Tax Rate For Calcs": 0.0,
        "Normalized EBITDA": -12541000.0,
        "Net Income From Continuing Operation Net Minority Interest": -13077000.0,
        "Reconciled Depreciation": 55000.0,
        "EBITDA": -12541000.0,
        "EBIT": -12596000.0,
        "Net Interest Income": -408000.0,
        "Interest Expense": 481000.0,
        "Interest Income": 73000.0,
        "Normalized Income": -13077000.0,
        "Net Income From Continuing And Discontinued Operation": -13077000.0,
        "Total Expenses": 12639000.0,
        "Total Operating Income As Reported": NaN,
        "Diluted Average Shares": 9693788.0,
        "Basic Average Shares": 9693788.0,
        "Diluted EPS": -1.35,
        "Basic EPS": -1.35,
        "Diluted NI Availto Com Stockholders": -13077000.0,
        "Net Income Common Stockholders": -13077000.0,
        "Net Income": -13077000.0,
        "Net Income Including Noncontrolling Interests": -13077000.0,
        "Net Income Continuous Operations": -13077000.0,
        "Pretax Income": -13077000.0,
        "Other Income Expense": -30000.0,
        "Other Non Operating Income Expenses": -30000.0,
        "Net Non Operating Interest Income Expense": -408000.0,
        "Interest Expense Non Operating": 481000.0,
        "Interest Income Non Operating": 73000.0,
        "Operating Income": -12639000.0,
        "Operating Expense": 12639000.0,
        "Research And Development": 9869000.0,
        "Selling General And Administration": 2770000.0,
        "General And Administrative Expense": 2770000.0,
        "Other Gand A": 2770000.0,
        "Total Revenue": 0.0,
        "Operating Revenue": 0.0
    },
    "2022-06-30": {
        "Tax Effect Of Unusual Items": 0.0,
        "Tax Rate For Calcs": 0.0,
        "Normalized EBITDA": -10008000.0,
        "Net Income From Continuing Operation Net Minority Interest": -10468000.0,
        "Reconciled Depreciation": 56000.0,
        "EBITDA": -10008000.0,
        "EBIT": -10064000.0,
        "Net Interest Income": -400000.0,
        "Interest Expense": 404000.0,
        "Interest Income": 4000.0,
        "Normalized Income": -10468000.0,
        "Net Income From Continuing And Discontinued Operation": -10468000.0,
        "Total Expenses": 10073000.0,
        "Total Operating Income As Reported": NaN,
        "Diluted Average Shares": 9647726.0,
        "Basic Average Shares": 9647726.0,
        "Diluted EPS": -1.08,
        "Basic EPS": -1.08,
        "Diluted NI Availto Com Stockholders": -10468000.0,
        "Net Income Common Stockholders": -10468000.0,
        "Net Income": -10468000.0,
        "Net Income Including Noncontrolling Interests": -10468000.0,
        "Net Income Continuous Operations": -10468000.0,
        "Pretax Income": -10468000.0,
        "Other Income Expense": 5000.0,
        "Other Non Operating Income Expenses": 5000.0,
        "Net Non Operating Interest Income Expense": -400000.0,
        "Interest Expense Non Operating": 404000.0,
        "Interest Income Non Operating": 4000.0,
        "Operating Income": -10073000.0,
        "Operating Expense": 10073000.0,
        "Research And Development": 7207000.0,
        "Selling General And Administration": 2866000.0,
        "General And Administrative Expense": 2866000.0,
        "Other Gand A": 2866000.0,
        "Total Revenue": 0.0,
        "Operating Revenue": 0.0
    },
    "2022-03-31": {
        "Diluted EPS": -0.8,
        "Total Revenue": NaN,
        "Gross Profit": NaN,
        "Operating Income": -7,
        "EBIT": -7,
        "Net Income": -8
    },
    "2021-12-31": {
        "Diluted EPS": -0.54,
        "Total Revenue": NaN,
        "Gross Profit": NaN,
        "Operating Income": -7,
        "EBIT": -7,
        "Net Income": -7
    },
    "2021-09-30": {
        "Diluted EPS": -0.71,
        "Total Revenue": NaN,
        "Gross Profit": NaN,
        "Operating Income": -7,
        "EBIT": -7,
        "Net Income": -7
    },
    "2021-06-30": {
        "Diluted EPS": -1.53,
        "Total Revenue": NaN,
        "Gross Profit": NaN,
        "Operating Income": -11,
        "EBIT": -11,
        "Net Income": -11
    },
    "2021-03-31": {
        "Diluted EPS": -1.3,
        "Total Revenue": NaN,
        "Gross Profit": NaN,
        "Operating Income": -8,
        "EBIT": -8,
        "Net Income": -8
    },
    "2020-12-31": {
        "Diluted EPS": -0.45,
        "Total Revenue": NaN,
        "Gross Profit": NaN,
        "Operating Income": -5,
        "EBIT": -5,
        "Net Income": -5
    },
    "2020-09-30": {
        "Diluted EPS": -1.14,
        "Total Revenue": NaN,
        "Gross Profit": NaN,
        "Operating Income": -4,
        "EBIT": -4,
        "Net Income": -4
    },
    "2020-06-30": {
        "Diluted EPS": -1.68,
        "Total Revenue": NaN,
        "Gross Profit": NaN,
        "Operating Income": -3,
        "EBIT": -3,
        "Net Income": -3
    },
    "2020-03-31": {
        "Diluted EPS": -2.15,
        "Total Revenue": NaN,
        "Gross Profit": NaN,
        "Operating Income": -3,
        "EBIT": -3,
        "Net Income": -3
    },
    "2019-12-31": {
        "Diluted EPS": -3.01,
        "Total Revenue": NaN,
        "Gross Profit": NaN,
        "Operating Income": -3,
        "EBIT": -3,
        "Net Income": -3
    },
    "2019-09-30": {
        "Diluted EPS": -9.07,
        "Total Revenue": NaN,
        "Gross Profit": NaN,
        "Operating Income": -4,
        "EBIT": -4,
        "Net Income": -4
    },
    "2019-06-30": {
        "Diluted EPS": -10.08,
        "Total Revenue": NaN,
        "Gross Profit": NaN,
        "Operating Income": -4,
        "EBIT": -4,
        "Net Income": -4
    },
    "2019-03-31": {
        "Diluted EPS": -17.6,
        "Total Revenue": NaN,
        "Gross Profit": NaN,
        "Operating Income": -6,
        "EBIT": -6,
        "Net Income": -6
    },
    "2018-12-31": {
        "Diluted EPS": 26.91,
        "Total Revenue": NaN,
        "Gross Profit": NaN,
        "Operating Income": -4,
        "EBIT": -4,
        "Net Income": -4
    },
    "2018-09-30": {
        "Diluted EPS": -14.2,
        "Total Revenue": NaN,
        "Gross Profit": NaN,
        "Operating Income": -3,
        "EBIT": -3,
        "Net Income": -3
    },
    "2018-06-30": {
        "Diluted EPS": -36.4,
        "Total Revenue": NaN,
        "Gross Profit": NaN,
        "Operating Income": -3,
        "EBIT": -3,
        "Net Income": -3
    },
    "2018-03-31": {
        "Diluted EPS": -48.6,
        "Total Revenue": NaN,
        "Gross Profit": NaN,
        "Operating Income": -3,
        "EBIT": -3,
        "Net Income": -3
    },
    "2017-12-31": {
        "Diluted EPS": NaN,
        "Total Revenue": NaN,
        "Gross Profit": NaN,
        "Operating Income": -4,
        "EBIT": -4,
        "Net Income": -4
    },
    "2017-09-30": {
        "Diluted EPS": -179.2,
        "Total Revenue": NaN,
        "Gross Profit": NaN,
        "Operating Income": -2,
        "EBIT": -2,
        "Net Income": -6
    },
    "2017-06-30": {
        "Diluted EPS": NaN,
        "Total Revenue": NaN,
        "Gross Profit": NaN,
        "Operating Income": 0,
        "EBIT": 0,
        "Net Income": 0
    },
    "2017-03-31": {
        "Diluted EPS": NaN,
        "Total Revenue": NaN,
        "Gross Profit": NaN,
        "Operating Income": 0,
        "EBIT": 0,
        "Net Income": 0
    },
    "2016-12-31": {
        "Diluted EPS": NaN,
        "Total Revenue": NaN,
        "Gross Profit": NaN,
        "Operating Income": 15,
        "EBIT": 15,
        "Net Income": 10
    },
    "2016-09-30": {
        "Diluted EPS": NaN,
        "Total Revenue": NaN,
        "Gross Profit": NaN,
        "Operating Income": 0,
        "EBIT": 0,
        "Net Income": 0
    },
    "2016-06-30": {
        "Diluted EPS": -506.05,
        "Total Revenue": 2,
        "Gross Profit": 2,
        "Operating Income": -6,
        "EBIT": -6,
        "Net Income": -7
    },
    "2016-03-31": {
        "Diluted EPS": -264.03,
        "Total Revenue": 3,
        "Gross Profit": 3,
        "Operating Income": -4,
        "EBIT": -4,
        "Net Income": -4
    },
    "2015-12-31": {
        "Diluted EPS": NaN,
        "Total Revenue": NaN,
        "Gross Profit": NaN,
        "Operating Income": 26,
        "EBIT": 26,
        "Net Income": 14
    },
    "2015-09-30": {
        "Diluted EPS": -352.04,
        "Total Revenue": 7,
        "Gross Profit": 7,
        "Operating Income": -5,
        "EBIT": -5,
        "Net Income": -5
    },
    "2015-06-30": {
        "Diluted EPS": -572.06,
        "Total Revenue": 4,
        "Gross Profit": 4,
        "Operating Income": -6,
        "EBIT": -6,
        "Net Income": -6
    },
    "2015-03-31": {
        "Diluted EPS": -440.04,
        "Total Revenue": 1,
        "Gross Profit": 1,
        "Operating Income": -5,
        "EBIT": -5,
        "Net Income": -5
    },
    "2014-12-31": {
        "Diluted EPS": -352.04,
        "Total Revenue": 6,
        "Gross Profit": 6,
        "Operating Income": -7,
        "EBIT": -7,
        "Net Income": -6
    },
    "2014-09-30": {
        "Diluted EPS": -506.05,
        "Total Revenue": 5,
        "Gross Profit": 5,
        "Operating Income": -7,
        "EBIT": -7,
        "Net Income": -5
    },
    "2014-06-30": {
        "Diluted EPS": NaN,
        "Total Revenue": 5,
        "Gross Profit": 5,
        "Operating Income": -8,
        "EBIT": -8,
        "Net Income": -7
    },
    "2014-03-31": {
        "Diluted EPS": NaN,
        "Total Revenue": 12,
        "Gross Profit": 12,
        "Operating Income": -8,
        "EBIT": -8,
        "Net Income": -9
    },
    "2013-12-31": {
        "Diluted EPS": NaN,
        "Total Revenue": 9,
        "Gross Profit": 9,
        "Operating Income": -7,
        "EBIT": -7,
        "Net Income": -7
    },
    "2013-09-30": {
        "Diluted EPS": NaN,
        "Total Revenue": 10,
        "Gross Profit": 10,
        "Operating Income": -11,
        "EBIT": -11,
        "Net Income": -10
    },
    "2013-06-30": {
        "Diluted EPS": NaN,
        "Total Revenue": 6,
        "Gross Profit": 6,
        "Operating Income": -9,
        "EBIT": -9,
        "Net Income": -8
    },
    "2013-03-31": {
        "Diluted EPS": NaN,
        "Total Revenue": 5,
        "Gross Profit": 5,
        "Operating Income": -8,
        "EBIT": -8,
        "Net Income": -7
    },
    "2012-12-31": {
        "Diluted EPS": -440.04,
        "Total Revenue": 10,
        "Gross Profit": 10,
        "Operating Income": -6,
        "EBIT": -6,
        "Net Income": -4
    },
    "2012-09-30": {
        "Diluted EPS": -880.09,
        "Total Revenue": 7,
        "Gross Profit": 7,
        "Operating Income": -8,
        "EBIT": -8,
        "Net Income": -6
    },
    "2012-06-30": {
        "Diluted EPS": -638.06,
        "Total Revenue": 2,
        "Gross Profit": 2,
        "Operating Income": -6,
        "EBIT": -6,
        "Net Income": -4
    },
    "2012-03-31": {
        "Diluted EPS": NaN,
        "Total Revenue": 1,
        "Gross Profit": 1,
        "Operating Income": -6,
        "EBIT": -5,
        "Net Income": -7
    },
    "2011-12-31": {
        "Diluted EPS": NaN,
        "Total Revenue": 1,
        "Gross Profit": 1,
        "Operating Income": -8,
        "EBIT": -8,
        "Net Income": -10
    },
    "2011-09-30": {
        "Diluted EPS": 990.1,
        "Total Revenue": 1,
        "Gross Profit": 1,
        "Operating Income": -4,
        "EBIT": -4,
        "Net Income": 4
    },
    "2011-06-30": {
        "Diluted EPS": NaN,
        "Total Revenue": 2,
        "Gross Profit": 2,
        "Operating Income": -5,
        "EBIT": -5,
        "Net Income": -7
    },
    "2011-03-31": {
        "Diluted EPS": -682.07,
        "Total Revenue": 1,
        "Gross Profit": 1,
        "Operating Income": -5,
        "EBIT": -5,
        "Net Income": -3
    },
    "2010-12-31": {
        "Diluted EPS": -572.06,
        "Total Revenue": 2,
        "Gross Profit": 2,
        "Operating Income": -2,
        "EBIT": -2,
        "Net Income": -3
    },
    "2010-09-30": {
        "Diluted EPS": NaN,
        "Total Revenue": 5,
        "Gross Profit": 5,
        "Operating Income": -7,
        "EBIT": -7,
        "Net Income": -7
    },
    "2010-06-30": {
        "Diluted EPS": 44.0,
        "Total Revenue": 2,
        "Gross Profit": 2,
        "Operating Income": -3,
        "EBIT": -3,
        "Net Income": 0
    },
    "2010-03-31": {
        "Diluted EPS": NaN,
        "Total Revenue": 5,
        "Gross Profit": 5,
        "Operating Income": -3,
        "EBIT": -3,
        "Net Income": -3
    },
    "2009-12-31": {
        "Diluted EPS": NaN,
        "Total Revenue": NaN,
        "Gross Profit": NaN,
        "Operating Income": -19,
        "EBIT": -19,
        "Net Income": 4
    },
    "2009-09-30": {
        "Diluted EPS": -880.09,
        "Total Revenue": NaN,
        "Gross Profit": NaN,
        "Operating Income": -2,
        "EBIT": -2,
        "Net Income": -2
    },
    "2009-06-30": {
        "Diluted EPS": NaN,
        "Total Revenue": NaN,
        "Gross Profit": NaN,
        "Operating Income": -5,
        "EBIT": -5,
        "Net Income": -5
    },
    "2009-03-31": {
        "Diluted EPS": -946.1,
        "Total Revenue": NaN,
        "Gross Profit": NaN,
        "Operating Income": -2,
        "EBIT": -2,
        "Net Income": -2
    },
    "2023-06-30": {
        "Tax Effect Of Unusual Items": NaN,
        "Tax Rate For Calcs": NaN,
        "Normalized EBITDA": NaN,
        "Total Unusual Items": NaN,
        "Total Unusual Items Excluding Goodwill": NaN,
        "Net Income From Continuing Operation Net Minority Interest": NaN,
        "Reconciled Depreciation": NaN,
        "EBITDA": NaN,
        "EBIT": NaN,
        "Net Interest Income": NaN,
        "Interest Expense": NaN,
        "Interest Income": NaN,
        "Normalized Income": NaN,
        "Net Income From Continuing And Discontinued Operation": NaN,
        "Total Expenses": NaN,
        "Diluted Average Shares": 19048627.0,
        "Basic Average Shares": 19048627.0,
        "Diluted EPS": -0.43,
        "Basic EPS": -0.43,
        "Diluted NI Availto Com Stockholders": NaN,
        "Net Income Common Stockholders": NaN,
        "Net Income": NaN,
        "Net Income Including Noncontrolling Interests": NaN,
        "Net Income Continuous Operations": NaN,
        "Pretax Income": NaN,
        "Other Income Expense": NaN,
        "Other Non Operating Income Expenses": NaN,
        "Special Income Charges": NaN,
        "Other Special Charges": NaN,
        "Restructuring And Mergern Acquisition": NaN,
        "Net Non Operating Interest Income Expense": NaN,
        "Interest Expense Non Operating": NaN,
        "Interest Income Non Operating": NaN,
        "Operating Income": NaN,
        "Operating Expense": NaN,
        "Research And Development": NaN,
        "Selling General And Administration": NaN,
        "General And Administrative Expense": NaN,
        "Other Gand A": NaN,
        "Total Revenue": NaN,
        "Operating Revenue": NaN
    },
    "2023-09-30": {
        "Tax Effect Of Unusual Items": NaN,
        "Tax Rate For Calcs": NaN,
        "Normalized EBITDA": NaN,
        "Total Unusual Items": 0.0,
        "Total Unusual Items Excluding Goodwill": 0.0,
        "Net Income From Continuing Operation Net Minority Interest": NaN,
        "Reconciled Depreciation": NaN,
        "EBITDA": NaN,
        "EBIT": NaN,
        "Net Interest Income": NaN,
        "Interest Expense": NaN,
        "Interest Income": NaN,
        "Normalized Income": NaN,
        "Net Income From Continuing And Discontinued Operation": NaN,
        "Total Expenses": NaN,
        "Diluted Average Shares": 21127281.0,
        "Basic Average Shares": 21127281.0,
        "Diluted EPS": -0.34,
        "Basic EPS": -0.34,
        "Diluted NI Availto Com Stockholders": NaN,
        "Net Income Common Stockholders": NaN,
        "Net Income": NaN,
        "Net Income Including Noncontrolling Interests": NaN,
        "Net Income Continuous Operations": NaN,
        "Pretax Income": NaN,
        "Other Income Expense": NaN,
        "Other Non Operating Income Expenses": NaN,
        "Special Income Charges": 0.0,
        "Other Special Charges": NaN,
        "Restructuring And Mergern Acquisition": 0.0,
        "Net Non Operating Interest Income Expense": NaN,
        "Interest Expense Non Operating": NaN,
        "Interest Income Non Operating": NaN,
        "Operating Income": NaN,
        "Operating Expense": NaN,
        "Research And Development": NaN,
        "Selling General And Administration": NaN,
        "General And Administrative Expense": NaN,
        "Other Gand A": NaN,
        "Total Revenue": NaN,
        "Operating Revenue": NaN
    },
    "2023-12-31": {
        "Tax Effect Of Unusual Items": 0.0,
        "Tax Rate For Calcs": 0.0,
        "Normalized EBITDA": -4632000.0,
        "Total Unusual Items": NaN,
        "Total Unusual Items Excluding Goodwill": NaN,
        "Net Income From Continuing Operation Net Minority Interest": -5476000.0,
        "Reconciled Depreciation": 57000.0,
        "EBITDA": -4632000.0,
        "EBIT": -4689000.0,
        "Net Interest Income": -579000.0,
        "Interest Expense": 787000.0,
        "Interest Income": 208000.0,
        "Normalized Income": -5476000.0,
        "Net Income From Continuing And Discontinued Operation": -5476000.0,
        "Total Expenses": 4386000.0,
        "Diluted Average Shares": NaN,
        "Basic Average Shares": NaN,
        "Diluted EPS": NaN,
        "Basic EPS": NaN,
        "Diluted NI Availto Com Stockholders": -5476000.0,
        "Net Income Common Stockholders": -5476000.0,
        "Net Income": -5476000.0,
        "Net Income Including Noncontrolling Interests": -5476000.0,
        "Net Income Continuous Operations": -5476000.0,
        "Pretax Income": -5476000.0,
        "Other Income Expense": -511000.0,
        "Other Non Operating Income Expenses": 17000.0,
        "Special Income Charges": NaN,
        "Other Special Charges": NaN,
        "Restructuring And Mergern Acquisition": NaN,
        "Net Non Operating Interest Income Expense": -579000.0,
        "Interest Expense Non Operating": 787000.0,
        "Interest Income Non Operating": 208000.0,
        "Operating Income": -4386000.0,
        "Operating Expense": 4386000.0,
        "Research And Development": 2114000.0,
        "Selling General And Administration": 2272000.0,
        "General And Administrative Expense": 2272000.0,
        "Other Gand A": 2272000.0,
        "Total Revenue": 0.0,
        "Operating Revenue": 0.0
    },
    "2024-03-31": {
        "Tax Effect Of Unusual Items": 0.0,
        "Tax Rate For Calcs": 0.0,
        "Normalized EBITDA": -5572000.0,
        "Total Unusual Items": -52000.0,
        "Total Unusual Items Excluding Goodwill": -52000.0,
        "Net Income From Continuing Operation Net Minority Interest": -6494000.0,
        "Reconciled Depreciation": 57000.0,
        "EBITDA": -5624000.0,
        "EBIT": -5681000.0,
        "Net Interest Income": -445000.0,
        "Interest Expense": 813000.0,
        "Interest Income": 368000.0,
        "Normalized Income": -6442000.0,
        "Net Income From Continuing And Discontinued Operation": -6494000.0,
        "Total Expenses": 5982000.0,
        "Diluted Average Shares": 25048134.0,
        "Basic Average Shares": 25048134.0,
        "Diluted EPS": -0.26,
        "Basic EPS": -0.26,
        "Diluted NI Availto Com Stockholders": -6494000.0,
        "Net Income Common Stockholders": -6494000.0,
        "Net Income": -6494000.0,
        "Net Income Including Noncontrolling Interests": -6494000.0,
        "Net Income Continuous Operations": -6494000.0,
        "Pretax Income": -6494000.0,
        "Other Income Expense": -67000.0,
        "Other Non Operating Income Expenses": -15000.0,
        "Special Income Charges": -52000.0,
        "Other Special Charges": NaN,
        "Restructuring And Mergern Acquisition": 52000.0,
        "Net Non Operating Interest Income Expense": -445000.0,
        "Interest Expense Non Operating": 813000.0,
        "Interest Income Non Operating": 368000.0,
        "Operating Income": -5982000.0,
        "Operating Expense": 5982000.0,
        "Research And Development": 2799000.0,
        "Selling General And Administration": 3183000.0,
        "General And Administrative Expense": 3183000.0,
        "Other Gand A": 3183000.0,
        "Total Revenue": 0.0,
        "Operating Revenue": 0.0
    },
    "2024-06-30": {
        "Tax Effect Of Unusual Items": 0.0,
        "Tax Rate For Calcs": 0.0,
        "Normalized EBITDA": -7543000.0,
        "Total Unusual Items": -57000.0,
        "Total Unusual Items Excluding Goodwill": -57000.0,
        "Net Income From Continuing Operation Net Minority Interest": -8461000.0,
        "Reconciled Depreciation": 57000.0,
        "EBITDA": -7600000.0,
        "EBIT": -7657000.0,
        "Net Interest Income": 29000.0,
        "Interest Expense": 804000.0,
        "Interest Income": 833000.0,
        "Normalized Income": -8404000.0,
        "Net Income From Continuing And Discontinued Operation": -8461000.0,
        "Total Expenses": 8431000.0,
        "Diluted Average Shares": 34318709.0,
        "Basic Average Shares": 34318709.0,
        "Diluted EPS": -0.25,
        "Basic EPS": -0.25,
        "Diluted NI Availto Com Stockholders": -8461000.0,
        "Net Income Common Stockholders": -8461000.0,
        "Net Income": -8461000.0,
        "Net Income Including Noncontrolling Interests": -8461000.0,
        "Net Income Continuous Operations": -8461000.0,
        "Pretax Income": -8461000.0,
        "Other Income Expense": -59000.0,
        "Other Non Operating Income Expenses": -2000.0,
        "Special Income Charges": -57000.0,
        "Other Special Charges": NaN,
        "Restructuring And Mergern Acquisition": 57000.0,
        "Net Non Operating Interest Income Expense": 29000.0,
        "Interest Expense Non Operating": 804000.0,
        "Interest Income Non Operating": 833000.0,
        "Operating Income": -8431000.0,
        "Operating Expense": 8431000.0,
        "Research And Development": 5113000.0,
        "Selling General And Administration": 3318000.0,
        "General And Administrative Expense": 3318000.0,
        "Other Gand A": 3318000.0,
        "Total Revenue": 0.0,
        "Operating Revenue": 0.0
    },
    "2024-09-30": {
        "Tax Effect Of Unusual Items": 0.0,
        "Tax Rate For Calcs": 0.0,
        "Normalized EBITDA": -11744000.0,
        "Total Unusual Items": -345000.0,
        "Total Unusual Items Excluding Goodwill": -345000.0,
        "Net Income From Continuing Operation Net Minority Interest": -12512000.0,
        "Reconciled Depreciation": 57000.0,
        "EBITDA": -12089000.0,
        "EBIT": -12146000.0,
        "Net Interest Income": 307000.0,
        "Interest Expense": 366000.0,
        "Interest Income": 673000.0,
        "Normalized Income": -12167000.0,
        "Net Income From Continuing And Discontinued Operation": -12512000.0,
        "Total Expenses": 12466000.0,
        "Diluted Average Shares": 34355050.0,
        "Basic Average Shares": 34355050.0,
        "Diluted EPS": -0.36,
        "Basic EPS": -0.36,
        "Diluted NI Availto Com Stockholders": -12512000.0,
        "Net Income Common Stockholders": -12512000.0,
        "Net Income": -12512000.0,
        "Net Income Including Noncontrolling Interests": -12512000.0,
        "Net Income Continuous Operations": -12512000.0,
        "Pretax Income": -12512000.0,
        "Other Income Expense": -353000.0,
        "Other Non Operating Income Expenses": -8000.0,
        "Special Income Charges": -345000.0,
        "Other Special Charges": 283000.0,
        "Restructuring And Mergern Acquisition": 62000.0,
        "Net Non Operating Interest Income Expense": 307000.0,
        "Interest Expense Non Operating": 366000.0,
        "Interest Income Non Operating": 673000.0,
        "Operating Income": -12466000.0,
        "Operating Expense": 12466000.0,
        "Research And Development": 7609000.0,
        "Selling General And Administration": 4857000.0,
        "General And Administrative Expense": 4857000.0,
        "Other Gand A": 4857000.0,
        "Total Revenue": 0.0,
        "Operating Revenue": 0.0
    },
    "2024-12-31": {
        "Tax Effect Of Unusual Items": 0.0,
        "Tax Rate For Calcs": 0.0,
        "Normalized EBITDA": -11655000.0,
        "Total Unusual Items": -450000.0,
        "Total Unusual Items Excluding Goodwill": -450000.0,
        "Net Income From Continuing Operation Net Minority Interest": -12360000.0,
        "Reconciled Depreciation": 58000.0,
        "EBITDA": -12105000.0,
        "EBIT": -12163000.0,
        "Net Interest Income": 285000.0,
        "Interest Expense": 197000.0,
        "Interest Income": 482000.0,
        "Normalized Income": -11910000.0,
        "Net Income From Continuing And Discontinued Operation": -12360000.0,
        "Total Expenses": 12190000.0,
        "Diluted Average Shares": NaN,
        "Basic Average Shares": NaN,
        "Diluted EPS": NaN,
        "Basic EPS": NaN,
        "Diluted NI Availto Com Stockholders": -12360000.0,
        "Net Income Common Stockholders": -12360000.0,
        "Net Income": -12360000.0,
        "Net Income Including Noncontrolling Interests": -12360000.0,
        "Net Income Continuous Operations": -12360000.0,
        "Pretax Income": -12360000.0,
        "Other Income Expense": -455000.0,
        "Other Non Operating Income Expenses": -5000.0,
        "Special Income Charges": -450000.0,
        "Other Special Charges": 0.0,
        "Restructuring And Mergern Acquisition": 450000.0,
        "Net Non Operating Interest Income Expense": 285000.0,
        "Interest Expense Non Operating": 197000.0,
        "Interest Income Non Operating": 482000.0,
        "Operating Income": -12190000.0,
        "Operating Expense": 12190000.0,
        "Research And Development": 7296000.0,
        "Selling General And Administration": 4894000.0,
        "General And Administrative Expense": 4894000.0,
        "Other Gand A": 4894000.0,
        "Total Revenue": 0.0,
        "Operating Revenue": 0.0
    }
}