{
    "2023-06-30": {
        "Tax Effect Of Unusual Items": NaN,
        "Tax Rate For Calcs": NaN,
        "Normalized EBITDA": NaN,
        "Total Unusual Items": NaN,
        "Total Unusual Items Excluding Goodwill": NaN,
        "Net Income From Continuing Operation Net Minority Interest": NaN,
        "Reconciled Depreciation": NaN,
        "Reconciled Cost Of Revenue": NaN,
        "EBITDA": NaN,
        "EBIT": NaN,
        "Net Interest Income": NaN,
        "Interest Expense": NaN,
        "Normalized Income": NaN,
        "Net Income From Continuing And Discontinued Operation": NaN,
        "Total Expenses": NaN,
        "Total Operating Income As Reported": NaN,
        "Diluted Average Shares": 575630760.0,
        "Basic Average Shares": 575630760.0,
        "Diluted EPS": NaN,
        "Basic EPS": NaN,
        "Diluted NI Availto Com Stockholders": NaN,
        "Average Dilution Earnings": NaN,
        "Net Income Common Stockholders": NaN,
        "Preferred Stock Dividends": NaN,
        "Net Income": NaN,
        "Net Income Including Noncontrolling Interests": NaN,
        "Net Income Continuous Operations": NaN,
        "Tax Provision": NaN,
        "Pretax Income": NaN,
        "Other Income Expense": NaN,
        "Other Non Operating Income Expenses": NaN,
        "Special Income Charges": NaN,
        "Gain On Sale Of Ppe": NaN,
        "Impairment Of Capital Assets": NaN,
        "Net Non Operating Interest Income Expense": NaN,
        "Interest Expense Non Operating": NaN,
        "Operating Income": NaN,
        "Operating Expense": NaN,
        "Selling General And Administration": NaN,
        "Gross Profit": NaN,
        "Cost Of Revenue": NaN,
        "Total Revenue": NaN,
        "Operating Revenue": NaN
    },
    "2023-05-31": {
        "Tax Effect Of Unusual Items": NaN,
        "Tax Rate For Calcs": NaN,
        "Normalized EBITDA": NaN,
        "Total Unusual Items": NaN,
        "Total Unusual Items Excluding Goodwill": NaN,
        "Net Income From Continuing Operation Net Minority Interest": NaN,
        "Reconciled Depreciation": NaN,
        "Reconciled Cost Of Revenue": NaN,
        "EBITDA": NaN,
        "EBIT": NaN,
        "Net Interest Income": NaN,
        "Interest Expense": NaN,
        "Normalized Income": NaN,
        "Net Income From Continuing And Discontinued Operation": NaN,
        "Total Expenses": NaN,
        "Total Operating Income As Reported": NaN,
        "Diluted Average Shares": NaN,
        "Basic Average Shares": NaN,
        "Diluted EPS": NaN,
        "Basic EPS": NaN,
        "Diluted NI Availto Com Stockholders": NaN,
        "Average Dilution Earnings": NaN,
        "Net Income Common Stockholders": NaN,
        "Preferred Stock Dividends": 700000.0,
        "Net Income": NaN,
        "Net Income Including Noncontrolling Interests": NaN,
        "Net Income Continuous Operations": NaN,
        "Tax Provision": NaN,
        "Pretax Income": NaN,
        "Other Income Expense": NaN,
        "Other Non Operating Income Expenses": NaN,
        "Special Income Charges": NaN,
        "Gain On Sale Of Ppe": NaN,
        "Impairment Of Capital Assets": NaN,
        "Net Non Operating Interest Income Expense": NaN,
        "Interest Expense Non Operating": NaN,
        "Operating Income": NaN,
        "Operating Expense": NaN,
        "Selling General And Administration": NaN,
        "Gross Profit": NaN,
        "Cost Of Revenue": NaN,
        "Total Revenue": NaN,
        "Operating Revenue": NaN
    },
    "2023-02-28": {
        "Tax Effect Of Unusual Items": NaN,
        "Tax Rate For Calcs": NaN,
        "Normalized EBITDA": NaN,
        "Total Unusual Items": NaN,
        "Total Unusual Items Excluding Goodwill": NaN,
        "Net Income From Continuing Operation Net Minority Interest": NaN,
        "Reconciled Depreciation": NaN,
        "Reconciled Cost Of Revenue": NaN,
        "EBITDA": NaN,
        "EBIT": NaN,
        "Net Interest Income": NaN,
        "Interest Expense": NaN,
        "Normalized Income": NaN,
        "Net Income From Continuing And Discontinued Operation": NaN,
        "Total Expenses": NaN,
        "Total Operating Income As Reported": NaN,
        "Diluted Average Shares": NaN,
        "Basic Average Shares": NaN,
        "Diluted EPS": NaN,
        "Basic EPS": NaN,
        "Diluted NI Availto Com Stockholders": NaN,
        "Average Dilution Earnings": NaN,
        "Net Income Common Stockholders": NaN,
        "Preferred Stock Dividends": NaN,
        "Net Income": NaN,
        "Net Income Including Noncontrolling Interests": NaN,
        "Net Income Continuous Operations": NaN,
        "Tax Provision": NaN,
        "Pretax Income": NaN,
        "Other Income Expense": NaN,
        "Other Non Operating Income Expenses": NaN,
        "Special Income Charges": NaN,
        "Gain On Sale Of Ppe": NaN,
        "Impairment Of Capital Assets": 0.0,
        "Net Non Operating Interest Income Expense": NaN,
        "Interest Expense Non Operating": NaN,
        "Operating Income": NaN,
        "Operating Expense": NaN,
        "Selling General And Administration": NaN,
        "Gross Profit": NaN,
        "Cost Of Revenue": NaN,
        "Total Revenue": NaN,
        "Operating Revenue": NaN
    },
    "2022-11-30": {
        "Tax Effect Of Unusual Items": NaN,
        "Tax Rate For Calcs": NaN,
        "Normalized EBITDA": NaN,
        "Total Unusual Items": NaN,
        "Total Unusual Items Excluding Goodwill": NaN,
        "Net Income From Continuing Operation Net Minority Interest": NaN,
        "Reconciled Depreciation": NaN,
        "Reconciled Cost Of Revenue": NaN,
        "EBITDA": NaN,
        "EBIT": NaN,
        "Net Interest Income": NaN,
        "Interest Expense": NaN,
        "Normalized Income": NaN,
        "Net Income From Continuing And Discontinued Operation": NaN,
        "Total Expenses": NaN,
        "Total Operating Income As Reported": NaN,
        "Diluted Average Shares": NaN,
        "Basic Average Shares": NaN,
        "Diluted EPS": NaN,
        "Basic EPS": NaN,
        "Diluted NI Availto Com Stockholders": NaN,
        "Average Dilution Earnings": 0.0,
        "Net Income Common Stockholders": NaN,
        "Preferred Stock Dividends": 266400000.0,
        "Net Income": NaN,
        "Net Income Including Noncontrolling Interests": NaN,
        "Net Income Continuous Operations": NaN,
        "Tax Provision": NaN,
        "Pretax Income": NaN,
        "Other Income Expense": NaN,
        "Other Non Operating Income Expenses": NaN,
        "Special Income Charges": NaN,
        "Gain On Sale Of Ppe": NaN,
        "Impairment Of Capital Assets": 3900000.0,
        "Net Non Operating Interest Income Expense": NaN,
        "Interest Expense Non Operating": NaN,
        "Operating Income": NaN,
        "Operating Expense": NaN,
        "Selling General And Administration": NaN,
        "Gross Profit": NaN,
        "Cost Of Revenue": NaN,
        "Total Revenue": NaN,
        "Operating Revenue": NaN
    },
    "2022-08-31": {
        "Tax Effect Of Unusual Items": NaN,
        "Tax Rate For Calcs": NaN,
        "Normalized EBITDA": NaN,
        "Total Unusual Items": NaN,
        "Total Unusual Items Excluding Goodwill": NaN,
        "Net Income From Continuing Operation Net Minority Interest": NaN,
        "Reconciled Depreciation": NaN,
        "Reconciled Cost Of Revenue": NaN,
        "EBITDA": NaN,
        "EBIT": NaN,
        "Net Interest Income": NaN,
        "Interest Expense": NaN,
        "Normalized Income": NaN,
        "Net Income From Continuing And Discontinued Operation": NaN,
        "Total Expenses": NaN,
        "Total Operating Income As Reported": NaN,
        "Diluted Average Shares": NaN,
        "Basic Average Shares": NaN,
        "Diluted EPS": NaN,
        "Basic EPS": NaN,
        "Diluted NI Availto Com Stockholders": NaN,
        "Average Dilution Earnings": 19200000.0,
        "Net Income Common Stockholders": NaN,
        "Preferred Stock Dividends": 19200000.0,
        "Net Income": NaN,
        "Net Income Including Noncontrolling Interests": NaN,
        "Net Income Continuous Operations": NaN,
        "Tax Provision": NaN,
        "Pretax Income": NaN,
        "Other Income Expense": NaN,
        "Other Non Operating Income Expenses": NaN,
        "Special Income Charges": NaN,
        "Gain On Sale Of Ppe": NaN,
        "Impairment Of Capital Assets": 500000.0,
        "Gain On Sale Of Security": 14500000.0,
        "Net Non Operating Interest Income Expense": NaN,
        "Interest Expense Non Operating": NaN,
        "Operating Income": NaN,
        "Operating Expense": NaN,
        "Selling General And Administration": NaN,
        "Gross Profit": NaN,
        "Cost Of Revenue": NaN,
        "Total Revenue": NaN,
        "Operating Revenue": NaN
    },
    "2022-05-31": {
        "Tax Effect Of Unusual Items": 18103200.0,
        "Tax Rate For Calcs": 0.228,
        "Normalized EBITDA": 1433500000.0,
        "Total Unusual Items": 79400000.0,
        "Total Unusual Items Excluding Goodwill": 79400000.0,
        "Net Income From Continuing Operation Net Minority Interest": 484200000.0,
        "Reconciled Depreciation": 746500000.0,
        "Reconciled Cost Of Revenue": 16765300000.0,
        "EBIT": 766400000.0,
        "Net Interest Income": -138900000.0,
        "Interest Expense": 138900000.0,
        "Normalized Income": 422903200.0,
        "Net Income From Continuing And Discontinued Operation": 484200000.0,
        "Total Expenses": 22629600000.0,
        "Total Operating Income As Reported": 760100000.0,
        "Diluted Average Shares": 576300000.0,
        "Basic Average Shares": 513300000.0,
        "Diluted EPS": 0.84,
        "Basic EPS": 0.86,
        "Diluted NI Availto Com Stockholders": 484200000.0,
        "Average Dilution Earnings": 40600000.0,
        "Net Income Common Stockholders": 484200000.0,
        "Preferred Stock Dividends": 40600000.0,
        "Net Income": 484200000.0,
        "Net Income Including Noncontrolling Interests": 484200000.0,
        "Net Income Continuous Operations": 484200000.0,
        "Tax Provision": 143300000.0,
        "Pretax Income": 627500000.0,
        "Other Income Expense": 85700000.0,
        "Other Non Operating Income Expenses": 6300000.0,
        "Special Income Charges": 79400000.0,
        "Gain On Sale Of Ppe": 79400000.0,
        "Impairment Of Capital Assets": 600000.0,
        "Gain On Sale Of Security": 80000000.0,
        "Net Non Operating Interest Income Expense": -138900000.0,
        "Interest Expense Non Operating": 138900000.0,
        "Operating Income": 680700000.0,
        "Operating Expense": 5864300000.0,
        "Selling General And Administration": 5864300000.0,
        "Gross Profit": 6545000000.0,
        "Cost Of Revenue": 16765300000.0,
        "Total Revenue": 23310300000.0,
        "Operating Revenue": 23310300000.0
    },
    "2022-02-28": {
        "Diluted EPS": 0.66,
        "Total Revenue": NaN,
        "Gross Profit": NaN,
        "Operating Income": 664,
        "EBIT": 594,
        "Net Income": 517
    },
    "2021-11-30": {
        "Diluted EPS": 0.74,
        "Total Revenue": NaN,
        "Gross Profit": NaN,
        "Operating Income": 600,
        "EBIT": NaN,
        "Net Income": 363
    },
    "2021-08-31": {
        "Diluted EPS": 0.52,
        "Total Revenue": NaN,
        "Gross Profit": NaN,
        "Operating Income": 486,
        "EBIT": NaN,
        "Net Income": 295
    },
    "2021-05-31": {
        "Diluted EPS": 0.78,
        "Total Revenue": NaN,
        "Gross Profit": NaN,
        "Operating Income": 687,
        "EBIT": NaN,
        "Net Income": 445
    },
    "2021-02-28": {
        "Diluted EPS": -0.22,
        "Total Revenue": NaN,
        "Gross Profit": NaN,
        "Operating Income": -175,
        "EBIT": -254,
        "Net Income": -144
    },
    "2020-11-30": {
        "Diluted EPS": 0.2,
        "Total Revenue": NaN,
        "Gross Profit": NaN,
        "Operating Income": 259,
        "EBIT": 745,
        "Net Income": 124
    },
    "2020-08-31": {
        "Diluted EPS": 0.49,
        "Total Revenue": NaN,
        "Gross Profit": NaN,
        "Operating Income": 562,
        "EBIT": NaN,
        "Net Income": 285
    },
    "2020-05-31": {
        "Diluted EPS": 1.0,
        "Total Revenue": NaN,
        "Gross Profit": NaN,
        "Operating Income": 972,
        "EBIT": NaN,
        "Net Income": 586
    },
    "2020-02-29": {
        "Diluted EPS": 0.12,
        "Total Revenue": NaN,
        "Gross Profit": NaN,
        "Operating Income": 327,
        "EBIT": 892,
        "Net Income": 68
    },
    "2019-11-30": {
        "Diluted EPS": 0.09,
        "Total Revenue": NaN,
        "Gross Profit": NaN,
        "Operating Income": 207,
        "EBIT": 730,
        "Net Income": 55
    },
    "2019-08-31": {
        "Diluted EPS": 0.51,
        "Total Revenue": NaN,
        "Gross Profit": NaN,
        "Operating Income": 582,
        "EBIT": NaN,
        "Net Income": 295
    },
    "2019-05-31": {
        "Diluted EPS": 0.08,
        "Total Revenue": NaN,
        "Gross Profit": NaN,
        "Operating Income": 322,
        "EBIT": NaN,
        "Net Income": 49
    },
    "2019-02-28": {
        "Diluted EPS": 0.0,
        "Total Revenue": NaN,
        "Gross Profit": NaN,
        "Operating Income": NaN,
        "EBIT": NaN,
        "Net Income": NaN
    },
    "2018-02-28": {
        "Diluted EPS": 0.0,
        "Total Revenue": NaN,
        "Gross Profit": NaN,
        "Operating Income": NaN,
        "EBIT": NaN,
        "Net Income": NaN
    },
    "2023-07-31": {
        "Tax Effect Of Unusual Items": NaN,
        "Tax Rate For Calcs": NaN,
        "Normalized EBITDA": NaN,
        "Total Unusual Items": NaN,
        "Total Unusual Items Excluding Goodwill": NaN,
        "Net Income From Continuing Operation Net Minority Interest": NaN,
        "Reconciled Depreciation": NaN,
        "Reconciled Cost Of Revenue": NaN,
        "EBITDA": NaN,
        "EBIT": NaN,
        "Net Interest Income": NaN,
        "Interest Expense": NaN,
        "Normalized Income": NaN,
        "Net Income From Continuing And Discontinued Operation": NaN,
        "Total Expenses": NaN,
        "Total Operating Income As Reported": NaN,
        "Diluted Average Shares": 580100000.0,
        "Basic Average Shares": 573700000.0,
        "Diluted EPS": 0.72,
        "Basic EPS": 0.73,
        "Diluted NI Availto Com Stockholders": NaN,
        "Average Dilution Earnings": NaN,
        "Net Income Common Stockholders": NaN,
        "Preferred Stock Dividends": NaN,
        "Net Income": NaN,
        "Net Income Including Noncontrolling Interests": NaN,
        "Net Income Continuous Operations": NaN,
        "Tax Provision": NaN,
        "Pretax Income": NaN,
        "Other Income Expense": NaN,
        "Other Non Operating Income Expenses": NaN,
        "Special Income Charges": NaN,
        "Gain On Sale Of Ppe": NaN,
        "Impairment Of Capital Assets": NaN,
        "Net Non Operating Interest Income Expense": NaN,
        "Interest Expense Non Operating": NaN,
        "Operating Income": NaN,
        "Operating Expense": NaN,
        "Selling General And Administration": NaN,
        "Gross Profit": NaN,
        "Cost Of Revenue": NaN,
        "Total Revenue": NaN,
        "Operating Revenue": NaN
    },
    "2022-07-31": {
        "Tax Effect Of Unusual Items": 18132302.788845,
        "Tax Rate For Calcs": 0.228367,
        "Normalized EBITDA": 1433500000.0,
        "Total Unusual Items": 79400000.0,
        "Total Unusual Items Excluding Goodwill": 79400000.0,
        "Net Income From Continuing Operation Net Minority Interest": 484200000.0,
        "Reconciled Depreciation": 746500000.0,
        "Reconciled Cost Of Revenue": 16765300000.0,
        "EBITDA": 1512900000.0,
        "EBIT": 766400000.0,
        "Net Interest Income": -138900000.0,
        "Interest Expense": 138900000.0,
        "Normalized Income": 422932302.788845,
        "Net Income From Continuing And Discontinued Operation": 484200000.0,
        "Total Expenses": 22629600000.0,
        "Total Operating Income As Reported": 760100000.0,
        "Diluted Average Shares": 576300000.0,
        "Basic Average Shares": 513300000.0,
        "Diluted EPS": 0.84,
        "Basic EPS": 0.86,
        "Diluted NI Availto Com Stockholders": 484200000.0,
        "Average Dilution Earnings": NaN,
        "Net Income Common Stockholders": 484200000.0,
        "Preferred Stock Dividends": NaN,
        "Net Income": 484200000.0,
        "Net Income Including Noncontrolling Interests": 484200000.0,
        "Net Income Continuous Operations": 484200000.0,
        "Tax Provision": 143300000.0,
        "Pretax Income": 627500000.0,
        "Other Income Expense": 85700000.0,
        "Other Non Operating Income Expenses": 6300000.0,
        "Special Income Charges": 79400000.0,
        "Gain On Sale Of Ppe": 79400000.0,
        "Impairment Of Capital Assets": NaN,
        "Gain On Sale Of Security": NaN,
        "Net Non Operating Interest Income Expense": -138900000.0,
        "Interest Expense Non Operating": 138900000.0,
        "Operating Income": 680700000.0,
        "Operating Expense": 5864300000.0,
        "Selling General And Administration": 5864300000.0,
        "Gross Profit": 6545000000.0,
        "Cost Of Revenue": 16765300000.0,
        "Total Revenue": 23310300000.0,
        "Operating Revenue": 23310300000.0
    },
    "2023-08-31": {
        "Tax Effect Of Unusual Items": NaN,
        "Tax Rate For Calcs": NaN,
        "Normalized EBITDA": NaN,
        "Total Unusual Items": NaN,
        "Total Unusual Items Excluding Goodwill": NaN,
        "Net Income From Continuing Operation Net Minority Interest": NaN,
        "Reconciled Depreciation": NaN,
        "Reconciled Cost Of Revenue": NaN,
        "EBITDA": NaN,
        "EBIT": NaN,
        "Net Interest Income": NaN,
        "Interest Expense": NaN,
        "Normalized Income": NaN,
        "Net Income From Continuing And Discontinued Operation": NaN,
        "Total Expenses": NaN,
        "Total Operating Income As Reported": NaN,
        "Diluted Average Shares": NaN,
        "Basic Average Shares": NaN,
        "Diluted EPS": NaN,
        "Basic EPS": NaN,
        "Diluted NI Availto Com Stockholders": NaN,
        "Average Dilution Earnings": 0.0,
        "Net Income Common Stockholders": NaN,
        "Preferred Stock Dividends": NaN,
        "Net Income": NaN,
        "Net Income Including Noncontrolling Interests": NaN,
        "Net Income Continuous Operations": NaN,
        "Tax Provision": NaN,
        "Pretax Income": NaN,
        "Other Income Expense": NaN,
        "Other Non Operating Income Expenses": NaN,
        "Special Income Charges": NaN,
        "Gain On Sale Of Ppe": NaN,
        "Impairment Of Capital Assets": NaN,
        "Net Non Operating Interest Income Expense": NaN,
        "Interest Expense Non Operating": NaN,
        "Operating Income": NaN,
        "Operating Expense": NaN,
        "Selling General And Administration": NaN,
        "Gross Profit": NaN,
        "Cost Of Revenue": NaN,
        "Total Revenue": NaN,
        "Operating Revenue": NaN
    },
    "2023-11-30": {
        "Tax Effect Of Unusual Items": NaN,
        "Tax Rate For Calcs": NaN,
        "Normalized EBITDA": NaN,
        "Total Unusual Items": NaN,
        "Total Unusual Items Excluding Goodwill": NaN,
        "Net Income From Continuing Operation Net Minority Interest": NaN,
        "Reconciled Depreciation": NaN,
        "Reconciled Cost Of Revenue": NaN,
        "EBITDA": NaN,
        "EBIT": NaN,
        "Net Interest Income": NaN,
        "Interest Expense": NaN,
        "Normalized Income": NaN,
        "Net Income From Continuing And Discontinued Operation": NaN,
        "Total Expenses": NaN,
        "Total Operating Income As Reported": NaN,
        "Diluted Average Shares": NaN,
        "Basic Average Shares": NaN,
        "Diluted EPS": NaN,
        "Basic EPS": NaN,
        "Diluted NI Availto Com Stockholders": NaN,
        "Average Dilution Earnings": 0.0,
        "Net Income Common Stockholders": NaN,
        "Preferred Stock Dividends": NaN,
        "Net Income": NaN,
        "Net Income Including Noncontrolling Interests": NaN,
        "Net Income Continuous Operations": NaN,
        "Tax Provision": NaN,
        "Pretax Income": NaN,
        "Other Income Expense": NaN,
        "Other Non Operating Income Expenses": NaN,
        "Special Income Charges": NaN,
        "Gain On Sale Of Ppe": NaN,
        "Impairment Of Capital Assets": NaN,
        "Net Non Operating Interest Income Expense": NaN,
        "Interest Expense Non Operating": NaN,
        "Operating Income": NaN,
        "Operating Expense": NaN,
        "Selling General And Administration": NaN,
        "Gross Profit": NaN,
        "Cost Of Revenue": NaN,
        "Total Revenue": NaN,
        "Operating Revenue": NaN
    },
    "2024-02-29": {
        "Tax Effect Of Unusual Items": NaN,
        "Tax Rate For Calcs": NaN,
        "Normalized EBITDA": NaN,
        "Total Unusual Items": NaN,
        "Total Unusual Items Excluding Goodwill": NaN,
        "Net Income From Continuing Operation Net Minority Interest": NaN,
        "Reconciled Depreciation": NaN,
        "Reconciled Cost Of Revenue": NaN,
        "EBITDA": NaN,
        "EBIT": NaN,
        "Net Interest Income": NaN,
        "Interest Expense": NaN,
        "Normalized Income": NaN,
        "Net Income From Continuing And Discontinued Operation": NaN,
        "Total Expenses": NaN,
        "Total Operating Income As Reported": NaN,
        "Diluted Average Shares": NaN,
        "Basic Average Shares": NaN,
        "Diluted EPS": NaN,
        "Basic EPS": NaN,
        "Diluted NI Availto Com Stockholders": NaN,
        "Average Dilution Earnings": NaN,
        "Net Income Common Stockholders": NaN,
        "Preferred Stock Dividends": 0.0,
        "Net Income": NaN,
        "Net Income Including Noncontrolling Interests": NaN,
        "Net Income Continuous Operations": NaN,
        "Tax Provision": NaN,
        "Pretax Income": NaN,
        "Other Income Expense": NaN,
        "Other Non Operating Income Expenses": NaN,
        "Special Income Charges": NaN,
        "Gain On Sale Of Ppe": NaN,
        "Write Off": NaN,
        "Impairment Of Capital Assets": NaN,
        "Net Non Operating Interest Income Expense": NaN,
        "Interest Expense Non Operating": NaN,
        "Operating Income": NaN,
        "Operating Expense": NaN,
        "Selling General And Administration": NaN,
        "Gross Profit": NaN,
        "Cost Of Revenue": NaN,
        "Total Revenue": NaN,
        "Operating Revenue": NaN
    },
    "2024-05-31": {
        "Tax Effect Of Unusual Items": NaN,
        "Tax Rate For Calcs": NaN,
        "Normalized EBITDA": NaN,
        "Total Unusual Items": NaN,
        "Total Unusual Items Excluding Goodwill": NaN,
        "Net Income From Continuing Operation Net Minority Interest": NaN,
        "Reconciled Depreciation": NaN,
        "Reconciled Cost Of Revenue": NaN,
        "EBITDA": NaN,
        "EBIT": NaN,
        "Net Interest Income": NaN,
        "Interest Expense": NaN,
        "Normalized Income": NaN,
        "Net Income From Continuing And Discontinued Operation": NaN,
        "Total Expenses": NaN,
        "Total Operating Income As Reported": NaN,
        "Diluted Average Shares": NaN,
        "Basic Average Shares": NaN,
        "Diluted EPS": NaN,
        "Basic EPS": NaN,
        "Diluted NI Availto Com Stockholders": NaN,
        "Average Dilution Earnings": 0.0,
        "Net Income Common Stockholders": NaN,
        "Net Income": NaN,
        "Net Income Including Noncontrolling Interests": NaN,
        "Net Income Continuous Operations": NaN,
        "Tax Provision": NaN,
        "Pretax Income": NaN,
        "Other Income Expense": NaN,
        "Other Non Operating Income Expenses": NaN,
        "Special Income Charges": NaN,
        "Gain On Sale Of Ppe": NaN,
        "Write Off": NaN,
        "Impairment Of Capital Assets": NaN,
        "Net Non Operating Interest Income Expense": NaN,
        "Interest Expense Non Operating": NaN,
        "Operating Income": NaN,
        "Operating Expense": NaN,
        "Selling General And Administration": NaN,
        "Gross Profit": NaN,
        "Cost Of Revenue": NaN,
        "Total Revenue": NaN,
        "Operating Revenue": NaN
    },
    "2024-08-31": {
        "Tax Effect Of Unusual Items": NaN,
        "Tax Rate For Calcs": NaN,
        "Normalized EBITDA": NaN,
        "Total Unusual Items": NaN,
        "Total Unusual Items Excluding Goodwill": NaN,
        "Net Income From Continuing Operation Net Minority Interest": NaN,
        "Reconciled Depreciation": NaN,
        "Reconciled Cost Of Revenue": NaN,
        "EBITDA": NaN,
        "EBIT": NaN,
        "Net Interest Income": NaN,
        "Interest Expense": NaN,
        "Normalized Income": NaN,
        "Net Income From Continuing And Discontinued Operation": NaN,
        "Total Expenses": NaN,
        "Total Operating Income As Reported": NaN,
        "Diluted Average Shares": NaN,
        "Basic Average Shares": NaN,
        "Diluted EPS": NaN,
        "Basic EPS": NaN,
        "Diluted NI Availto Com Stockholders": NaN,
        "Average Dilution Earnings": 0.0,
        "Net Income Common Stockholders": NaN,
        "Net Income": NaN,
        "Net Income Including Noncontrolling Interests": NaN,
        "Net Income Continuous Operations": NaN,
        "Tax Provision": NaN,
        "Pretax Income": NaN,
        "Other Income Expense": NaN,
        "Other Non Operating Income Expenses": NaN,
        "Special Income Charges": NaN,
        "Gain On Sale Of Ppe": NaN,
        "Write Off": NaN,
        "Impairment Of Capital Assets": 53300000.0,
        "Net Non Operating Interest Income Expense": NaN,
        "Interest Expense Non Operating": NaN,
        "Operating Income": NaN,
        "Operating Expense": NaN,
        "Selling General And Administration": NaN,
        "Gross Profit": NaN,
        "Cost Of Revenue": NaN,
        "Total Revenue": NaN,
        "Operating Revenue": NaN
    },
    "2024-11-30": {
        "Tax Effect Of Unusual Items": -357000.0,
        "Tax Rate For Calcs": 0.035,
        "Normalized EBITDA": 1115000000.0,
        "Total Unusual Items": -10200000.0,
        "Total Unusual Items Excluding Goodwill": -10200000.0,
        "Net Income From Continuing Operation Net Minority Interest": 400600000.0,
        "Reconciled Depreciation": 580700000.0,
        "Reconciled Cost Of Revenue": 13528100000.0,
        "EBITDA": 1104800000.0,
        "EBIT": 524100000.0,
        "Net Interest Income": -109000000.0,
        "Interest Expense": 109000000.0,
        "Normalized Income": 410443000.0,
        "Net Income From Continuing And Discontinued Operation": 400600000.0,
        "Total Expenses": 18245800000.0,
        "Total Operating Income As Reported": 518500000.0,
        "Diluted Average Shares": 584100000.0,
        "Basic Average Shares": 580200000.0,
        "Diluted EPS": 0.69,
        "Basic EPS": 0.69,
        "Diluted NI Availto Com Stockholders": 400600000.0,
        "Average Dilution Earnings": 0.0,
        "Net Income Common Stockholders": 400600000.0,
        "Net Income": 400600000.0,
        "Net Income Including Noncontrolling Interests": 400600000.0,
        "Net Income Continuous Operations": 400600000.0,
        "Tax Provision": 14500000.0,
        "Pretax Income": 415100000.0,
        "Other Income Expense": -4600000.0,
        "Other Non Operating Income Expenses": 5600000.0,
        "Special Income Charges": -10200000.0,
        "Gain On Sale Of Ppe": -10200000.0,
        "Write Off": NaN,
        "Impairment Of Capital Assets": NaN,
        "Net Non Operating Interest Income Expense": -109000000.0,
        "Interest Expense Non Operating": 109000000.0,
        "Operating Income": 528700000.0,
        "Operating Expense": 4717700000.0,
        "Selling General And Administration": 4717700000.0,
        "Gross Profit": 5246400000.0,
        "Cost Of Revenue": 13528100000.0,
        "Total Revenue": 18774500000.0,
        "Operating Revenue": 18502200000.0
    },
    "2025-02-28": {
        "Tax Effect Of Unusual Items": -7740421.631531,
        "Tax Rate For Calcs": 0.212649,
        "Normalized EBITDA": 930100000.0,
        "Total Unusual Items": -36400000.0,
        "Total Unusual Items Excluding Goodwill": -36400000.0,
        "Net Income From Continuing Operation Net Minority Interest": 171800000.0,
        "Reconciled Depreciation": 580200000.0,
        "Reconciled Cost Of Revenue": 13650500000.0,
        "EBITDA": 893700000.0,
        "EBIT": 313500000.0,
        "Net Interest Income": -101500000.0,
        "Interest Expense": 95300000.0,
        "Normalized Income": 200459578.368469,
        "Net Income From Continuing And Discontinued Operation": 171800000.0,
        "Total Expenses": 18487100000.0,
        "Total Operating Income As Reported": 276000000.0,
        "Diluted Average Shares": 584400000.0,
        "Basic Average Shares": 579600000.0,
        "Diluted EPS": 0.29,
        "Basic EPS": 0.3,
        "Diluted NI Availto Com Stockholders": 171800000.0,
        "Average Dilution Earnings": 0.0,
        "Net Income Common Stockholders": 171800000.0,
        "Net Income": 171800000.0,
        "Net Income Including Noncontrolling Interests": 171800000.0,
        "Net Income Continuous Operations": 171800000.0,
        "Tax Provision": 46400000.0,
        "Pretax Income": 218200000.0,
        "Other Income Expense": 7300000.0,
        "Other Non Operating Income Expenses": 43700000.0,
        "Special Income Charges": -36400000.0,
        "Gain On Sale Of Ppe": 67800000.0,
        "Write Off": NaN,
        "Impairment Of Capital Assets": NaN,
        "Net Non Operating Interest Income Expense": -101500000.0,
        "Interest Expense Non Operating": 95300000.0,
        "Operating Income": 312400000.0,
        "Operating Expense": 4836600000.0,
        "Selling General And Administration": 4836600000.0,
        "Gross Profit": 5149000000.0,
        "Cost Of Revenue": 13650500000.0,
        "Total Revenue": 18799500000.0,
        "Operating Revenue": 18517400000.0
    },
    "2025-05-31": {
        "Tax Effect Of Unusual Items": 7683044.315992,
        "Tax Rate For Calcs": 0.240848,
        "Normalized EBITDA": 1208100000.0,
        "Total Unusual Items": 31900000.0,
        "Total Unusual Items Excluding Goodwill": 31900000.0,
        "Net Income From Continuing Operation Net Minority Interest": 236400000.0,
        "Reconciled Depreciation": 786800000.0,
        "Reconciled Cost Of Revenue": 18142500000.0,
        "EBITDA": 1240000000.0,
        "EBIT": 453200000.0,
        "Net Interest Income": -141800000.0,
        "Interest Expense": 141800000.0,
        "Normalized Income": 212183044.315992,
        "Net Income From Continuing And Discontinued Operation": 236400000.0,
        "Total Expenses": 24463400000.0,
        "Total Operating Income As Reported": 449300000.0,
        "Diluted Average Shares": 575400000.0,
        "Basic Average Shares": 573000000.0,
        "Diluted EPS": 0.41,
        "Basic EPS": 0.41,
        "Diluted NI Availto Com Stockholders": 236400000.0,
        "Average Dilution Earnings": NaN,
        "Net Income Common Stockholders": 236400000.0,
        "Net Income": 236400000.0,
        "Net Income Including Noncontrolling Interests": 236400000.0,
        "Net Income Continuous Operations": 236400000.0,
        "Tax Provision": 75000000.0,
        "Pretax Income": 311400000.0,
        "Other Income Expense": 35800000.0,
        "Other Non Operating Income Expenses": 3900000.0,
        "Special Income Charges": 31900000.0,
        "Gain On Sale Of Ppe": 45500000.0,
        "Write Off": NaN,
        "Impairment Of Capital Assets": 13600000.0,
        "Net Non Operating Interest Income Expense": -141800000.0,
        "Interest Expense Non Operating": 141800000.0,
        "Operating Income": 417400000.0,
        "Operating Expense": 6320900000.0,
        "Selling General And Administration": 6320900000.0,
        "Gross Profit": 6738300000.0,
        "Cost Of Revenue": 18142500000.0,
        "Total Revenue": 24880800000.0,
        "Operating Revenue": 24513400000.0
    },
    "2025-08-31": {
        "Tax Effect Of Unusual Items": -1025200.0,
        "Tax Rate For Calcs": 0.233,
        "Normalized EBITDA": 926100000.0,
        "Total Unusual Items": -4400000.0,
        "Total Unusual Items Excluding Goodwill": -4400000.0,
        "Net Income From Continuing Operation Net Minority Interest": 168500000.0,
        "Reconciled Depreciation": 596700000.0,
        "Reconciled Cost Of Revenue": 13809200000.0,
        "EBITDA": 921700000.0,
        "EBIT": 325000000.0,
        "Net Interest Income": -105300000.0,
        "Interest Expense": 105300000.0,
        "Normalized Income": 171874800.0,
        "Net Income From Continuing And Discontinued Operation": 168500000.0,
        "Total Expenses": 18616100000.0,
        "Total Operating Income As Reported": 295300000.0,
        "Diluted Average Shares": 562500000.0,
        "Basic Average Shares": 559700000.0,
        "Diluted EPS": 0.3,
        "Basic EPS": 0.3,
        "Diluted NI Availto Com Stockholders": 168500000.0,
        "Average Dilution Earnings": NaN,
        "Net Income Common Stockholders": 168500000.0,
        "Net Income": 168500000.0,
        "Net Income Including Noncontrolling Interests": 168500000.0,
        "Net Income Continuous Operations": 168500000.0,
        "Tax Provision": 51200000.0,
        "Pretax Income": 219700000.0,
        "Other Income Expense": 25300000.0,
        "Other Non Operating Income Expenses": 29700000.0,
        "Special Income Charges": -4400000.0,
        "Gain On Sale Of Ppe": 2000000.0,
        "Write Off": 200000.0,
        "Impairment Of Capital Assets": 6200000.0,
        "Net Non Operating Interest Income Expense": -105300000.0,
        "Interest Expense Non Operating": 105300000.0,
        "Operating Income": 299700000.0,
        "Operating Expense": 4806900000.0,
        "Selling General And Administration": 4806900000.0,
        "Gross Profit": 5106600000.0,
        "Cost Of Revenue": 13809200000.0,
        "Total Revenue": 18915800000.0,
        "Operating Revenue": 18615200000.0
    },
    "2025-11-30": {
        "Tax Effect Of Unusual Items": 267600.0,
        "Tax Rate For Calcs": 0.223,
        "Normalized EBITDA": 1088500000.0,
        "Total Unusual Items": 1200000.0,
        "Total Unusual Items Excluding Goodwill": 1200000.0,
        "Net Income From Continuing Operation Net Minority Interest": 293300000.0,
        "Reconciled Depreciation": 596000000.0,
        "Reconciled Cost Of Revenue": 13874900000.0,
        "EBITDA": 1089700000.0,
        "EBIT": 493700000.0,
        "Net Interest Income": -116000000.0,
        "Interest Expense": 116000000.0,
        "Normalized Income": 292367600.0,
        "Net Income From Continuing And Discontinued Operation": 293300000.0,
        "Total Expenses": 18635200000.0,
        "Total Operating Income As Reported": 489700000.0,
        "Diluted Average Shares": 534700000.0,
        "Basic Average Shares": 531900000.0,
        "Diluted EPS": 0.55,
        "Basic EPS": 0.55,
        "Diluted NI Availto Com Stockholders": 293300000.0,
        "Average Dilution Earnings": NaN,
        "Net Income Common Stockholders": 293300000.0,
        "Net Income": 293300000.0,
        "Net Income Including Noncontrolling Interests": 293300000.0,
        "Net Income Continuous Operations": 293300000.0,
        "Tax Provision": 84400000.0,
        "Pretax Income": 377700000.0,
        "Other Income Expense": 5200000.0,
        "Other Non Operating Income Expenses": 4000000.0,
        "Special Income Charges": 1200000.0,
        "Gain On Sale Of Ppe": 1200000.0,
        "Write Off": NaN,
        "Impairment Of Capital Assets": NaN,
        "Net Non Operating Interest Income Expense": -116000000.0,
        "Interest Expense Non Operating": 116000000.0,
        "Operating Income": 488500000.0,
        "Operating Expense": 4760300000.0,
        "Selling General And Administration": 4760300000.0,
        "Gross Profit": 5248800000.0,
        "Cost Of Revenue": 13874900000.0,
        "Total Revenue": 19123700000.0,
        "Operating Revenue": 18818600000.0
    }
}