{
    "2023-03-31": {
        "Tax Effect Of Unusual Items": -975784.163764,
        "Tax Rate For Calcs": 0.245604,
        "Normalized EBITDA": 257897000.0,
        "Total Unusual Items": -3973000.0,
        "Total Unusual Items Excluding Goodwill": -3973000.0,
        "Net Income From Continuing Operation Net Minority Interest": 118390000.0,
        "Reconciled Depreciation": 44189000.0,
        "Reconciled Cost Of Revenue": 3262078000.0,
        "EBITDA": 253924000.0,
        "EBIT": 209735000.0,
        "Net Interest Income": -32568000.0,
        "Interest Expense": 42372000.0,
        "Interest Income": 9804000.0,
        "Normalized Income": 121387215.836236,
        "Net Income From Continuing And Discontinued Operation": 76615000.0,
        "Total Expenses": 3296225000.0,
        "Total Operating Income As Reported": 197430000.0,
        "Diluted Average Shares": 140335000.0,
        "Basic Average Shares": 138927000.0,
        "Diluted EPS": 0.55,
        "Basic EPS": 0.55,
        "Diluted NI Availto Com Stockholders": 76615000.0,
        "Net Income Common Stockholders": 76615000.0,
        "Net Income": 76615000.0,
        "Minority Interests": -7868000.0,
        "Net Income Including Noncontrolling Interests": 84483000.0,
        "Net Income Discontinuous Operations": -41775000.0,
        "Net Income Continuous Operations": 126258000.0,
        "Tax Provision": 41105000.0,
        "Pretax Income": 167363000.0,
        "Other Income Expense": 5984000.0,
        "Other Non Operating Income Expenses": 2501000.0,
        "Special Income Charges": -3973000.0,
        "Restructuring And Mergern Acquisition": 3973000.0,
        "Earnings From Equity Interest": 7456000.0,
        "Net Non Operating Interest Income Expense": -32568000.0,
        "Interest Expense Non Operating": 42372000.0,
        "Interest Income Non Operating": 9804000.0,
        "Operating Income": 193947000.0,
        "Operating Expense": 34147000.0,
        "Selling General And Administration": 34147000.0,
        "General And Administrative Expense": 34147000.0,
        "Other Gand A": 34147000.0,
        "Gross Profit": 228094000.0,
        "Cost Of Revenue": 3262078000.0,
        "Total Revenue": 3490172000.0,
        "Operating Revenue": 3490172000.0
    },
    "2022-12-31": {
        "Tax Effect Of Unusual Items": -7866390.0,
        "Tax Rate For Calcs": 0.21,
        "Normalized EBITDA": 240672000.0,
        "Total Unusual Items": -37459000.0,
        "Total Unusual Items Excluding Goodwill": -37459000.0,
        "Net Income From Continuing Operation Net Minority Interest": 88333000.0,
        "Reconciled Depreciation": 43597000.0,
        "Reconciled Cost Of Revenue": 3167367000.0,
        "EBITDA": 203213000.0,
        "EBIT": 159616000.0,
        "Net Interest Income": -30814000.0,
        "Interest Expense": 36700000.0,
        "Interest Income": 5886000.0,
        "Normalized Income": 117925610.0,
        "Net Income From Continuing And Discontinued Operation": 87945000.0,
        "Total Expenses": 3202979000.0,
        "Total Operating Income As Reported": 151746000.0,
        "Diluted Average Shares": 140642000.0,
        "Basic Average Shares": 138687000.0,
        "Diluted EPS": 0.63,
        "Basic EPS": 0.63,
        "Diluted NI Availto Com Stockholders": 87945000.0,
        "Net Income Common Stockholders": 87945000.0,
        "Net Income": 87945000.0,
        "Minority Interests": -8818000.0,
        "Net Income Including Noncontrolling Interests": 96763000.0,
        "Net Income Discontinuous Operations": -388000.0,
        "Net Income Continuous Operations": 97151000.0,
        "Tax Provision": 25765000.0,
        "Pretax Income": 122916000.0,
        "Other Income Expense": -25646000.0,
        "Other Non Operating Income Expenses": 1984000.0,
        "Special Income Charges": -37459000.0,
        "Restructuring And Mergern Acquisition": 37459000.0,
        "Earnings From Equity Interest": 9829000.0,
        "Net Non Operating Interest Income Expense": -30814000.0,
        "Interest Expense Non Operating": 36700000.0,
        "Interest Income Non Operating": 5886000.0,
        "Operating Income": 179376000.0,
        "Operating Expense": 35612000.0,
        "Selling General And Administration": 35612000.0,
        "General And Administrative Expense": 35612000.0,
        "Other Gand A": 35612000.0,
        "Gross Profit": 214988000.0,
        "Cost Of Revenue": 3167367000.0,
        "Total Revenue": 3382355000.0,
        "Operating Revenue": 3382355000.0
    },
    "2022-09-30": {
        "Tax Effect Of Unusual Items": -3966760.97561,
        "Tax Rate For Calcs": 0.213565,
        "Normalized EBITDA": 206241000.0,
        "Total Unusual Items": -18574000.0,
        "Total Unusual Items Excluding Goodwill": -18574000.0,
        "Net Income From Continuing Operation Net Minority Interest": 114013000.0,
        "Reconciled Depreciation": 44281000.0,
        "Reconciled Cost Of Revenue": 3208845000.0,
        "EBITDA": 187667000.0,
        "EBIT": 187667000.0,
        "Net Interest Income": -33302000.0,
        "Interest Expense": 33302000.0,
        "Interest Income": NaN,
        "Normalized Income": 128620239.02439,
        "Net Income From Continuing And Discontinued Operation": 105618000.0,
        "Total Expenses": 3249789000.0,
        "Total Operating Income As Reported": 184032000.0,
        "Diluted Average Shares": 141344000.0,
        "Basic Average Shares": 139626000.0,
        "Diluted EPS": 0.75,
        "Basic EPS": 0.76,
        "Diluted NI Availto Com Stockholders": 105618000.0,
        "Net Income Common Stockholders": 105618000.0,
        "Net Income": 105618000.0,
        "Minority Interests": -7385000.0,
        "Net Income Including Noncontrolling Interests": 113003000.0,
        "Net Income Discontinuous Operations": -8395000.0,
        "Net Income Continuous Operations": 121398000.0,
        "Tax Provision": 32967000.0,
        "Pretax Income": 154365000.0,
        "Other Income Expense": 11343000.0,
        "Other Non Operating Income Expenses": 3635000.0,
        "Special Income Charges": -18574000.0,
        "Restructuring And Mergern Acquisition": 18574000.0,
        "Earnings From Equity Interest": 26282000.0,
        "Net Non Operating Interest Income Expense": -33302000.0,
        "Interest Expense Non Operating": 33302000.0,
        "Interest Income Non Operating": NaN,
        "Operating Income": 176324000.0,
        "Operating Expense": 40944000.0,
        "Selling General And Administration": 40944000.0,
        "General And Administrative Expense": 40944000.0,
        "Other Gand A": 40944000.0,
        "Gross Profit": 217268000.0,
        "Cost Of Revenue": 3208845000.0,
        "Total Revenue": 3426113000.0,
        "Operating Revenue": 3426113000.0
    },
    "2022-06-30": {
        "Tax Effect Of Unusual Items": -3414212.561051,
        "Tax Rate For Calcs": 0.278393,
        "Normalized EBITDA": 199587000.0,
        "Total Unusual Items": -12264000.0,
        "Total Unusual Items Excluding Goodwill": -12264000.0,
        "Net Income From Continuing Operation Net Minority Interest": 105369000.0,
        "Reconciled Depreciation": 41429000.0,
        "Reconciled Cost Of Revenue": 3021145000.0,
        "EBITDA": 187323000.0,
        "EBIT": 187323000.0,
        "Net Interest Income": -27416000.0,
        "Interest Expense": 27416000.0,
        "Interest Income": NaN,
        "Normalized Income": 114218787.438949,
        "Net Income From Continuing And Discontinued Operation": 101888000.0,
        "Total Expenses": 3053911000.0,
        "Total Operating Income As Reported": 183009000.0,
        "Diluted Average Shares": 142178000.0,
        "Basic Average Shares": 140608000.0,
        "Diluted EPS": 0.72,
        "Basic EPS": 0.72,
        "Diluted NI Availto Com Stockholders": 101888000.0,
        "Net Income Common Stockholders": 101888000.0,
        "Net Income": 101888000.0,
        "Minority Interests": -10021000.0,
        "Net Income Including Noncontrolling Interests": 111909000.0,
        "Net Income Discontinuous Operations": -3481000.0,
        "Net Income Continuous Operations": 115390000.0,
        "Tax Provision": 44517000.0,
        "Pretax Income": 159907000.0,
        "Other Income Expense": -461000.0,
        "Other Non Operating Income Expenses": 4314000.0,
        "Special Income Charges": -12264000.0,
        "Restructuring And Mergern Acquisition": 12264000.0,
        "Earnings From Equity Interest": 7489000.0,
        "Net Non Operating Interest Income Expense": -27416000.0,
        "Interest Expense Non Operating": 27416000.0,
        "Interest Income Non Operating": NaN,
        "Operating Income": 187784000.0,
        "Operating Expense": 32766000.0,
        "Selling General And Administration": 32766000.0,
        "General And Administrative Expense": 32766000.0,
        "Other Gand A": 32766000.0,
        "Gross Profit": 220550000.0,
        "Cost Of Revenue": 3021145000.0,
        "Total Revenue": 3241695000.0,
        "Operating Revenue": 3241695000.0
    },
    "2022-03-31": {
        "Diluted EPS": 0.29,
        "Total Revenue": NaN,
        "Gross Profit": 210,
        "Operating Income": 111,
        "EBIT": 155,
        "Net Income": 42
    },
    "2021-12-31": {
        "Diluted EPS": 0.43,
        "Total Revenue": NaN,
        "Gross Profit": 200,
        "Operating Income": 168,
        "EBIT": 210,
        "Net Income": 62
    },
    "2021-09-30": {
        "Diluted EPS": 0.65,
        "Total Revenue": NaN,
        "Gross Profit": 217,
        "Operating Income": 170,
        "EBIT": 217,
        "Net Income": 96
    },
    "2021-06-30": {
        "Diluted EPS": 0.08,
        "Total Revenue": NaN,
        "Gross Profit": 202,
        "Operating Income": 160,
        "EBIT": 209,
        "Net Income": 12
    },
    "2021-03-31": {
        "Diluted EPS": 0.26,
        "Total Revenue": NaN,
        "Gross Profit": 195,
        "Operating Income": 158,
        "EBIT": 199,
        "Net Income": 39
    },
    "2020-12-31": {
        "Diluted EPS": 0.17,
        "Total Revenue": NaN,
        "Gross Profit": 184,
        "Operating Income": 141,
        "EBIT": 181,
        "Net Income": 26
    },
    "2020-09-30": {
        "Diluted EPS": -1.42,
        "Total Revenue": NaN,
        "Gross Profit": 190,
        "Operating Income": 65,
        "EBIT": 121,
        "Net Income": -230
    },
    "2020-06-30": {
        "Diluted EPS": 0.55,
        "Total Revenue": NaN,
        "Gross Profit": 185,
        "Operating Income": 119,
        "EBIT": 175,
        "Net Income": 89
    },
    "2020-03-31": {
        "Diluted EPS": -0.54,
        "Total Revenue": NaN,
        "Gross Profit": 169,
        "Operating Income": 110,
        "EBIT": 178,
        "Net Income": -86
    },
    "2019-12-31": {
        "Diluted EPS": 0.25,
        "Total Revenue": NaN,
        "Gross Profit": 166,
        "Operating Income": 87,
        "EBIT": 145,
        "Net Income": 41
    },
    "2019-09-30": {
        "Diluted EPS": -2.96,
        "Total Revenue": NaN,
        "Gross Profit": 190,
        "Operating Income": 132,
        "EBIT": 199,
        "Net Income": -474
    },
    "2019-06-30": {
        "Diluted EPS": 0.52,
        "Total Revenue": NaN,
        "Gross Profit": 154,
        "Operating Income": 126,
        "EBIT": 190,
        "Net Income": 84
    },
    "2019-03-31": {
        "Diluted EPS": 0.49,
        "Total Revenue": NaN,
        "Gross Profit": 145,
        "Operating Income": 108,
        "EBIT": 174,
        "Net Income": 78
    },
    "2018-12-31": {
        "Diluted EPS": 0.32,
        "Total Revenue": NaN,
        "Gross Profit": 123,
        "Operating Income": 31,
        "EBIT": 94,
        "Net Income": 52
    },
    "2018-09-30": {
        "Diluted EPS": 0.53,
        "Total Revenue": -971,
        "Gross Profit": 16,
        "Operating Income": 145,
        "EBIT": 212,
        "Net Income": 84
    },
    "2018-06-30": {
        "Diluted EPS": 0.37,
        "Total Revenue": NaN,
        "Gross Profit": 185,
        "Operating Income": 161,
        "EBIT": 227,
        "Net Income": 61
    },
    "2018-03-31": {
        "Diluted EPS": -0.75,
        "Total Revenue": NaN,
        "Gross Profit": 141,
        "Operating Income": -44,
        "EBIT": 27,
        "Net Income": -120
    },
    "2017-12-31": {
        "Diluted EPS": 0.69,
        "Total Revenue": NaN,
        "Gross Profit": 136,
        "Operating Income": 131,
        "EBIT": 194,
        "Net Income": 111
    },
    "2017-09-30": {
        "Diluted EPS": 0.54,
        "Total Revenue": NaN,
        "Gross Profit": 170,
        "Operating Income": 162,
        "EBIT": 235,
        "Net Income": 88
    },
    "2017-06-30": {
        "Diluted EPS": 0.64,
        "Total Revenue": NaN,
        "Gross Profit": 175,
        "Operating Income": 208,
        "EBIT": 275,
        "Net Income": 101
    },
    "2017-03-31": {
        "Diluted EPS": 0.65,
        "Total Revenue": NaN,
        "Gross Profit": 168,
        "Operating Income": 141,
        "EBIT": 213,
        "Net Income": 102
    },
    "2016-12-31": {
        "Diluted EPS": 0.3,
        "Total Revenue": NaN,
        "Gross Profit": 170,
        "Operating Income": 143,
        "EBIT": 210,
        "Net Income": 47
    },
    "2016-09-30": {
        "Diluted EPS": 0.05,
        "Total Revenue": NaN,
        "Gross Profit": 147,
        "Operating Income": 69,
        "EBIT": 152,
        "Net Income": 7
    },
    "2016-06-30": {
        "Diluted EPS": 0.43,
        "Total Revenue": NaN,
        "Gross Profit": 171,
        "Operating Income": 110,
        "EBIT": 208,
        "Net Income": 67
    },
    "2016-03-31": {
        "Diluted EPS": 0.27,
        "Total Revenue": NaN,
        "Gross Profit": 183,
        "Operating Income": 141,
        "EBIT": 248,
        "Net Income": 42
    },
    "2015-12-31": {
        "Diluted EPS": -0.13,
        "Total Revenue": NaN,
        "Gross Profit": 141,
        "Operating Income": 55,
        "EBIT": 166,
        "Net Income": -20
    },
    "2015-09-30": {
        "Diluted EPS": 0.05,
        "Total Revenue": NaN,
        "Gross Profit": 171,
        "Operating Income": 95,
        "EBIT": 243,
        "Net Income": 1
    },
    "2015-06-30": {
        "Diluted EPS": -0.11,
        "Total Revenue": NaN,
        "Gross Profit": 127,
        "Operating Income": 41,
        "EBIT": 176,
        "Net Income": -17
    },
    "2015-03-31": {
        "Diluted EPS": 0.0,
        "Total Revenue": NaN,
        "Gross Profit": 103,
        "Operating Income": 7,
        "EBIT": 167,
        "Net Income": 0
    },
    "2014-12-31": {
        "Diluted EPS": -0.98,
        "Total Revenue": NaN,
        "Gross Profit": 135,
        "Operating Income": -14,
        "EBIT": 142,
        "Net Income": -139
    },
    "2014-09-30": {
        "Diluted EPS": 0.64,
        "Total Revenue": NaN,
        "Gross Profit": 129,
        "Operating Income": 103,
        "EBIT": 127,
        "Net Income": 64
    },
    "2014-06-30": {
        "Diluted EPS": 0.7,
        "Total Revenue": NaN,
        "Gross Profit": 109,
        "Operating Income": 92,
        "EBIT": 116,
        "Net Income": 69
    },
    "2014-03-31": {
        "Diluted EPS": 0.41,
        "Total Revenue": NaN,
        "Gross Profit": 87,
        "Operating Income": 68,
        "EBIT": 92,
        "Net Income": 40
    },
    "2013-12-31": {
        "Diluted EPS": 0.58,
        "Total Revenue": NaN,
        "Gross Profit": 78,
        "Operating Income": 90,
        "EBIT": 113,
        "Net Income": 56
    },
    "2013-09-30": {
        "Diluted EPS": 0.76,
        "Total Revenue": NaN,
        "Gross Profit": 140,
        "Operating Income": 123,
        "EBIT": 146,
        "Net Income": 77
    },
    "2013-06-30": {
        "Diluted EPS": 0.7,
        "Total Revenue": NaN,
        "Gross Profit": 132,
        "Operating Income": 112,
        "EBIT": 135,
        "Net Income": 71
    },
    "2013-03-31": {
        "Diluted EPS": 0.53,
        "Total Revenue": NaN,
        "Gross Profit": 100,
        "Operating Income": 80,
        "EBIT": 104,
        "Net Income": 54
    },
    "2012-12-31": {
        "Diluted EPS": 0.36,
        "Total Revenue": NaN,
        "Gross Profit": 78,
        "Operating Income": 62,
        "EBIT": 86,
        "Net Income": 38
    },
    "2012-09-30": {
        "Diluted EPS": -2.0,
        "Total Revenue": NaN,
        "Gross Profit": 144,
        "Operating Income": -199,
        "EBIT": -173,
        "Net Income": -225
    },
    "2012-06-30": {
        "Diluted EPS": 0.63,
        "Total Revenue": NaN,
        "Gross Profit": 111,
        "Operating Income": 103,
        "EBIT": 129,
        "Net Income": 69
    },
    "2012-03-31": {
        "Diluted EPS": 0.43,
        "Total Revenue": NaN,
        "Gross Profit": 76,
        "Operating Income": 73,
        "EBIT": 98,
        "Net Income": 49
    },
    "2011-12-31": {
        "Diluted EPS": 0.42,
        "Total Revenue": NaN,
        "Gross Profit": 90,
        "Operating Income": 77,
        "EBIT": 102,
        "Net Income": 48
    },
    "2011-09-30": {
        "Diluted EPS": 0.74,
        "Total Revenue": NaN,
        "Gross Profit": 140,
        "Operating Income": 134,
        "EBIT": 159,
        "Net Income": 87
    },
    "2011-06-30": {
        "Diluted EPS": 0.62,
        "Total Revenue": NaN,
        "Gross Profit": 121,
        "Operating Income": 110,
        "EBIT": 138,
        "Net Income": 74
    },
    "2011-03-31": {
        "Diluted EPS": 0.49,
        "Total Revenue": NaN,
        "Gross Profit": 100,
        "Operating Income": 87,
        "EBIT": 115,
        "Net Income": 58
    },
    "2010-12-31": {
        "Diluted EPS": 0.48,
        "Total Revenue": NaN,
        "Gross Profit": 105,
        "Operating Income": 90,
        "EBIT": 120,
        "Net Income": 57
    },
    "2010-09-30": {
        "Diluted EPS": 0.58,
        "Total Revenue": NaN,
        "Gross Profit": 124,
        "Operating Income": 99,
        "EBIT": 120,
        "Net Income": 68
    },
    "2010-06-30": {
        "Diluted EPS": 0.56,
        "Total Revenue": NaN,
        "Gross Profit": 115,
        "Operating Income": 93,
        "EBIT": 110,
        "Net Income": 65
    },
    "2010-03-31": {
        "Diluted EPS": 0.51,
        "Total Revenue": NaN,
        "Gross Profit": 108,
        "Operating Income": 83,
        "EBIT": 102,
        "Net Income": 58
    },
    "2009-12-31": {
        "Diluted EPS": 0.4,
        "Total Revenue": NaN,
        "Gross Profit": 83,
        "Operating Income": 65,
        "EBIT": 88,
        "Net Income": 46
    },
    "2009-09-30": {
        "Diluted EPS": 0.49,
        "Total Revenue": NaN,
        "Gross Profit": 95,
        "Operating Income": 75,
        "EBIT": 99,
        "Net Income": 54
    },
    "2009-06-30": {
        "Diluted EPS": 0.46,
        "Total Revenue": NaN,
        "Gross Profit": 88,
        "Operating Income": 74,
        "EBIT": 95,
        "Net Income": 51
    },
    "2009-03-31": {
        "Diluted EPS": 0.4,
        "Total Revenue": NaN,
        "Gross Profit": 88,
        "Operating Income": 69,
        "EBIT": 89,
        "Net Income": 43
    },
    "2023-06-30": {
        "Tax Effect Of Unusual Items": -1363581.964515,
        "Tax Rate For Calcs": 0.149598,
        "Normalized EBITDA": -42448000.0,
        "Total Unusual Items": -9115000.0,
        "Total Unusual Items Excluding Goodwill": -9115000.0,
        "Net Income From Continuing Operation Net Minority Interest": -127094000.0,
        "Reconciled Depreciation": 43261000.0,
        "Reconciled Cost Of Revenue": 3413471000.0,
        "EBITDA": -51563000.0,
        "EBIT": -94824000.0,
        "Net Interest Income": -30066000.0,
        "Interest Expense": 38868000.0,
        "Interest Income": 8802000.0,
        "Normalized Income": -119342581.964515,
        "Net Income From Continuing And Discontinued Operation": -134701000.0,
        "Total Expenses": 3456354000.0,
        "Total Operating Income As Reported": -105423000.0,
        "Diluted Average Shares": 138741000.0,
        "Basic Average Shares": 138741000.0,
        "Diluted EPS": -0.97,
        "Basic EPS": -0.97,
        "Diluted NI Availto Com Stockholders": -134701000.0,
        "Net Income Common Stockholders": -134701000.0,
        "Net Income": -134701000.0,
        "Minority Interests": -13402000.0,
        "Net Income Including Noncontrolling Interests": -121299000.0,
        "Net Income Discontinuous Operations": -7607000.0,
        "Net Income Continuous Operations": -113692000.0,
        "Tax Provision": -20000000.0,
        "Pretax Income": -133692000.0,
        "Other Income Expense": -310821000.0,
        "Other Non Operating Income Expenses": 1797000.0,
        "Special Income Charges": -9115000.0,
        "Restructuring And Mergern Acquisition": 9115000.0,
        "Earnings From Equity Interest": -303503000.0,
        "Net Non Operating Interest Income Expense": -30066000.0,
        "Interest Expense Non Operating": 38868000.0,
        "Interest Income Non Operating": 8802000.0,
        "Operating Income": 207195000.0,
        "Operating Expense": 42883000.0,
        "Selling General And Administration": 42883000.0,
        "General And Administrative Expense": 42883000.0,
        "Other Gand A": 42883000.0,
        "Gross Profit": 250078000.0,
        "Cost Of Revenue": 3413471000.0,
        "Total Revenue": 3663549000.0,
        "Operating Revenue": 3663549000.0
    },
    "2023-09-30": {
        "Tax Effect Of Unusual Items": -22280164.293384,
        "Tax Rate For Calcs": 0.161618,
        "Normalized EBITDA": 280750000.0,
        "Total Unusual Items": -137857000.0,
        "Total Unusual Items Excluding Goodwill": -137857000.0,
        "Net Income From Continuing Operation Net Minority Interest": 32910000.0,
        "Reconciled Depreciation": 44678000.0,
        "Reconciled Cost Of Revenue": 3590080000.0,
        "EBITDA": 142893000.0,
        "EBIT": 98215000.0,
        "Net Interest Income": -25643000.0,
        "Interest Expense": 41402000.0,
        "Interest Income": 15759000.0,
        "Normalized Income": 148486835.706616,
        "Net Income From Continuing And Discontinued Operation": 25473000.0,
        "Total Expenses": 3631013000.0,
        "Total Operating Income As Reported": 80381000.0,
        "Diluted Average Shares": 139418000.0,
        "Basic Average Shares": 138103000.0,
        "Diluted EPS": 0.18,
        "Basic EPS": 0.18,
        "Diluted NI Availto Com Stockholders": 25473000.0,
        "Net Income Common Stockholders": 25473000.0,
        "Net Income": 25473000.0,
        "Minority Interests": -14721000.0,
        "Net Income Including Noncontrolling Interests": 40194000.0,
        "Net Income Discontinuous Operations": -7437000.0,
        "Net Income Continuous Operations": 47631000.0,
        "Tax Provision": 9182000.0,
        "Pretax Income": 56813000.0,
        "Other Income Expense": -128916000.0,
        "Other Non Operating Income Expenses": 2075000.0,
        "Special Income Charges": -137857000.0,
        "Restructuring And Mergern Acquisition": 137857000.0,
        "Earnings From Equity Interest": 6866000.0,
        "Net Non Operating Interest Income Expense": -25643000.0,
        "Interest Expense Non Operating": 41402000.0,
        "Interest Income Non Operating": 15759000.0,
        "Operating Income": 211372000.0,
        "Operating Expense": 40933000.0,
        "Selling General And Administration": 40933000.0,
        "General And Administrative Expense": 40933000.0,
        "Other Gand A": 40933000.0,
        "Gross Profit": 252305000.0,
        "Cost Of Revenue": 3590080000.0,
        "Total Revenue": 3842385000.0,
        "Operating Revenue": 3842385000.0
    },
    "2023-12-31": {
        "Tax Effect Of Unusual Items": -3158998.088458,
        "Tax Rate For Calcs": 0.195241,
        "Normalized EBITDA": 237298000.0,
        "Total Unusual Items": -16180000.0,
        "Total Unusual Items Excluding Goodwill": -16180000.0,
        "Net Income From Continuing Operation Net Minority Interest": 95725000.0,
        "Reconciled Depreciation": 43322000.0,
        "Reconciled Cost Of Revenue": 3655950000.0,
        "EBITDA": 221118000.0,
        "EBIT": 177796000.0,
        "Net Interest Income": -29155000.0,
        "Interest Expense": 41257000.0,
        "Interest Income": 12102000.0,
        "Normalized Income": 108746001.911542,
        "Net Income From Continuing And Discontinued Operation": 94438000.0,
        "Total Expenses": 3691674000.0,
        "Total Operating Income As Reported": 163125000.0,
        "Diluted Average Shares": 137101000.0,
        "Basic Average Shares": 135897000.0,
        "Diluted EPS": 0.69,
        "Basic EPS": 0.69,
        "Diluted NI Availto Com Stockholders": 94438000.0,
        "Net Income Common Stockholders": 94438000.0,
        "Net Income": 94438000.0,
        "Minority Interests": -14156000.0,
        "Net Income Including Noncontrolling Interests": 108594000.0,
        "Net Income Discontinuous Operations": -1287000.0,
        "Net Income Continuous Operations": 109881000.0,
        "Tax Provision": 26658000.0,
        "Pretax Income": 136539000.0,
        "Other Income Expense": -42552000.0,
        "Other Non Operating Income Expenses": 2569000.0,
        "Special Income Charges": -16180000.0,
        "Restructuring And Mergern Acquisition": 16180000.0,
        "Earnings From Equity Interest": -28941000.0,
        "Net Non Operating Interest Income Expense": -29155000.0,
        "Interest Expense Non Operating": 41257000.0,
        "Interest Income Non Operating": 12102000.0,
        "Operating Income": 208246000.0,
        "Operating Expense": 35724000.0,
        "Selling General And Administration": 35724000.0,
        "General And Administrative Expense": 35724000.0,
        "Other Gand A": 35724000.0,
        "Gross Profit": 243970000.0,
        "Cost Of Revenue": 3655950000.0,
        "Total Revenue": 3899920000.0,
        "Operating Revenue": 3899920000.0
    },
    "2024-03-31": {
        "Tax Effect Of Unusual Items": -9423599.263479,
        "Tax Rate For Calcs": 0.265715,
        "Normalized EBITDA": 298177000.0,
        "Total Unusual Items": -35465000.0,
        "Total Unusual Items Excluding Goodwill": -35465000.0,
        "Net Income From Continuing Operation Net Minority Interest": 110395000.0,
        "Reconciled Depreciation": 44186000.0,
        "Reconciled Cost Of Revenue": 3682659000.0,
        "EBITDA": 262712000.0,
        "EBIT": 218526000.0,
        "Net Interest Income": -32301000.0,
        "Interest Expense": 47723000.0,
        "Interest Income": 15422000.0,
        "Normalized Income": 136436400.736521,
        "Net Income From Continuing And Discontinued Operation": 1007000.0,
        "Total Expenses": 3727345000.0,
        "Total Operating Income As Reported": 200482000.0,
        "Diluted Average Shares": 136712000.0,
        "Basic Average Shares": 136006000.0,
        "Diluted EPS": 0.01,
        "Basic EPS": 0.01,
        "Diluted NI Availto Com Stockholders": 1007000.0,
        "Net Income Common Stockholders": 1007000.0,
        "Net Income": 1007000.0,
        "Minority Interests": -15023000.0,
        "Net Income Including Noncontrolling Interests": 16030000.0,
        "Net Income Discontinuous Operations": -109388000.0,
        "Net Income Continuous Operations": 125418000.0,
        "Tax Provision": 45385000.0,
        "Pretax Income": 170803000.0,
        "Other Income Expense": -13384000.0,
        "Other Non Operating Income Expenses": 2622000.0,
        "Special Income Charges": -35465000.0,
        "Restructuring And Mergern Acquisition": 35465000.0,
        "Earnings From Equity Interest": 19459000.0,
        "Net Non Operating Interest Income Expense": -32301000.0,
        "Interest Expense Non Operating": 47723000.0,
        "Interest Income Non Operating": 15422000.0,
        "Operating Income": 216488000.0,
        "Operating Expense": 44686000.0,
        "Selling General And Administration": 44686000.0,
        "General And Administrative Expense": 44686000.0,
        "Other Gand A": 44686000.0,
        "Gross Profit": 261174000.0,
        "Cost Of Revenue": 3682659000.0,
        "Total Revenue": 3943833000.0,
        "Operating Revenue": 3943833000.0
    },
    "2024-06-30": {
        "Tax Effect Of Unusual Items": -6927913.406648,
        "Tax Rate For Calcs": 0.238688,
        "Normalized EBITDA": 319627000.0,
        "Total Unusual Items": -29025000.0,
        "Total Unusual Items Excluding Goodwill": -29025000.0,
        "Net Income From Continuing Operation Net Minority Interest": 128596000.0,
        "Reconciled Depreciation": 46365000.0,
        "Reconciled Cost Of Revenue": 3866207000.0,
        "EBITDA": 290602000.0,
        "EBIT": 244237000.0,
        "Net Interest Income": -35553000.0,
        "Interest Expense": 51370000.0,
        "Interest Income": 15817000.0,
        "Normalized Income": 150693086.593352,
        "Net Income From Continuing And Discontinued Operation": 134273000.0,
        "Total Expenses": 3902416000.0,
        "Total Operating Income As Reported": 227457000.0,
        "Diluted Average Shares": 136790000.0,
        "Basic Average Shares": 136025000.0,
        "Diluted EPS": 0.98,
        "Basic EPS": 0.99,
        "Diluted NI Availto Com Stockholders": 134273000.0,
        "Net Income Common Stockholders": 134273000.0,
        "Net Income": 134273000.0,
        "Minority Interests": -18236000.0,
        "Net Income Including Noncontrolling Interests": 152509000.0,
        "Net Income Discontinuous Operations": 5677000.0,
        "Net Income Continuous Operations": 146832000.0,
        "Tax Provision": 46035000.0,
        "Pretax Income": 192867000.0,
        "Other Income Expense": -20415000.0,
        "Other Non Operating Income Expenses": 963000.0,
        "Special Income Charges": -29025000.0,
        "Restructuring And Mergern Acquisition": 29025000.0,
        "Earnings From Equity Interest": 7647000.0,
        "Net Non Operating Interest Income Expense": -35553000.0,
        "Interest Expense Non Operating": 51370000.0,
        "Interest Income Non Operating": 15817000.0,
        "Operating Income": 248835000.0,
        "Operating Expense": 36209000.0,
        "Selling General And Administration": 36209000.0,
        "General And Administrative Expense": 36209000.0,
        "Other Gand A": 36209000.0,
        "Gross Profit": 285044000.0,
        "Cost Of Revenue": 3866207000.0,
        "Total Revenue": 4151251000.0,
        "Operating Revenue": 4151251000.0
    },
    "2024-09-30": {
        "Tax Effect Of Unusual Items": -2915587.359998,
        "Tax Rate For Calcs": 0.159776,
        "Normalized EBITDA": 326200000.0,
        "Total Unusual Items": -18248000.0,
        "Total Unusual Items Excluding Goodwill": -18248000.0,
        "Net Income From Continuing Operation Net Minority Interest": 172547000.0,
        "Reconciled Depreciation": 44939000.0,
        "Reconciled Cost Of Revenue": 3816341000.0,
        "EBITDA": 307952000.0,
        "EBIT": 263013000.0,
        "Net Interest Income": -29851000.0,
        "Interest Expense": 45070000.0,
        "Interest Income": 15219000.0,
        "Normalized Income": 187879412.640002,
        "Net Income From Continuing And Discontinued Operation": 172548000.0,
        "Total Expenses": 3859827000.0,
        "Total Operating Income As Reported": 236378000.0,
        "Diluted Average Shares": 135209000.0,
        "Basic Average Shares": 134247000.0,
        "Diluted EPS": 1.28,
        "Basic EPS": 1.29,
        "Diluted NI Availto Com Stockholders": 172548000.0,
        "Net Income Common Stockholders": 172548000.0,
        "Net Income": 172548000.0,
        "Minority Interests": -10574000.0,
        "Net Income Including Noncontrolling Interests": 183122000.0,
        "Net Income Discontinuous Operations": 1000.0,
        "Net Income Continuous Operations": 183121000.0,
        "Tax Provision": 34822000.0,
        "Pretax Income": 217943000.0,
        "Other Income Expense": -2873000.0,
        "Other Non Operating Income Expenses": 11416000.0,
        "Special Income Charges": -18248000.0,
        "Restructuring And Mergern Acquisition": 18248000.0,
        "Earnings From Equity Interest": 3959000.0,
        "Net Non Operating Interest Income Expense": -29851000.0,
        "Interest Expense Non Operating": 45070000.0,
        "Interest Income Non Operating": 15219000.0,
        "Operating Income": 250667000.0,
        "Operating Expense": 43486000.0,
        "Selling General And Administration": 43486000.0,
        "General And Administrative Expense": 43486000.0,
        "Other Gand A": 43486000.0,
        "Gross Profit": 294153000.0,
        "Cost Of Revenue": 3816341000.0,
        "Total Revenue": 4110494000.0,
        "Operating Revenue": 4110494000.0
    },
    "2024-12-31": {
        "Tax Effect Of Unusual Items": 0.0,
        "Tax Rate For Calcs": 0.134,
        "Normalized EBITDA": 303283000.0,
        "Total Unusual Items": 0.0,
        "Total Unusual Items Excluding Goodwill": 0.0,
        "Net Income From Continuing Operation Net Minority Interest": 176558000.0,
        "Reconciled Depreciation": 42297000.0,
        "Reconciled Cost Of Revenue": 3745748000.0,
        "EBITDA": 303283000.0,
        "EBIT": 260986000.0,
        "Net Interest Income": -26470000.0,
        "Interest Expense": 43034000.0,
        "Interest Income": 16564000.0,
        "Normalized Income": 176558000.0,
        "Net Income From Continuing And Discontinued Operation": 167042000.0,
        "Total Expenses": 3786207000.0,
        "Total Operating Income As Reported": 237498000.0,
        "Diluted Average Shares": 133625000.0,
        "Basic Average Shares": 132500000.0,
        "Diluted EPS": 1.25,
        "Basic EPS": 1.26,
        "Diluted NI Availto Com Stockholders": 167042000.0,
        "Net Income Common Stockholders": 167042000.0,
        "Net Income": 167042000.0,
        "Minority Interests": -12162000.0,
        "Net Income Including Noncontrolling Interests": 179204000.0,
        "Net Income Discontinuous Operations": -9516000.0,
        "Net Income Continuous Operations": 188720000.0,
        "Tax Provision": 29232000.0,
        "Pretax Income": 217952000.0,
        "Other Income Expense": 16477000.0,
        "Other Non Operating Income Expenses": 6924000.0,
        "Special Income Charges": 0.0,
        "Restructuring And Mergern Acquisition": 0.0,
        "Earnings From Equity Interest": 9553000.0,
        "Net Non Operating Interest Income Expense": -26470000.0,
        "Interest Expense Non Operating": 43034000.0,
        "Interest Income Non Operating": 16564000.0,
        "Operating Income": 227945000.0,
        "Operating Expense": 40459000.0,
        "Selling General And Administration": 40459000.0,
        "General And Administrative Expense": 40459000.0,
        "Other Gand A": 40459000.0,
        "Gross Profit": 268404000.0,
        "Cost Of Revenue": 3745748000.0,
        "Total Revenue": 4014152000.0,
        "Operating Revenue": 4014152000.0
    },
    "2025-03-31": {
        "Tax Effect Of Unusual Items": 0.0,
        "Tax Rate For Calcs": 0.231691,
        "Normalized EBITDA": 304883000.0,
        "Total Unusual Items": 0.0,
        "Total Unusual Items Excluding Goodwill": 0.0,
        "Net Income From Continuing Operation Net Minority Interest": 153764000.0,
        "Reconciled Depreciation": 41530000.0,
        "Reconciled Cost Of Revenue": 3480852000.0,
        "EBITDA": 304883000.0,
        "EBIT": 263353000.0,
        "Net Interest Income": -27675000.0,
        "Interest Expense": 42205000.0,
        "Interest Income": 14530000.0,
        "Normalized Income": 153764000.0,
        "Net Income From Continuing And Discontinued Operation": 143394000.0,
        "Total Expenses": 3520906000.0,
        "Total Operating Income As Reported": 257571000.0,
        "Diluted Average Shares": 133139000.0,
        "Basic Average Shares": 132432000.0,
        "Diluted EPS": 1.08,
        "Basic EPS": 1.08,
        "Diluted NI Availto Com Stockholders": 143394000.0,
        "Net Income Common Stockholders": 143394000.0,
        "Net Income": 143394000.0,
        "Minority Interests": -16146000.0,
        "Net Income Including Noncontrolling Interests": 159540000.0,
        "Net Income Discontinuous Operations": -10370000.0,
        "Net Income Continuous Operations": 169910000.0,
        "Tax Provision": 51238000.0,
        "Pretax Income": 221148000.0,
        "Other Income Expense": -1884000.0,
        "Other Non Operating Income Expenses": -8748000.0,
        "Special Income Charges": 0.0,
        "Restructuring And Mergern Acquisition": 0.0,
        "Earnings From Equity Interest": 6864000.0,
        "Net Non Operating Interest Income Expense": -27675000.0,
        "Interest Expense Non Operating": 42205000.0,
        "Interest Income Non Operating": 14530000.0,
        "Operating Income": 250707000.0,
        "Operating Expense": 40054000.0,
        "Selling General And Administration": 40054000.0,
        "General And Administrative Expense": 40054000.0,
        "Other Gand A": 40054000.0,
        "Gross Profit": 290761000.0,
        "Cost Of Revenue": 3480852000.0,
        "Total Revenue": 3771613000.0,
        "Operating Revenue": 3771613000.0
    },
    "2025-06-30": {
        "Tax Effect Of Unusual Items": 0.0,
        "Tax Rate For Calcs": 0.242398,
        "Normalized EBITDA": 353511000.0,
        "Total Unusual Items": 0.0,
        "Total Unusual Items Excluding Goodwill": 0.0,
        "Net Income From Continuing Operation Net Minority Interest": 174846000.0,
        "Reconciled Depreciation": 44548000.0,
        "Reconciled Cost Of Revenue": 3851490000.0,
        "EBITDA": 353511000.0,
        "EBIT": 308963000.0,
        "Net Interest Income": -26135000.0,
        "Interest Expense": 40198000.0,
        "Interest Income": 14063000.0,
        "Normalized Income": 174846000.0,
        "Net Income From Continuing And Discontinued Operation": 130966000.0,
        "Total Expenses": 3889653000.0,
        "Total Operating Income As Reported": 294077000.0,
        "Diluted Average Shares": 133078000.0,
        "Basic Average Shares": 132301000.0,
        "Diluted EPS": 0.98,
        "Basic EPS": 0.99,
        "Diluted NI Availto Com Stockholders": 130966000.0,
        "Net Income Common Stockholders": 130966000.0,
        "Net Income": 130966000.0,
        "Minority Interests": -28771000.0,
        "Net Income Including Noncontrolling Interests": 159737000.0,
        "Net Income Discontinuous Operations": -43880000.0,
        "Net Income Continuous Operations": 203617000.0,
        "Tax Provision": 65148000.0,
        "Pretax Income": 268765000.0,
        "Other Income Expense": 6113000.0,
        "Other Non Operating Income Expenses": 823000.0,
        "Special Income Charges": 0.0,
        "Restructuring And Mergern Acquisition": 0.0,
        "Earnings From Equity Interest": 5290000.0,
        "Net Non Operating Interest Income Expense": -26135000.0,
        "Interest Expense Non Operating": 40198000.0,
        "Interest Income Non Operating": 14063000.0,
        "Operating Income": 288787000.0,
        "Operating Expense": 38163000.0,
        "Selling General And Administration": 38163000.0,
        "General And Administrative Expense": 38163000.0,
        "Other Gand A": 38163000.0,
        "Gross Profit": 326950000.0,
        "Cost Of Revenue": 3851490000.0,
        "Total Revenue": 4178440000.0,
        "Operating Revenue": 4178440000.0
    },
    "2025-09-30": {
        "Tax Effect Of Unusual Items": -16688807.148635,
        "Tax Rate For Calcs": 0.281169,
        "Normalized EBITDA": 373468000.0,
        "Total Unusual Items": -59355000.0,
        "Total Unusual Items Excluding Goodwill": -59355000.0,
        "Net Income From Continuing Operation Net Minority Interest": 131970000.0,
        "Reconciled Depreciation": 47542000.0,
        "Reconciled Cost Of Revenue": 3844819000.0,
        "EBITDA": 314113000.0,
        "EBIT": 266571000.0,
        "Net Interest Income": -41130000.0,
        "Interest Expense": 58867000.0,
        "Interest Income": 17737000.0,
        "Normalized Income": 174636192.851365,
        "Net Income From Continuing And Discontinued Operation": 120372000.0,
        "Total Expenses": 3883992000.0,
        "Total Operating Income As Reported": 237376000.0,
        "Diluted Average Shares": 133400000.0,
        "Basic Average Shares": 132260000.0,
        "Diluted EPS": 0.9,
        "Basic EPS": 0.91,
        "Diluted NI Availto Com Stockholders": 120372000.0,
        "Net Income Common Stockholders": 120372000.0,
        "Net Income": 120372000.0,
        "Minority Interests": -17334000.0,
        "Net Income Including Noncontrolling Interests": 137706000.0,
        "Net Income Discontinuous Operations": -11598000.0,
        "Net Income Continuous Operations": 149304000.0,
        "Tax Provision": 58400000.0,
        "Pretax Income": 207704000.0,
        "Other Income Expense": -42591000.0,
        "Other Non Operating Income Expenses": 11458000.0,
        "Special Income Charges": -59355000.0,
        "Restructuring And Mergern Acquisition": 59355000.0,
        "Earnings From Equity Interest": 5306000.0,
        "Net Non Operating Interest Income Expense": -41130000.0,
        "Interest Expense Non Operating": 58867000.0,
        "Interest Income Non Operating": 17737000.0,
        "Operating Income": 291425000.0,
        "Operating Expense": 39173000.0,
        "Selling General And Administration": 39173000.0,
        "General And Administrative Expense": 39173000.0,
        "Other Gand A": 39173000.0,
        "Gross Profit": 330598000.0,
        "Cost Of Revenue": 3844819000.0,
        "Total Revenue": 4175417000.0,
        "Operating Revenue": 4175417000.0
    }
}