{
    "2023-05-31": {
        "Tax Effect Of Unusual Items": NaN,
        "Tax Rate For Calcs": NaN,
        "Normalized EBITDA": NaN,
        "Total Unusual Items": 0.0,
        "Total Unusual Items Excluding Goodwill": 0.0,
        "Net Income From Continuing Operation Net Minority Interest": NaN,
        "Reconciled Depreciation": NaN,
        "Reconciled Cost Of Revenue": NaN,
        "EBITDA": NaN,
        "EBIT": NaN,
        "Net Interest Income": NaN,
        "Interest Expense": NaN,
        "Interest Income": NaN,
        "Normalized Income": NaN,
        "Net Income From Continuing And Discontinued Operation": NaN,
        "Total Expenses": NaN,
        "Total Operating Income As Reported": NaN,
        "Diluted Average Shares": NaN,
        "Basic Average Shares": NaN,
        "Diluted EPS": NaN,
        "Basic EPS": NaN,
        "Diluted NI Availto Com Stockholders": NaN,
        "Average Dilution Earnings": NaN,
        "Net Income Common Stockholders": NaN,
        "Net Income": NaN,
        "Minority Interests": NaN,
        "Net Income Including Noncontrolling Interests": NaN,
        "Net Income Continuous Operations": NaN,
        "Tax Provision": NaN,
        "Pretax Income": NaN,
        "Other Income Expense": NaN,
        "Other Non Operating Income Expenses": NaN,
        "Special Income Charges": 0.0,
        "Gain On Sale Of Business": 0.0,
        "Net Non Operating Interest Income Expense": NaN,
        "Interest Expense Non Operating": NaN,
        "Interest Income Non Operating": NaN,
        "Operating Income": NaN,
        "Operating Expense": NaN,
        "Other Operating Expenses": NaN,
        "Selling General And Administration": NaN,
        "Selling And Marketing Expense": NaN,
        "General And Administrative Expense": NaN,
        "Other Gand A": NaN,
        "Gross Profit": NaN,
        "Cost Of Revenue": NaN,
        "Total Revenue": NaN,
        "Operating Revenue": NaN
    },
    "2023-02-28": {
        "Tax Effect Of Unusual Items": 0.0,
        "Tax Rate For Calcs": 0.204,
        "Normalized EBITDA": 2301654000.0,
        "Total Unusual Items": NaN,
        "Total Unusual Items Excluding Goodwill": NaN,
        "Net Income From Continuing Operation Net Minority Interest": 1523648000.0,
        "Reconciled Depreciation": 343114000.0,
        "Reconciled Cost Of Revenue": 10979392000.0,
        "EBITDA": 2301654000.0,
        "EBIT": 1958540000.0,
        "Net Interest Income": 38625000.0,
        "Interest Expense": 11634000.0,
        "Interest Income": 50259000.0,
        "Normalized Income": 1523648000.0,
        "Net Income From Continuing And Discontinued Operation": 1523648000.0,
        "Total Expenses": 13869577000.0,
        "Total Operating Income As Reported": 1944581000.0,
        "Diluted Average Shares": 637735390.0,
        "Basic Average Shares": 630845147.0,
        "Diluted EPS": 2.39,
        "Basic EPS": 2.42,
        "Diluted NI Availto Com Stockholders": 1525252000.0,
        "Average Dilution Earnings": 1604000.0,
        "Net Income Common Stockholders": 1523648000.0,
        "Net Income": 1523648000.0,
        "Minority Interests": -27035000.0,
        "Net Income Including Noncontrolling Interests": 1550683000.0,
        "Net Income Continuous Operations": 1550683000.0,
        "Tax Provision": 396223000.0,
        "Pretax Income": 1946906000.0,
        "Other Income Expense": -36300000.0,
        "Other Non Operating Income Expenses": -36300000.0,
        "Special Income Charges": NaN,
        "Gain On Sale Of Business": NaN,
        "Net Non Operating Interest Income Expense": 38625000.0,
        "Interest Expense Non Operating": 11634000.0,
        "Interest Income Non Operating": 50259000.0,
        "Operating Income": 1944581000.0,
        "Operating Expense": 2890185000.0,
        "Other Operating Expenses": 244390000.0,
        "Selling General And Administration": 2645795000.0,
        "Selling And Marketing Expense": 1563567000.0,
        "General And Administrative Expense": 1082228000.0,
        "Other Gand A": 1082228000.0,
        "Gross Profit": 4834766000.0,
        "Cost Of Revenue": 10979392000.0,
        "Total Revenue": 15814158000.0,
        "Operating Revenue": 15814158000.0
    },
    "2022-11-30": {
        "Tax Effect Of Unusual Items": 0.0,
        "Tax Rate For Calcs": 0.233,
        "Normalized EBITDA": 2932456000.0,
        "Total Unusual Items": NaN,
        "Total Unusual Items Excluding Goodwill": NaN,
        "Net Income From Continuing Operation Net Minority Interest": 1964950000.0,
        "Reconciled Depreciation": 323558000.0,
        "Reconciled Cost Of Revenue": 10561660000.0,
        "EBITDA": 2932456000.0,
        "EBIT": 2608898000.0,
        "Net Interest Income": 37425000.0,
        "Interest Expense": 7280000.0,
        "Interest Income": 44705000.0,
        "Normalized Income": 1964950000.0,
        "Net Income From Continuing And Discontinued Operation": 1964950000.0,
        "Total Expenses": 13154702000.0,
        "Total Operating Income As Reported": 2593100000.0,
        "Diluted Average Shares": 638766821.0,
        "Basic Average Shares": 630137262.0,
        "Diluted EPS": 3.08,
        "Basic EPS": 3.12,
        "Diluted NI Availto Com Stockholders": 1967035000.0,
        "Average Dilution Earnings": 2085000.0,
        "Net Income Common Stockholders": 1964950000.0,
        "Net Income": 1964950000.0,
        "Minority Interests": -31350000.0,
        "Net Income Including Noncontrolling Interests": 1996300000.0,
        "Net Income Continuous Operations": 1996300000.0,
        "Tax Provision": 605318000.0,
        "Pretax Income": 2601618000.0,
        "Other Income Expense": -28907000.0,
        "Other Non Operating Income Expenses": -28907000.0,
        "Special Income Charges": NaN,
        "Gain On Sale Of Business": NaN,
        "Net Non Operating Interest Income Expense": 37425000.0,
        "Interest Expense Non Operating": 7280000.0,
        "Interest Income Non Operating": 44705000.0,
        "Operating Income": 2593100000.0,
        "Operating Expense": 2593042000.0,
        "Other Operating Expenses": NaN,
        "Selling General And Administration": 2593042000.0,
        "Selling And Marketing Expense": 1550019000.0,
        "General And Administrative Expense": 1043023000.0,
        "Other Gand A": 1043023000.0,
        "Gross Profit": 5186142000.0,
        "Cost Of Revenue": 10561660000.0,
        "Total Revenue": 15747802000.0,
        "Operating Revenue": 15747802000.0
    },
    "2022-08-31": {
        "Tax Effect Of Unusual Items": NaN,
        "Tax Rate For Calcs": NaN,
        "Normalized EBITDA": NaN,
        "Total Unusual Items": 0.0,
        "Total Unusual Items Excluding Goodwill": 0.0,
        "Net Income From Continuing Operation Net Minority Interest": NaN,
        "Reconciled Depreciation": NaN,
        "Reconciled Cost Of Revenue": NaN,
        "EBITDA": NaN,
        "EBIT": NaN,
        "Net Interest Income": NaN,
        "Interest Expense": NaN,
        "Interest Income": NaN,
        "Normalized Income": NaN,
        "Net Income From Continuing And Discontinued Operation": NaN,
        "Total Expenses": NaN,
        "Total Operating Income As Reported": NaN,
        "Diluted Average Shares": NaN,
        "Basic Average Shares": NaN,
        "Diluted EPS": NaN,
        "Basic EPS": NaN,
        "Diluted NI Availto Com Stockholders": NaN,
        "Average Dilution Earnings": NaN,
        "Net Income Common Stockholders": NaN,
        "Net Income": NaN,
        "Minority Interests": NaN,
        "Net Income Including Noncontrolling Interests": NaN,
        "Net Income Continuous Operations": NaN,
        "Tax Provision": NaN,
        "Pretax Income": NaN,
        "Other Income Expense": NaN,
        "Other Non Operating Income Expenses": NaN,
        "Special Income Charges": 0.0,
        "Gain On Sale Of Business": 0.0,
        "Net Non Operating Interest Income Expense": NaN,
        "Interest Expense Non Operating": NaN,
        "Interest Income Non Operating": NaN,
        "Operating Income": NaN,
        "Operating Expense": NaN,
        "Other Operating Expenses": NaN,
        "Selling General And Administration": NaN,
        "Selling And Marketing Expense": NaN,
        "General And Administrative Expense": NaN,
        "Other Gand A": NaN,
        "Gross Profit": NaN,
        "Cost Of Revenue": NaN,
        "Total Revenue": NaN,
        "Operating Revenue": NaN
    },
    "2022-05-31": {
        "Tax Effect Of Unusual Items": -26095674.0,
        "Tax Rate For Calcs": 0.271,
        "Normalized EBITDA": 3127154000.0,
        "Total Unusual Items": -96294000.0,
        "Total Unusual Items Excluding Goodwill": -96294000.0,
        "Net Income From Continuing Operation Net Minority Interest": 1786075000.0,
        "Reconciled Depreciation": 524186000.0,
        "Reconciled Cost Of Revenue": 10844069000.0,
        "EBIT": 2506674000.0,
        "Net Interest Income": -3323000.0,
        "Interest Expense": 12050000.0,
        "Interest Income": 8727000.0,
        "Normalized Income": 1856273326.0,
        "Net Income From Continuing And Discontinued Operation": 1786075000.0,
        "Total Expenses": 13555685000.0,
        "Total Operating Income As Reported": 2603118000.0,
        "Diluted Average Shares": 641004741.0,
        "Basic Average Shares": 632749442.0,
        "Diluted EPS": 2.79,
        "Basic EPS": 2.82,
        "Diluted NI Availto Com Stockholders": 1787977000.0,
        "Average Dilution Earnings": 1902000.0,
        "Net Income Common Stockholders": 1786075000.0,
        "Net Income": 1786075000.0,
        "Minority Interests": -33241000.0,
        "Net Income Including Noncontrolling Interests": 1819316000.0,
        "Net Income Continuous Operations": 1819316000.0,
        "Tax Provision": 675308000.0,
        "Pretax Income": 2494624000.0,
        "Other Income Expense": -105171000.0,
        "Other Non Operating Income Expenses": -8877000.0,
        "Special Income Charges": -96294000.0,
        "Gain On Sale Of Business": -96294000.0,
        "Net Non Operating Interest Income Expense": -3323000.0,
        "Interest Expense Non Operating": 12050000.0,
        "Interest Income Non Operating": 8727000.0,
        "Operating Income": 2603118000.0,
        "Operating Expense": 2711616000.0,
        "Other Operating Expenses": NaN,
        "Selling General And Administration": 2711616000.0,
        "Selling And Marketing Expense": 1660919000.0,
        "General And Administrative Expense": 1050697000.0,
        "Other Gand A": 1050697000.0,
        "Gross Profit": 5314734000.0,
        "Cost Of Revenue": 10844069000.0,
        "Total Revenue": 16158803000.0,
        "Operating Revenue": 16158803000.0
    },
    "2022-02-28": {
        "Diluted EPS": 2.54,
        "Total Revenue": NaN,
        "Gross Profit": NaN,
        "Operating Income": NaN,
        "EBIT": NaN,
        "Net Income": NaN
    },
    "2021-11-30": {
        "Diluted EPS": 2.78,
        "Total Revenue": NaN,
        "Gross Profit": NaN,
        "Operating Income": NaN,
        "EBIT": NaN,
        "Net Income": NaN
    },
    "2021-08-31": {
        "Diluted EPS": 2.21,
        "Total Revenue": NaN,
        "Gross Profit": NaN,
        "Operating Income": NaN,
        "EBIT": NaN,
        "Net Income": NaN
    },
    "2021-05-31": {
        "Diluted EPS": 2.4,
        "Total Revenue": NaN,
        "Gross Profit": NaN,
        "Operating Income": NaN,
        "EBIT": NaN,
        "Net Income": NaN
    },
    "2021-02-28": {
        "Diluted EPS": 2.23,
        "Total Revenue": NaN,
        "Gross Profit": NaN,
        "Operating Income": NaN,
        "EBIT": NaN,
        "Net Income": NaN
    },
    "2020-11-30": {
        "Diluted EPS": 2.32,
        "Total Revenue": NaN,
        "Gross Profit": NaN,
        "Operating Income": NaN,
        "EBIT": NaN,
        "Net Income": NaN
    },
    "2020-08-31": {
        "Diluted EPS": 1.99,
        "Total Revenue": NaN,
        "Gross Profit": NaN,
        "Operating Income": NaN,
        "EBIT": NaN,
        "Net Income": NaN
    },
    "2020-05-31": {
        "Diluted EPS": 1.9,
        "Total Revenue": NaN,
        "Gross Profit": NaN,
        "Operating Income": NaN,
        "EBIT": NaN,
        "Net Income": NaN
    },
    "2020-02-29": {
        "Diluted EPS": 1.91,
        "Total Revenue": NaN,
        "Gross Profit": NaN,
        "Operating Income": NaN,
        "EBIT": NaN,
        "Net Income": NaN
    },
    "2019-11-30": {
        "Diluted EPS": 2.09,
        "Total Revenue": NaN,
        "Gross Profit": NaN,
        "Operating Income": NaN,
        "EBIT": NaN,
        "Net Income": NaN
    },
    "2019-08-31": {
        "Diluted EPS": 1.74,
        "Total Revenue": NaN,
        "Gross Profit": NaN,
        "Operating Income": NaN,
        "EBIT": NaN,
        "Net Income": NaN
    },
    "2019-05-31": {
        "Diluted EPS": 1.93,
        "Total Revenue": NaN,
        "Gross Profit": NaN,
        "Operating Income": NaN,
        "EBIT": NaN,
        "Net Income": NaN
    },
    "2019-02-28": {
        "Diluted EPS": 1.73,
        "Total Revenue": NaN,
        "Gross Profit": NaN,
        "Operating Income": NaN,
        "EBIT": NaN,
        "Net Income": NaN
    },
    "2018-11-30": {
        "Diluted EPS": 1.96,
        "Total Revenue": NaN,
        "Gross Profit": NaN,
        "Operating Income": NaN,
        "EBIT": NaN,
        "Net Income": NaN
    },
    "2018-08-31": {
        "Diluted EPS": 1.58,
        "Total Revenue": NaN,
        "Gross Profit": NaN,
        "Operating Income": NaN,
        "EBIT": NaN,
        "Net Income": NaN
    },
    "2018-05-31": {
        "Diluted EPS": 1.6,
        "Total Revenue": NaN,
        "Gross Profit": NaN,
        "Operating Income": NaN,
        "EBIT": NaN,
        "Net Income": NaN
    },
    "2018-02-28": {
        "Diluted EPS": 1.37,
        "Total Revenue": NaN,
        "Gross Profit": NaN,
        "Operating Income": NaN,
        "EBIT": NaN,
        "Net Income": 864
    },
    "2017-11-30": {
        "Diluted EPS": 1.79,
        "Total Revenue": NaN,
        "Gross Profit": NaN,
        "Operating Income": NaN,
        "EBIT": NaN,
        "Net Income": NaN
    },
    "2017-08-31": {
        "Diluted EPS": 1.48,
        "Total Revenue": NaN,
        "Gross Profit": NaN,
        "Operating Income": NaN,
        "EBIT": NaN,
        "Net Income": 932
    },
    "2017-05-31": {
        "Diluted EPS": 1.05,
        "Total Revenue": NaN,
        "Gross Profit": NaN,
        "Operating Income": 865,
        "EBIT": NaN,
        "Net Income": 669
    },
    "2017-02-28": {
        "Diluted EPS": 1.33,
        "Total Revenue": NaN,
        "Gross Profit": NaN,
        "Operating Income": NaN,
        "EBIT": NaN,
        "Net Income": 839
    },
    "2016-11-30": {
        "Diluted EPS": 1.58,
        "Total Revenue": NaN,
        "Gross Profit": NaN,
        "Operating Income": NaN,
        "EBIT": NaN,
        "Net Income": NaN
    },
    "2016-08-31": {
        "Diluted EPS": 1.68,
        "Total Revenue": NaN,
        "Gross Profit": NaN,
        "Operating Income": NaN,
        "EBIT": NaN,
        "Net Income": NaN
    },
    "2016-05-31": {
        "Diluted EPS": 1.41,
        "Total Revenue": NaN,
        "Gross Profit": NaN,
        "Operating Income": NaN,
        "EBIT": NaN,
        "Net Income": 897
    },
    "2016-02-29": {
        "Diluted EPS": 2.08,
        "Total Revenue": NaN,
        "Gross Profit": NaN,
        "Operating Income": NaN,
        "EBIT": NaN,
        "Net Income": NaN
    },
    "2015-11-30": {
        "Diluted EPS": 1.28,
        "Total Revenue": NaN,
        "Gross Profit": NaN,
        "Operating Income": NaN,
        "EBIT": NaN,
        "Net Income": 819
    },
    "2015-08-31": {
        "Diluted EPS": 1.15,
        "Total Revenue": NaN,
        "Gross Profit": NaN,
        "Operating Income": NaN,
        "EBIT": NaN,
        "Net Income": 738
    },
    "2015-05-31": {
        "Diluted EPS": 1.24,
        "Total Revenue": NaN,
        "Gross Profit": NaN,
        "Operating Income": NaN,
        "EBIT": NaN,
        "Net Income": 794
    },
    "2015-02-28": {
        "Diluted EPS": 1.08,
        "Total Revenue": NaN,
        "Gross Profit": NaN,
        "Operating Income": NaN,
        "EBIT": NaN,
        "Net Income": 691
    },
    "2014-11-30": {
        "Diluted EPS": 1.29,
        "Total Revenue": NaN,
        "Gross Profit": NaN,
        "Operating Income": NaN,
        "EBIT": NaN,
        "Net Income": 832
    },
    "2014-08-31": {
        "Diluted EPS": 1.08,
        "Total Revenue": NaN,
        "Gross Profit": NaN,
        "Operating Income": NaN,
        "EBIT": NaN,
        "Net Income": 701
    },
    "2014-05-31": {
        "Diluted EPS": 1.26,
        "Total Revenue": NaN,
        "Gross Profit": NaN,
        "Operating Income": NaN,
        "EBIT": NaN,
        "Net Income": 817
    },
    "2014-02-28": {
        "Diluted EPS": 1.03,
        "Total Revenue": NaN,
        "Gross Profit": NaN,
        "Operating Income": 951,
        "EBIT": NaN,
        "Net Income": 671
    },
    "2013-11-30": {
        "Diluted EPS": 1.15,
        "Total Revenue": NaN,
        "Gross Profit": NaN,
        "Operating Income": NaN,
        "EBIT": NaN,
        "Net Income": 752
    },
    "2013-08-31": {
        "Diluted EPS": 1.01,
        "Total Revenue": NaN,
        "Gross Profit": NaN,
        "Operating Income": 984,
        "EBIT": NaN,
        "Net Income": 671
    },
    "2013-05-31": {
        "Diluted EPS": 1.21,
        "Total Revenue": NaN,
        "Gross Profit": NaN,
        "Operating Income": NaN,
        "EBIT": NaN,
        "Net Income": 810
    },
    "2013-02-28": {
        "Diluted EPS": 1.65,
        "Total Revenue": NaN,
        "Gross Profit": NaN,
        "Operating Income": NaN,
        "EBIT": NaN,
        "Net Income": NaN
    },
    "2012-11-30": {
        "Diluted EPS": 1.06,
        "Total Revenue": NaN,
        "Gross Profit": NaN,
        "Operating Income": NaN,
        "EBIT": NaN,
        "Net Income": 699
    },
    "2012-08-31": {
        "Diluted EPS": 0.88,
        "Total Revenue": NaN,
        "Gross Profit": NaN,
        "Operating Income": 940,
        "EBIT": NaN,
        "Net Income": 578
    },
    "2012-05-31": {
        "Diluted EPS": 1.03,
        "Total Revenue": NaN,
        "Gross Profit": NaN,
        "Operating Income": NaN,
        "EBIT": NaN,
        "Net Income": 689
    },
    "2012-02-29": {
        "Diluted EPS": 0.97,
        "Total Revenue": NaN,
        "Gross Profit": NaN,
        "Operating Income": 889,
        "EBIT": NaN,
        "Net Income": 644
    },
    "2011-11-30": {
        "Diluted EPS": 0.96,
        "Total Revenue": NaN,
        "Gross Profit": NaN,
        "Operating Income": 981,
        "EBIT": NaN,
        "Net Income": 642
    },
    "2011-08-31": {
        "Diluted EPS": 0.9,
        "Total Revenue": NaN,
        "Gross Profit": NaN,
        "Operating Income": 923,
        "EBIT": NaN,
        "Net Income": 612
    },
    "2011-05-31": {
        "Diluted EPS": 0.93,
        "Total Revenue": NaN,
        "Gross Profit": NaN,
        "Operating Income": 949,
        "EBIT": NaN,
        "Net Income": 628
    },
    "2011-02-28": {
        "Diluted EPS": 0.75,
        "Total Revenue": NaN,
        "Gross Profit": NaN,
        "Operating Income": 772,
        "EBIT": 893,
        "Net Income": 503
    },
    "2010-11-30": {
        "Diluted EPS": 0.81,
        "Total Revenue": NaN,
        "Gross Profit": NaN,
        "Operating Income": 827,
        "EBIT": 947,
        "Net Income": 535
    },
    "2010-08-31": {
        "Diluted EPS": 0.66,
        "Total Revenue": NaN,
        "Gross Profit": NaN,
        "Operating Income": 714,
        "EBIT": 839,
        "Net Income": 445
    },
    "2010-05-31": {
        "Diluted EPS": 0.73,
        "Total Revenue": NaN,
        "Gross Profit": NaN,
        "Operating Income": 804,
        "EBIT": 920,
        "Net Income": 491
    },
    "2010-02-28": {
        "Diluted EPS": 0.6,
        "Total Revenue": NaN,
        "Gross Profit": NaN,
        "Operating Income": 651,
        "EBIT": 769,
        "Net Income": 400
    },
    "2009-11-30": {
        "Diluted EPS": 0.67,
        "Total Revenue": NaN,
        "Gross Profit": NaN,
        "Operating Income": 746,
        "EBIT": 861,
        "Net Income": 445
    },
    "2009-08-31": {
        "Diluted EPS": 0.39,
        "Total Revenue": NaN,
        "Gross Profit": NaN,
        "Operating Income": 420,
        "EBIT": 547,
        "Net Income": 255
    },
    "2009-05-31": {
        "Diluted EPS": 0.68,
        "Total Revenue": NaN,
        "Gross Profit": NaN,
        "Operating Income": 732,
        "EBIT": 848,
        "Net Income": 444
    },
    "2009-02-28": {
        "Diluted EPS": 0.63,
        "Total Revenue": NaN,
        "Gross Profit": NaN,
        "Operating Income": 677,
        "EBIT": 813,
        "Net Income": 411
    },
    "2023-08-31": {
        "Tax Effect Of Unusual Items": NaN,
        "Tax Rate For Calcs": NaN,
        "Normalized EBITDA": NaN,
        "Total Unusual Items": 0.0,
        "Total Unusual Items Excluding Goodwill": 0.0,
        "Net Income From Continuing Operation Net Minority Interest": NaN,
        "Reconciled Depreciation": NaN,
        "Reconciled Cost Of Revenue": NaN,
        "EBITDA": NaN,
        "EBIT": NaN,
        "Net Interest Income": NaN,
        "Interest Expense": NaN,
        "Interest Income": NaN,
        "Normalized Income": NaN,
        "Net Income From Continuing And Discontinued Operation": NaN,
        "Total Expenses": NaN,
        "Total Operating Income As Reported": NaN,
        "Diluted Average Shares": NaN,
        "Basic Average Shares": NaN,
        "Diluted EPS": NaN,
        "Basic EPS": NaN,
        "Diluted NI Availto Com Stockholders": NaN,
        "Average Dilution Earnings": NaN,
        "Net Income Common Stockholders": NaN,
        "Net Income": NaN,
        "Minority Interests": NaN,
        "Net Income Including Noncontrolling Interests": NaN,
        "Net Income Continuous Operations": NaN,
        "Tax Provision": NaN,
        "Pretax Income": NaN,
        "Other Income Expense": NaN,
        "Other Non Operating Income Expenses": NaN,
        "Special Income Charges": 0.0,
        "Gain On Sale Of Business": 0.0,
        "Net Non Operating Interest Income Expense": NaN,
        "Interest Expense Non Operating": NaN,
        "Interest Income Non Operating": NaN,
        "Operating Income": NaN,
        "Operating Expense": NaN,
        "Other Operating Expenses": 471883000.0,
        "Selling General And Administration": NaN,
        "Selling And Marketing Expense": NaN,
        "General And Administrative Expense": NaN,
        "Other Gand A": NaN,
        "Gross Profit": NaN,
        "Cost Of Revenue": NaN,
        "Total Revenue": NaN,
        "Operating Revenue": NaN
    },
    "2023-11-30": {
        "Tax Effect Of Unusual Items": NaN,
        "Tax Rate For Calcs": NaN,
        "Normalized EBITDA": NaN,
        "Net Income From Continuing Operation Net Minority Interest": NaN,
        "Reconciled Depreciation": NaN,
        "Reconciled Cost Of Revenue": NaN,
        "EBITDA": NaN,
        "EBIT": NaN,
        "Net Interest Income": NaN,
        "Interest Expense": NaN,
        "Interest Income": NaN,
        "Normalized Income": NaN,
        "Net Income From Continuing And Discontinued Operation": NaN,
        "Total Expenses": NaN,
        "Total Operating Income As Reported": NaN,
        "Diluted Average Shares": NaN,
        "Basic Average Shares": NaN,
        "Diluted EPS": NaN,
        "Basic EPS": NaN,
        "Diluted NI Availto Com Stockholders": NaN,
        "Average Dilution Earnings": NaN,
        "Net Income Common Stockholders": NaN,
        "Net Income": NaN,
        "Minority Interests": NaN,
        "Net Income Including Noncontrolling Interests": NaN,
        "Net Income Continuous Operations": NaN,
        "Tax Provision": NaN,
        "Pretax Income": NaN,
        "Other Income Expense": NaN,
        "Other Non Operating Income Expenses": NaN,
        "Net Non Operating Interest Income Expense": NaN,
        "Interest Expense Non Operating": NaN,
        "Interest Income Non Operating": NaN,
        "Operating Income": NaN,
        "Operating Expense": NaN,
        "Other Operating Expenses": 139664000.0,
        "Selling General And Administration": NaN,
        "Selling And Marketing Expense": NaN,
        "General And Administrative Expense": NaN,
        "Other Gand A": NaN,
        "Gross Profit": NaN,
        "Cost Of Revenue": NaN,
        "Total Revenue": NaN,
        "Operating Revenue": NaN
    },
    "2024-02-29": {
        "Tax Effect Of Unusual Items": 0.0,
        "Tax Rate For Calcs": 0.184,
        "Normalized EBITDA": 2453531000.0,
        "Net Income From Continuing Operation Net Minority Interest": 1674859000.0,
        "Reconciled Depreciation": 347487000.0,
        "Reconciled Cost Of Revenue": 10921045000.0,
        "EBITDA": 2453531000.0,
        "EBIT": 2106044000.0,
        "Net Interest Income": 54964000.0,
        "Interest Expense": 10305000.0,
        "Interest Income": 65269000.0,
        "Normalized Income": 1674859000.0,
        "Net Income From Continuing And Discontinued Operation": 1674859000.0,
        "Total Expenses": 13753087000.0,
        "Total Operating Income As Reported": 2046427000.0,
        "Diluted Average Shares": 636797814.0,
        "Basic Average Shares": 629016555.0,
        "Diluted EPS": 2.63,
        "Basic EPS": 2.66,
        "Diluted NI Availto Com Stockholders": 1676534000.0,
        "Average Dilution Earnings": 1675000.0,
        "Net Income Common Stockholders": 1674859000.0,
        "Net Income": 1674859000.0,
        "Minority Interests": -34343000.0,
        "Net Income Including Noncontrolling Interests": 1709202000.0,
        "Net Income Continuous Operations": 1709202000.0,
        "Tax Provision": 386537000.0,
        "Pretax Income": 2095739000.0,
        "Other Income Expense": -5652000.0,
        "Other Non Operating Income Expenses": -5652000.0,
        "Net Non Operating Interest Income Expense": 54964000.0,
        "Interest Expense Non Operating": 10305000.0,
        "Interest Income Non Operating": 65269000.0,
        "Operating Income": 2046427000.0,
        "Operating Expense": 2832042000.0,
        "Other Operating Expenses": 115409000.0,
        "Selling General And Administration": 2716633000.0,
        "Selling And Marketing Expense": 1631185000.0,
        "General And Administrative Expense": 1085448000.0,
        "Other Gand A": 1085448000.0,
        "Gross Profit": 4878469000.0,
        "Cost Of Revenue": 10921045000.0,
        "Total Revenue": 15799514000.0,
        "Operating Revenue": 15799514000.0
    },
    "2024-05-31": {
        "Tax Effect Of Unusual Items": 0.0,
        "Tax Rate For Calcs": 0.254,
        "Normalized EBITDA": 3011129000.0,
        "Net Income From Continuing Operation Net Minority Interest": 1932183000.0,
        "Reconciled Depreciation": 345425000.0,
        "Reconciled Cost Of Revenue": 10968377000.0,
        "EBITDA": 3011129000.0,
        "EBIT": 2665704000.0,
        "Net Interest Income": 42356000.0,
        "Interest Expense": 11334000.0,
        "Interest Income": 53690000.0,
        "Normalized Income": 1932183000.0,
        "Net Income From Continuing And Discontinued Operation": 1932183000.0,
        "Total Expenses": 13835963000.0,
        "Total Operating Income As Reported": 2630865000.0,
        "Diluted Average Shares": 635607597.0,
        "Basic Average Shares": 628353267.0,
        "Diluted EPS": 3.04,
        "Basic EPS": 3.07,
        "Diluted NI Availto Com Stockholders": 1934084000.0,
        "Average Dilution Earnings": 1901000.0,
        "Net Income Common Stockholders": 1932183000.0,
        "Net Income": 1932183000.0,
        "Minority Interests": -49165000.0,
        "Net Income Including Noncontrolling Interests": 1981348000.0,
        "Net Income Continuous Operations": 1981348000.0,
        "Tax Provision": 673022000.0,
        "Pretax Income": 2654370000.0,
        "Other Income Expense": -18851000.0,
        "Other Non Operating Income Expenses": -18851000.0,
        "Net Non Operating Interest Income Expense": 42356000.0,
        "Interest Expense Non Operating": 11334000.0,
        "Interest Income Non Operating": 53690000.0,
        "Operating Income": 2630865000.0,
        "Operating Expense": 2867586000.0,
        "Other Operating Expenses": 77420000.0,
        "Selling General And Administration": 2790166000.0,
        "Selling And Marketing Expense": 1750366000.0,
        "General And Administrative Expense": 1039800000.0,
        "Other Gand A": 1039800000.0,
        "Gross Profit": 5498451000.0,
        "Cost Of Revenue": 10968377000.0,
        "Total Revenue": 16466828000.0,
        "Operating Revenue": 16466828000.0
    },
    "2024-08-31": {
        "Tax Effect Of Unusual Items": 0.0,
        "Tax Rate For Calcs": 0.263185,
        "Normalized EBITDA": 2749159000.0,
        "Net Income From Continuing Operation Net Minority Interest": 1684301000.0,
        "Reconciled Depreciation": 393763000.0,
        "Reconciled Cost Of Revenue": 11068363000.0,
        "EBITDA": 2749159000.0,
        "EBIT": 2355396000.0,
        "Net Interest Income": 28482000.0,
        "Interest Expense": 22835000.0,
        "Interest Income": 51317000.0,
        "Normalized Income": 1684301000.0,
        "Net Income From Continuing And Discontinued Operation": 1684301000.0,
        "Total Expenses": 14052151000.0,
        "Total Operating Income As Reported": 2353668000.0,
        "Diluted Average Shares": 633883494.0,
        "Basic Average Shares": 626122298.0,
        "Diluted EPS": 2.66,
        "Basic EPS": 2.69,
        "Diluted NI Availto Com Stockholders": 1685907000.0,
        "Average Dilution Earnings": 1606000.0,
        "Net Income Common Stockholders": 1684301000.0,
        "Net Income": 1684301000.0,
        "Minority Interests": -34365000.0,
        "Net Income Including Noncontrolling Interests": 1718666000.0,
        "Net Income Continuous Operations": 1718666000.0,
        "Tax Provision": 613895000.0,
        "Pretax Income": 2332561000.0,
        "Other Income Expense": -49589000.0,
        "Other Non Operating Income Expenses": -49589000.0,
        "Net Non Operating Interest Income Expense": 28482000.0,
        "Interest Expense Non Operating": 22835000.0,
        "Interest Income Non Operating": 51317000.0,
        "Operating Income": 2353668000.0,
        "Operating Expense": 2983788000.0,
        "Other Operating Expenses": 105947000.0,
        "Selling General And Administration": 2877841000.0,
        "Selling And Marketing Expense": 1755272000.0,
        "General And Administrative Expense": 1122569000.0,
        "Other Gand A": 1122569000.0,
        "Gross Profit": 5337456000.0,
        "Cost Of Revenue": 11068363000.0,
        "Total Revenue": 16405819000.0,
        "Operating Revenue": 16405819000.0
    },
    "2024-11-30": {
        "Tax Effect Of Unusual Items": 0.0,
        "Tax Rate For Calcs": 0.216,
        "Normalized EBITDA": 3363924000.0,
        "Net Income From Continuing Operation Net Minority Interest": 2278894000.0,
        "Reconciled Depreciation": 378637000.0,
        "Reconciled Cost Of Revenue": 11866716000.0,
        "EBITDA": 3363924000.0,
        "EBIT": 2985287000.0,
        "Net Interest Income": 45985000.0,
        "Interest Expense": 30042000.0,
        "Interest Income": 76027000.0,
        "Normalized Income": 2278894000.0,
        "Net Income From Continuing And Discontinued Operation": 2278894000.0,
        "Total Expenses": 14741068000.0,
        "Total Operating Income As Reported": 2948477000.0,
        "Diluted Average Shares": 634656410.0,
        "Basic Average Shares": 625676922.0,
        "Diluted EPS": 3.59,
        "Basic EPS": 3.64,
        "Diluted NI Availto Com Stockholders": 2281064000.0,
        "Average Dilution Earnings": 2170000.0,
        "Net Income Common Stockholders": 2278894000.0,
        "Net Income": 2278894000.0,
        "Minority Interests": -37296000.0,
        "Net Income Including Noncontrolling Interests": 2316190000.0,
        "Net Income Continuous Operations": 2316190000.0,
        "Tax Provision": 639055000.0,
        "Pretax Income": 2955245000.0,
        "Other Income Expense": -39217000.0,
        "Other Non Operating Income Expenses": -39217000.0,
        "Net Non Operating Interest Income Expense": 45985000.0,
        "Interest Expense Non Operating": 30042000.0,
        "Interest Income Non Operating": 76027000.0,
        "Operating Income": 2948477000.0,
        "Operating Expense": 2874352000.0,
        "Other Operating Expenses": NaN,
        "Selling General And Administration": 2874352000.0,
        "Selling And Marketing Expense": 1811109000.0,
        "General And Administrative Expense": 1063243000.0,
        "Other Gand A": 1063243000.0,
        "Gross Profit": 5822829000.0,
        "Cost Of Revenue": 11866716000.0,
        "Total Revenue": 17689545000.0,
        "Operating Revenue": 17689545000.0
    },
    "2025-02-28": {
        "Tax Effect Of Unusual Items": 0.0,
        "Tax Rate For Calcs": 0.204,
        "Normalized EBITDA": 2718545000.0,
        "Net Income From Continuing Operation Net Minority Interest": 1788075000.0,
        "Reconciled Depreciation": 365102000.0,
        "Reconciled Cost Of Revenue": 11684313000.0,
        "EBITDA": 2718545000.0,
        "EBIT": 2353443000.0,
        "Net Interest Income": 11444000.0,
        "Interest Expense": 64669000.0,
        "Interest Income": 76113000.0,
        "Normalized Income": 1788075000.0,
        "Net Income From Continuing And Discontinued Operation": 1788075000.0,
        "Total Expenses": 14414587000.0,
        "Total Operating Income As Reported": 2244714000.0,
        "Diluted Average Shares": 634211978.0,
        "Basic Average Shares": 626824946.0,
        "Diluted EPS": 2.82,
        "Basic EPS": 2.85,
        "Diluted NI Availto Com Stockholders": 1789760000.0,
        "Average Dilution Earnings": 1685000.0,
        "Net Income Common Stockholders": 1788075000.0,
        "Net Income": 1788075000.0,
        "Minority Interests": -34366000.0,
        "Net Income Including Noncontrolling Interests": 1822441000.0,
        "Net Income Continuous Operations": 1822441000.0,
        "Tax Provision": 466333000.0,
        "Pretax Income": 2288774000.0,
        "Other Income Expense": 32616000.0,
        "Other Non Operating Income Expenses": 32616000.0,
        "Net Non Operating Interest Income Expense": 11444000.0,
        "Interest Expense Non Operating": 64669000.0,
        "Interest Income Non Operating": 76113000.0,
        "Operating Income": 2244714000.0,
        "Operating Expense": 2730274000.0,
        "Other Operating Expenses": NaN,
        "Selling General And Administration": 2730274000.0,
        "Selling And Marketing Expense": 1676781000.0,
        "General And Administrative Expense": 1053493000.0,
        "Other Gand A": 1053493000.0,
        "Gross Profit": 4974988000.0,
        "Cost Of Revenue": 11684313000.0,
        "Total Revenue": 16659301000.0,
        "Operating Revenue": 16659301000.0
    }
}