{
    "2023-03-31": {
        "Tax Effect Of Unusual Items": 0.0,
        "Tax Rate For Calcs": 0.4,
        "Normalized EBITDA": 445000.0,
        "Total Unusual Items": NaN,
        "Total Unusual Items Excluding Goodwill": NaN,
        "Net Income From Continuing Operation Net Minority Interest": 64000.0,
        "Reconciled Depreciation": 262000.0,
        "Reconciled Cost Of Revenue": NaN,
        "EBITDA": 445000.0,
        "EBIT": 183000.0,
        "Net Interest Income": 5392000.0,
        "Interest Expense": 119000.0,
        "Interest Income": 5511000.0,
        "Normalized Income": 64000.0,
        "Net Income From Continuing And Discontinued Operation": -8152000.0,
        "Total Expenses": 5328000.0,
        "Total Operating Income As Reported": -5328000.0,
        "Diluted Average Shares": 10893954.0,
        "Basic Average Shares": 10893954.0,
        "Diluted EPS": -0.75,
        "Basic EPS": -0.75,
        "Diluted NI Availto Com Stockholders": -8152000.0,
        "Net Income Common Stockholders": -8152000.0,
        "Otherunder Preferred Stock Dividend": NaN,
        "Preferred Stock Dividends": NaN,
        "Net Income": -8152000.0,
        "Net Income Including Noncontrolling Interests": -8152000.0,
        "Net Income Discontinuous Operations": -8216000.0,
        "Net Income Continuous Operations": 64000.0,
        "Tax Provision": NaN,
        "Pretax Income": 64000.0,
        "Other Income Expense": NaN,
        "Other Non Operating Income Expenses": NaN,
        "Special Income Charges": NaN,
        "Impairment Of Capital Assets": NaN,
        "Net Non Operating Interest Income Expense": 5392000.0,
        "Interest Expense Non Operating": 119000.0,
        "Interest Income Non Operating": 5511000.0,
        "Operating Income": -5328000.0,
        "Operating Expense": 5328000.0,
        "Research And Development": 1047000.0,
        "Selling General And Administration": 4281000.0,
        "Gross Profit": NaN,
        "Cost Of Revenue": NaN,
        "Total Revenue": 0.0,
        "Operating Revenue": 0.0
    },
    "2022-12-31": {
        "Tax Effect Of Unusual Items": -6.279225,
        "Tax Rate For Calcs": 0.000134,
        "Normalized EBITDA": -7249000.0,
        "Total Unusual Items": -47000.0,
        "Total Unusual Items Excluding Goodwill": -47000.0,
        "Net Income From Continuing Operation Net Minority Interest": -7484000.0,
        "Reconciled Depreciation": 342000.0,
        "Reconciled Cost Of Revenue": 362000.0,
        "EBITDA": -7296000.0,
        "EBIT": -7296000.0,
        "Net Interest Income": -52000.0,
        "Interest Expense": 189000.0,
        "Interest Income": 137000.0,
        "Normalized Income": -7437006.279225,
        "Net Income From Continuing And Discontinued Operation": -7484000.0,
        "Total Expenses": 7638000.0,
        "Total Operating Income As Reported": -7433000.0,
        "Diluted Average Shares": 7466000.0,
        "Basic Average Shares": 7466000.0,
        "Diluted EPS": -1.0,
        "Basic EPS": -1.0,
        "Diluted NI Availto Com Stockholders": -7484000.0,
        "Net Income Common Stockholders": -7484000.0,
        "Otherunder Preferred Stock Dividend": 0.0,
        "Preferred Stock Dividends": 0.0,
        "Net Income": -7484000.0,
        "Net Income Including Noncontrolling Interests": -7484000.0,
        "Net Income Discontinuous Operations": NaN,
        "Net Income Continuous Operations": -7484000.0,
        "Tax Provision": -1000.0,
        "Pretax Income": -7485000.0,
        "Other Income Expense": -47000.0,
        "Other Non Operating Income Expenses": 0.0,
        "Special Income Charges": -47000.0,
        "Impairment Of Capital Assets": 47000.0,
        "Net Non Operating Interest Income Expense": -52000.0,
        "Interest Expense Non Operating": 189000.0,
        "Interest Income Non Operating": 137000.0,
        "Operating Income": -7386000.0,
        "Operating Expense": 7276000.0,
        "Research And Development": 1026000.0,
        "Selling General And Administration": 6250000.0,
        "Gross Profit": -110000.0,
        "Cost Of Revenue": 362000.0,
        "Total Revenue": 252000.0,
        "Operating Revenue": 252000.0
    },
    "2022-09-30": {
        "Tax Effect Of Unusual Items": 0.0,
        "Tax Rate For Calcs": 0.4,
        "Normalized EBITDA": -6068000.0,
        "Total Unusual Items": 0.0,
        "Total Unusual Items Excluding Goodwill": 0.0,
        "Net Income From Continuing Operation Net Minority Interest": -6750000.0,
        "Reconciled Depreciation": 424000.0,
        "Reconciled Cost Of Revenue": 569000.0,
        "EBITDA": -6068000.0,
        "EBIT": -6492000.0,
        "Net Interest Income": -107000.0,
        "Interest Expense": 247000.0,
        "Interest Income": 140000.0,
        "Normalized Income": -6750000.0,
        "Net Income From Continuing And Discontinued Operation": -6750000.0,
        "Total Expenses": 7139000.0,
        "Total Operating Income As Reported": -6632000.0,
        "Diluted Average Shares": 7377363.0,
        "Basic Average Shares": 7377363.0,
        "Diluted EPS": -0.94,
        "Basic EPS": -0.94,
        "Diluted NI Availto Com Stockholders": -6936000.0,
        "Net Income Common Stockholders": -6936000.0,
        "Otherunder Preferred Stock Dividend": 0.0,
        "Preferred Stock Dividends": 186000.0,
        "Net Income": -6750000.0,
        "Net Income Including Noncontrolling Interests": -6750000.0,
        "Net Income Discontinuous Operations": NaN,
        "Net Income Continuous Operations": -6750000.0,
        "Tax Provision": 11000.0,
        "Pretax Income": -6739000.0,
        "Other Income Expense": NaN,
        "Other Non Operating Income Expenses": NaN,
        "Special Income Charges": 0.0,
        "Impairment Of Capital Assets": 0.0,
        "Net Non Operating Interest Income Expense": -107000.0,
        "Interest Expense Non Operating": 247000.0,
        "Interest Income Non Operating": 140000.0,
        "Operating Income": -6632000.0,
        "Operating Expense": 6570000.0,
        "Research And Development": 1308000.0,
        "Selling General And Administration": 5262000.0,
        "Gross Profit": -62000.0,
        "Cost Of Revenue": 569000.0,
        "Total Revenue": 507000.0,
        "Operating Revenue": 507000.0
    },
    "2022-06-30": {
        "Tax Effect Of Unusual Items": -208.063284,
        "Tax Rate For Calcs": 4.2e-05,
        "Normalized EBITDA": 76355000.0,
        "Total Unusual Items": -4901000.0,
        "Total Unusual Items Excluding Goodwill": -4901000.0,
        "Net Income From Continuing Operation Net Minority Interest": 70663000.0,
        "Reconciled Depreciation": 461000.0,
        "Reconciled Cost Of Revenue": 876000.0,
        "EBITDA": 71454000.0,
        "EBIT": 70993000.0,
        "Net Interest Income": 187000.0,
        "Interest Expense": 327000.0,
        "Interest Income": 514000.0,
        "Normalized Income": 75563791.936716,
        "Net Income From Continuing And Discontinued Operation": 70663000.0,
        "Total Expenses": 9242000.0,
        "Total Operating Income As Reported": -13573000.0,
        "Diluted Average Shares": 7360453.0,
        "Basic Average Shares": 7356952.0,
        "Diluted EPS": 8.58,
        "Basic EPS": 8.58,
        "Diluted NI Availto Com Stockholders": 70663000.0,
        "Net Income Common Stockholders": 70663000.0,
        "Otherunder Preferred Stock Dividend": NaN,
        "Preferred Stock Dividends": NaN,
        "Net Income": 70663000.0,
        "Net Income Including Noncontrolling Interests": 70663000.0,
        "Net Income Discontinuous Operations": NaN,
        "Net Income Continuous Operations": 70663000.0,
        "Tax Provision": 3000.0,
        "Pretax Income": 70666000.0,
        "Other Income Expense": 79151000.0,
        "Other Non Operating Income Expenses": 84052000.0,
        "Special Income Charges": -4901000.0,
        "Impairment Of Capital Assets": 4901000.0,
        "Net Non Operating Interest Income Expense": 187000.0,
        "Interest Expense Non Operating": 327000.0,
        "Interest Income Non Operating": 514000.0,
        "Operating Income": -8672000.0,
        "Operating Expense": 8366000.0,
        "Research And Development": 1544000.0,
        "Selling General And Administration": 6822000.0,
        "Gross Profit": -306000.0,
        "Cost Of Revenue": 876000.0,
        "Total Revenue": 570000.0,
        "Operating Revenue": 570000.0
    },
    "2022-03-31": {
        "Diluted EPS": -1.19,
        "Total Revenue": NaN,
        "Gross Profit": NaN,
        "Operating Income": -5,
        "EBIT": -5,
        "Net Income": -9
    },
    "2021-12-31": {
        "Diluted EPS": -1.26,
        "Total Revenue": 0,
        "Gross Profit": -1,
        "Operating Income": -8,
        "EBIT": -8,
        "Net Income": -8
    },
    "2021-09-30": {
        "Diluted EPS": -1.4,
        "Total Revenue": 2,
        "Gross Profit": 1,
        "Operating Income": -9,
        "EBIT": -8,
        "Net Income": -8
    },
    "2021-06-30": {
        "Diluted EPS": -1.6,
        "Total Revenue": 0,
        "Gross Profit": -1,
        "Operating Income": -10,
        "EBIT": -9,
        "Net Income": -10
    },
    "2021-03-31": {
        "Diluted EPS": -1.6,
        "Total Revenue": 1,
        "Gross Profit": -1,
        "Operating Income": -9,
        "EBIT": -9,
        "Net Income": -9
    },
    "2020-12-31": {
        "Diluted EPS": -1.8,
        "Total Revenue": 1,
        "Gross Profit": -1,
        "Operating Income": -9,
        "EBIT": -9,
        "Net Income": -9
    },
    "2020-09-30": {
        "Diluted EPS": -2.0,
        "Total Revenue": 1,
        "Gross Profit": 0,
        "Operating Income": -9,
        "EBIT": -9,
        "Net Income": -9
    },
    "2020-06-30": {
        "Diluted EPS": -1.6,
        "Total Revenue": 3,
        "Gross Profit": 2,
        "Operating Income": -7,
        "EBIT": -6,
        "Net Income": -7
    },
    "2020-03-31": {
        "Diluted EPS": -4.0,
        "Total Revenue": 0,
        "Gross Profit": -1,
        "Operating Income": -16,
        "EBIT": -15,
        "Net Income": -16
    },
    "2019-12-31": {
        "Diluted EPS": -3.6,
        "Total Revenue": 0,
        "Gross Profit": -1,
        "Operating Income": -15,
        "EBIT": -14,
        "Net Income": -14
    },
    "2019-09-30": {
        "Diluted EPS": -3.2,
        "Total Revenue": 1,
        "Gross Profit": -2,
        "Operating Income": -14,
        "EBIT": -13,
        "Net Income": -13
    },
    "2019-06-30": {
        "Diluted EPS": -3.2,
        "Total Revenue": 1,
        "Gross Profit": -1,
        "Operating Income": -13,
        "EBIT": -13,
        "Net Income": -12
    },
    "2019-03-31": {
        "Diluted EPS": -3.4,
        "Total Revenue": 0,
        "Gross Profit": -1,
        "Operating Income": -12,
        "EBIT": -12,
        "Net Income": -14
    },
    "2018-12-31": {
        "Diluted EPS": -3.4,
        "Total Revenue": 1,
        "Gross Profit": -1,
        "Operating Income": -11,
        "EBIT": -11,
        "Net Income": -13
    },
    "2018-09-30": {
        "Diluted EPS": -4.2,
        "Total Revenue": 0,
        "Gross Profit": 0,
        "Operating Income": -9,
        "EBIT": -9,
        "Net Income": -12
    },
    "2018-06-30": {
        "Diluted EPS": -4.0,
        "Total Revenue": 1,
        "Gross Profit": 0,
        "Operating Income": -7,
        "EBIT": -7,
        "Net Income": -11
    },
    "2018-03-31": {
        "Diluted EPS": -4.6,
        "Total Revenue": 0,
        "Gross Profit": -1,
        "Operating Income": -8,
        "EBIT": -8,
        "Net Income": -12
    },
    "2017-12-31": {
        "Diluted EPS": -3.8,
        "Total Revenue": 1,
        "Gross Profit": 0,
        "Operating Income": -8,
        "EBIT": -7,
        "Net Income": -10
    },
    "2017-09-30": {
        "Diluted EPS": -5.6,
        "Total Revenue": 1,
        "Gross Profit": -1,
        "Operating Income": -9,
        "EBIT": -8,
        "Net Income": -13
    },
    "2017-06-30": {
        "Diluted EPS": -5.8,
        "Total Revenue": 3,
        "Gross Profit": -1,
        "Operating Income": -10,
        "EBIT": -9,
        "Net Income": -13
    },
    "2017-03-31": {
        "Diluted EPS": -6.8,
        "Total Revenue": 3,
        "Gross Profit": -1,
        "Operating Income": -12,
        "EBIT": -12,
        "Net Income": -16
    },
    "2016-12-31": {
        "Diluted EPS": -4.2,
        "Total Revenue": 6,
        "Gross Profit": 3,
        "Operating Income": -7,
        "EBIT": -7,
        "Net Income": -10
    },
    "2016-09-30": {
        "Diluted EPS": -5.0,
        "Total Revenue": 3,
        "Gross Profit": 1,
        "Operating Income": -8,
        "EBIT": -7,
        "Net Income": -11
    },
    "2016-06-30": {
        "Diluted EPS": -4.8,
        "Total Revenue": 5,
        "Gross Profit": 2,
        "Operating Income": -8,
        "EBIT": -8,
        "Net Income": -11
    },
    "2016-03-31": {
        "Diluted EPS": -5.0,
        "Total Revenue": 3,
        "Gross Profit": -1,
        "Operating Income": -9,
        "EBIT": -8,
        "Net Income": -11
    },
    "2015-12-31": {
        "Diluted EPS": -4.8,
        "Total Revenue": 2,
        "Gross Profit": 2,
        "Operating Income": -8,
        "EBIT": -7,
        "Net Income": -11
    },
    "2015-09-30": {
        "Diluted EPS": 2.2,
        "Total Revenue": 15,
        "Gross Profit": 15,
        "Operating Income": 7,
        "EBIT": 8,
        "Net Income": 5
    },
    "2015-06-30": {
        "Diluted EPS": -4.0,
        "Total Revenue": 2,
        "Gross Profit": 2,
        "Operating Income": -8,
        "EBIT": -8,
        "Net Income": -9
    },
    "2015-03-31": {
        "Diluted EPS": -5.4,
        "Total Revenue": 0,
        "Gross Profit": 0,
        "Operating Income": -11,
        "EBIT": -11,
        "Net Income": -10
    },
    "2014-12-31": {
        "Diluted EPS": -5.2,
        "Total Revenue": 0,
        "Gross Profit": 0,
        "Operating Income": -12,
        "EBIT": -11,
        "Net Income": -14
    },
    "2014-09-30": {
        "Diluted EPS": -2.6,
        "Total Revenue": 5,
        "Gross Profit": 5,
        "Operating Income": -5,
        "EBIT": -5,
        "Net Income": 1
    },
    "2014-06-30": {
        "Diluted EPS": -6.0,
        "Total Revenue": 0,
        "Gross Profit": 0,
        "Operating Income": -12,
        "EBIT": -12,
        "Net Income": -11
    },
    "2014-03-31": {
        "Diluted EPS": -4.4,
        "Total Revenue": 0,
        "Gross Profit": 0,
        "Operating Income": -9,
        "EBIT": -8,
        "Net Income": -10
    },
    "2013-12-31": {
        "Diluted EPS": 9.6,
        "Total Revenue": 28,
        "Gross Profit": 28,
        "Operating Income": 20,
        "EBIT": 20,
        "Net Income": 18
    },
    "2013-09-30": {
        "Diluted EPS": -5.2,
        "Total Revenue": 1,
        "Gross Profit": 1,
        "Operating Income": -8,
        "EBIT": -8,
        "Net Income": -11
    },
    "2013-06-30": {
        "Diluted EPS": -9.4,
        "Total Revenue": 0,
        "Gross Profit": 0,
        "Operating Income": -8,
        "EBIT": -8,
        "Net Income": -17
    },
    "2013-03-31": {
        "Diluted EPS": -6.8,
        "Total Revenue": 1,
        "Gross Profit": 1,
        "Operating Income": -11,
        "EBIT": -10,
        "Net Income": -13
    },
    "2012-12-31": {
        "Diluted EPS": -8.4,
        "Total Revenue": 2,
        "Gross Profit": 2,
        "Operating Income": -8,
        "EBIT": -8,
        "Net Income": -11
    },
    "2012-09-30": {
        "Diluted EPS": -7.6,
        "Total Revenue": 0,
        "Gross Profit": 0,
        "Operating Income": -8,
        "EBIT": -8,
        "Net Income": -9
    },
    "2012-06-30": {
        "Diluted EPS": -7.0,
        "Total Revenue": 0,
        "Gross Profit": 0,
        "Operating Income": -7,
        "EBIT": -7,
        "Net Income": -7
    },
    "2012-03-31": {
        "Diluted EPS": -7.2,
        "Total Revenue": 0,
        "Gross Profit": 0,
        "Operating Income": -7,
        "EBIT": -6,
        "Net Income": -7
    },
    "2011-12-31": {
        "Diluted EPS": -6.2,
        "Total Revenue": 1,
        "Gross Profit": 1,
        "Operating Income": -6,
        "EBIT": -6,
        "Net Income": -6
    },
    "2011-09-30": {
        "Diluted EPS": -6.0,
        "Total Revenue": 0,
        "Gross Profit": 0,
        "Operating Income": -5,
        "EBIT": -5,
        "Net Income": -6
    },
    "2011-06-30": {
        "Diluted EPS": -5.0,
        "Total Revenue": 0,
        "Gross Profit": 0,
        "Operating Income": -5,
        "EBIT": -4,
        "Net Income": -5
    },
    "2011-03-31": {
        "Diluted EPS": -6.0,
        "Total Revenue": NaN,
        "Gross Profit": NaN,
        "Operating Income": -4,
        "EBIT": -3,
        "Net Income": -3
    },
    "2010-12-31": {
        "Diluted EPS": -104.6,
        "Total Revenue": NaN,
        "Gross Profit": NaN,
        "Operating Income": -3,
        "EBIT": -3,
        "Net Income": -4
    },
    "2010-09-30": {
        "Diluted EPS": -107.6,
        "Total Revenue": NaN,
        "Gross Profit": NaN,
        "Operating Income": -3,
        "EBIT": -3,
        "Net Income": -4
    },
    "2010-06-30": {
        "Diluted EPS": -108.2,
        "Total Revenue": NaN,
        "Gross Profit": NaN,
        "Operating Income": -3,
        "EBIT": -3,
        "Net Income": -4
    },
    "2010-03-31": {
        "Diluted EPS": -117.0,
        "Total Revenue": NaN,
        "Gross Profit": NaN,
        "Operating Income": -3,
        "EBIT": -3,
        "Net Income": -4
    },
    "2009-12-31": {
        "Diluted EPS": 0.0,
        "Total Revenue": NaN,
        "Gross Profit": NaN,
        "Operating Income": NaN,
        "EBIT": NaN,
        "Net Income": NaN
    },
    "2023-06-30": {
        "Tax Effect Of Unusual Items": 0.0,
        "Tax Rate For Calcs": 0.4,
        "Normalized EBITDA": -3920000.0,
        "Total Unusual Items": 0.0,
        "Total Unusual Items Excluding Goodwill": 0.0,
        "Net Income From Continuing Operation Net Minority Interest": -4428000.0,
        "Reconciled Depreciation": 49000.0,
        "Reconciled Cost Of Revenue": NaN,
        "EBITDA": -3920000.0,
        "EBIT": -3969000.0,
        "Net Interest Income": -456000.0,
        "Interest Expense": 456000.0,
        "Interest Income": 0.0,
        "Normalized Income": -4428000.0,
        "Net Income From Continuing And Discontinued Operation": -4371000.0,
        "Total Expenses": 4222000.0,
        "Total Operating Income As Reported": -3969000.0,
        "Diluted Average Shares": 10924294.0,
        "Basic Average Shares": 10924294.0,
        "Diluted EPS": -0.4,
        "Basic EPS": -0.4,
        "Diluted NI Availto Com Stockholders": -4371000.0,
        "Net Income Common Stockholders": -4371000.0,
        "Otherunder Preferred Stock Dividend": 0.0,
        "Preferred Stock Dividends": NaN,
        "Net Income": -4371000.0,
        "Net Income Including Noncontrolling Interests": -4371000.0,
        "Net Income Discontinuous Operations": 57000.0,
        "Net Income Continuous Operations": -4428000.0,
        "Tax Provision": 3000.0,
        "Pretax Income": -4425000.0,
        "Other Income Expense": NaN,
        "Other Non Operating Income Expenses": NaN,
        "Special Income Charges": 0.0,
        "Impairment Of Capital Assets": 0.0,
        "Net Non Operating Interest Income Expense": -456000.0,
        "Interest Expense Non Operating": 456000.0,
        "Interest Income Non Operating": 0.0,
        "Operating Income": -3969000.0,
        "Operating Expense": 4222000.0,
        "Research And Development": 1552000.0,
        "Selling General And Administration": 2670000.0,
        "Gross Profit": NaN,
        "Cost Of Revenue": NaN,
        "Total Revenue": 253000.0,
        "Operating Revenue": 253000.0
    },
    "2023-09-30": {
        "Tax Effect Of Unusual Items": 0.0,
        "Tax Rate For Calcs": 0.21,
        "Normalized EBITDA": -1416000.0,
        "Total Unusual Items": 0.0,
        "Total Unusual Items Excluding Goodwill": 0.0,
        "Net Income From Continuing Operation Net Minority Interest": -1418000.0,
        "Reconciled Depreciation": NaN,
        "Reconciled Cost Of Revenue": NaN,
        "EBITDA": -1416000.0,
        "EBIT": -1416000.0,
        "Net Interest Income": 1893000.0,
        "Interest Expense": 0.0,
        "Interest Income": 1893000.0,
        "Normalized Income": -1418000.0,
        "Net Income From Continuing And Discontinued Operation": -1357000.0,
        "Total Expenses": 3426000.0,
        "Total Operating Income As Reported": -3309000.0,
        "Diluted Average Shares": 16758000000000.0,
        "Basic Average Shares": 16758000.0,
        "Diluted EPS": -0.08,
        "Basic EPS": -0.08,
        "Diluted NI Availto Com Stockholders": -1357000.0,
        "Net Income Common Stockholders": -1357000.0,
        "Otherunder Preferred Stock Dividend": 0.0,
        "Preferred Stock Dividends": NaN,
        "Net Income": -1357000.0,
        "Net Income Including Noncontrolling Interests": -1357000.0,
        "Net Income Discontinuous Operations": 61000.0,
        "Net Income Continuous Operations": -1418000.0,
        "Tax Provision": 2000.0,
        "Pretax Income": -1416000.0,
        "Other Income Expense": NaN,
        "Other Non Operating Income Expenses": NaN,
        "Special Income Charges": 0.0,
        "Impairment Of Capital Assets": 0.0,
        "Net Non Operating Interest Income Expense": 1893000.0,
        "Interest Expense Non Operating": 0.0,
        "Interest Income Non Operating": 1893000.0,
        "Operating Income": -3309000.0,
        "Operating Expense": 3426000.0,
        "Research And Development": 1178000.0,
        "Selling General And Administration": 2248000.0,
        "Gross Profit": NaN,
        "Cost Of Revenue": NaN,
        "Total Revenue": 117000.0,
        "Operating Revenue": 117000.0
    }
}