{
    "2023-03-31": {
        "Tax Effect Of Unusual Items": NaN,
        "Tax Rate For Calcs": NaN,
        "Normalized EBITDA": NaN,
        "Total Unusual Items": NaN,
        "Total Unusual Items Excluding Goodwill": NaN,
        "Net Income From Continuing Operation Net Minority Interest": NaN,
        "Reconciled Depreciation": NaN,
        "EBITDA": NaN,
        "EBIT": NaN,
        "Net Interest Income": NaN,
        "Interest Expense": NaN,
        "Interest Income": NaN,
        "Normalized Income": NaN,
        "Net Income From Continuing And Discontinued Operation": NaN,
        "Total Expenses": NaN,
        "Total Operating Income As Reported": NaN,
        "Diluted Average Shares": 166712769.0,
        "Basic Average Shares": 165221734.0,
        "Diluted EPS": 0.006214,
        "Basic EPS": 0.00627,
        "Diluted NI Availto Com Stockholders": NaN,
        "Net Income Common Stockholders": NaN,
        "Net Income": NaN,
        "Net Income Including Noncontrolling Interests": NaN,
        "Net Income Continuous Operations": NaN,
        "Tax Provision": NaN,
        "Pretax Income": NaN,
        "Other Income Expense": NaN,
        "Other Non Operating Income Expenses": NaN,
        "Special Income Charges": NaN,
        "Restructuring And Mergern Acquisition": NaN,
        "Net Non Operating Interest Income Expense": NaN,
        "Interest Expense Non Operating": NaN,
        "Interest Income Non Operating": NaN,
        "Operating Income": NaN,
        "Operating Expense": NaN,
        "Other Operating Expenses": NaN,
        "Research And Development": NaN,
        "Selling General And Administration": NaN,
        "General And Administrative Expense": NaN,
        "Other Gand A": NaN,
        "Salaries And Wages": NaN,
        "Total Revenue": NaN,
        "Operating Revenue": NaN
    },
    "2022-12-31": {
        "Tax Effect Of Unusual Items": NaN,
        "Tax Rate For Calcs": NaN,
        "Normalized EBITDA": NaN,
        "Total Unusual Items": NaN,
        "Total Unusual Items Excluding Goodwill": NaN,
        "Net Income From Continuing Operation Net Minority Interest": NaN,
        "Reconciled Depreciation": NaN,
        "EBITDA": NaN,
        "EBIT": NaN,
        "Net Interest Income": NaN,
        "Interest Expense": NaN,
        "Interest Income": NaN,
        "Normalized Income": NaN,
        "Net Income From Continuing And Discontinued Operation": NaN,
        "Total Expenses": NaN,
        "Total Operating Income As Reported": NaN,
        "Diluted Average Shares": NaN,
        "Basic Average Shares": NaN,
        "Diluted EPS": NaN,
        "Basic EPS": NaN,
        "Diluted NI Availto Com Stockholders": NaN,
        "Net Income Common Stockholders": NaN,
        "Net Income": NaN,
        "Net Income Including Noncontrolling Interests": NaN,
        "Net Income Continuous Operations": NaN,
        "Tax Provision": NaN,
        "Pretax Income": NaN,
        "Other Income Expense": NaN,
        "Other Non Operating Income Expenses": NaN,
        "Special Income Charges": NaN,
        "Restructuring And Mergern Acquisition": NaN,
        "Net Non Operating Interest Income Expense": NaN,
        "Interest Expense Non Operating": NaN,
        "Interest Income Non Operating": NaN,
        "Operating Income": NaN,
        "Operating Expense": NaN,
        "Other Operating Expenses": 0.0,
        "Research And Development": NaN,
        "Selling General And Administration": NaN,
        "General And Administrative Expense": NaN,
        "Other Gand A": NaN,
        "Salaries And Wages": NaN,
        "Total Revenue": NaN,
        "Operating Revenue": NaN
    },
    "2022-09-30": {
        "Tax Effect Of Unusual Items": 0.0,
        "Tax Rate For Calcs": 0.4,
        "Normalized EBITDA": -41499000.0,
        "Total Unusual Items": NaN,
        "Total Unusual Items Excluding Goodwill": NaN,
        "Net Income From Continuing Operation Net Minority Interest": -41421000.0,
        "Reconciled Depreciation": 1491000.0,
        "EBITDA": -41499000.0,
        "EBIT": -42990000.0,
        "Net Interest Income": 324000.0,
        "Interest Income": 324000.0,
        "Normalized Income": -41421000.0,
        "Net Income From Continuing And Discontinued Operation": -41421000.0,
        "Total Expenses": 49997000.0,
        "Total Operating Income As Reported": -42990000.0,
        "Diluted Average Shares": 163465186.0,
        "Basic Average Shares": 163465186.0,
        "Diluted EPS": -0.24,
        "Basic EPS": -0.24,
        "Diluted NI Availto Com Stockholders": -41421000.0,
        "Net Income Common Stockholders": -41421000.0,
        "Net Income": -41421000.0,
        "Net Income Including Noncontrolling Interests": -41421000.0,
        "Net Income Continuous Operations": -41421000.0,
        "Tax Provision": 399000.0,
        "Pretax Income": -41022000.0,
        "Other Income Expense": 1644000.0,
        "Other Non Operating Income Expenses": 1644000.0,
        "Special Income Charges": NaN,
        "Restructuring And Mergern Acquisition": NaN,
        "Net Non Operating Interest Income Expense": 324000.0,
        "Interest Income Non Operating": 324000.0,
        "Operating Income": -42990000.0,
        "Operating Expense": 49997000.0,
        "Other Operating Expenses": NaN,
        "Research And Development": 33182000.0,
        "Selling General And Administration": 16815000.0,
        "General And Administrative Expense": 16815000.0,
        "Other Gand A": 4931000.0,
        "Salaries And Wages": 11884000.0,
        "Total Revenue": 7007000.0,
        "Operating Revenue": 7007000.0
    },
    "2022-06-30": {
        "Tax Effect Of Unusual Items": 0.0,
        "Tax Rate For Calcs": 0.4,
        "Normalized EBITDA": -42200000.0,
        "Total Unusual Items": NaN,
        "Total Unusual Items Excluding Goodwill": NaN,
        "Net Income From Continuing Operation Net Minority Interest": -44520000.0,
        "Reconciled Depreciation": 1552000.0,
        "EBITDA": -42200000.0,
        "EBIT": -43752000.0,
        "Net Interest Income": 357000.0,
        "Interest Income": 357000.0,
        "Normalized Income": -44520000.0,
        "Net Income From Continuing And Discontinued Operation": -44520000.0,
        "Total Expenses": 49290000.0,
        "Total Operating Income As Reported": -43752000.0,
        "Diluted Average Shares": 160465679.0,
        "Basic Average Shares": 160465679.0,
        "Diluted EPS": -0.3,
        "Basic EPS": -0.3,
        "Diluted NI Availto Com Stockholders": -44520000.0,
        "Net Income Common Stockholders": -44520000.0,
        "Net Income": -44520000.0,
        "Net Income Including Noncontrolling Interests": -44520000.0,
        "Net Income Continuous Operations": -44520000.0,
        "Tax Provision": 470000.0,
        "Pretax Income": -44050000.0,
        "Other Income Expense": -655000.0,
        "Other Non Operating Income Expenses": -655000.0,
        "Special Income Charges": NaN,
        "Restructuring And Mergern Acquisition": NaN,
        "Net Non Operating Interest Income Expense": 357000.0,
        "Interest Income Non Operating": 357000.0,
        "Operating Income": -43752000.0,
        "Operating Expense": 49290000.0,
        "Other Operating Expenses": -2344000.0,
        "Research And Development": 34740000.0,
        "Selling General And Administration": 16894000.0,
        "General And Administrative Expense": 16894000.0,
        "Other Gand A": 5323000.0,
        "Salaries And Wages": 11571000.0,
        "Total Revenue": 5538000.0,
        "Operating Revenue": 5538000.0
    },
    "2022-03-31": {
        "Diluted EPS": -0.32,
        "Total Revenue": 4,
        "Gross Profit": 4,
        "Operating Income": -50,
        "EBIT": -48,
        "Net Income": -50
    },
    "2021-12-31": {
        "Diluted EPS": -0.27,
        "Total Revenue": 1,
        "Gross Profit": 1,
        "Operating Income": -43,
        "EBIT": -41,
        "Net Income": -39
    },
    "2021-09-30": {
        "Diluted EPS": -0.27,
        "Total Revenue": 1,
        "Gross Profit": 1,
        "Operating Income": -42,
        "EBIT": -41,
        "Net Income": -42
    },
    "2021-06-30": {
        "Diluted EPS": -0.24,
        "Total Revenue": 3,
        "Gross Profit": 3,
        "Operating Income": -39,
        "EBIT": -38,
        "Net Income": -39
    },
    "2021-03-31": {
        "Diluted EPS": -0.24,
        "Total Revenue": 0,
        "Gross Profit": 0,
        "Operating Income": -38,
        "EBIT": -36,
        "Net Income": -38
    },
    "2020-12-31": {
        "Diluted EPS": -0.21,
        "Total Revenue": 2,
        "Gross Profit": 2,
        "Operating Income": -38,
        "EBIT": -38,
        "Net Income": -37
    },
    "2020-09-30": {
        "Diluted EPS": -0.24,
        "Total Revenue": 1,
        "Gross Profit": 1,
        "Operating Income": -36,
        "EBIT": -32,
        "Net Income": -35
    },
    "2020-06-30": {
        "Diluted EPS": -0.22,
        "Total Revenue": 1,
        "Gross Profit": 1,
        "Operating Income": -30,
        "EBIT": -28,
        "Net Income": -30
    },
    "2020-03-31": {
        "Diluted EPS": -0.23,
        "Total Revenue": 1,
        "Gross Profit": 1,
        "Operating Income": -30,
        "EBIT": -28,
        "Net Income": -28
    },
    "2019-12-31": {
        "Diluted EPS": -0.3,
        "Total Revenue": 1,
        "Gross Profit": 1,
        "Operating Income": -30,
        "EBIT": -28,
        "Net Income": -29
    },
    "2019-09-30": {
        "Diluted EPS": -0.36,
        "Total Revenue": 0,
        "Gross Profit": 0,
        "Operating Income": -40,
        "EBIT": -38,
        "Net Income": -39
    },
    "2019-06-30": {
        "Diluted EPS": -0.42,
        "Total Revenue": 0,
        "Gross Profit": 0,
        "Operating Income": -36,
        "EBIT": -34,
        "Net Income": -41
    },
    "2019-03-31": {
        "Diluted EPS": -0.24,
        "Total Revenue": NaN,
        "Gross Profit": NaN,
        "Operating Income": -34,
        "EBIT": -32,
        "Net Income": -27
    },
    "2018-12-31": {
        "Diluted EPS": -0.3,
        "Total Revenue": 1,
        "Gross Profit": 1,
        "Operating Income": -32,
        "EBIT": -30,
        "Net Income": -36
    },
    "2018-09-30": {
        "Diluted EPS": 0.06,
        "Total Revenue": 41,
        "Gross Profit": 41,
        "Operating Income": 7,
        "EBIT": 9,
        "Net Income": 5
    },
    "2018-06-30": {
        "Diluted EPS": -0.48,
        "Total Revenue": 9,
        "Gross Profit": 9,
        "Operating Income": -29,
        "EBIT": -27,
        "Net Income": -44
    },
    "2018-03-31": {
        "Diluted EPS": -0.24,
        "Total Revenue": 8,
        "Gross Profit": 8,
        "Operating Income": -29,
        "EBIT": -27,
        "Net Income": -21
    },
    "2017-12-31": {
        "Diluted EPS": -0.23,
        "Total Revenue": 4,
        "Gross Profit": 4,
        "Operating Income": -30,
        "EBIT": -28,
        "Net Income": -27
    },
    "2017-09-30": {
        "Diluted EPS": -0.01,
        "Total Revenue": 27,
        "Gross Profit": 27,
        "Operating Income": -5,
        "EBIT": -3,
        "Net Income": -1
    },
    "2017-06-30": {
        "Diluted EPS": -0.24,
        "Total Revenue": 4,
        "Gross Profit": 4,
        "Operating Income": -24,
        "EBIT": -23,
        "Net Income": -20
    },
    "2017-03-31": {
        "Diluted EPS": -0.3,
        "Total Revenue": 3,
        "Gross Profit": 3,
        "Operating Income": -22,
        "EBIT": -21,
        "Net Income": -22
    },
    "2016-12-31": {
        "Diluted EPS": -0.24,
        "Total Revenue": 9,
        "Gross Profit": 9,
        "Operating Income": -15,
        "EBIT": -14,
        "Net Income": -15
    },
    "2016-09-30": {
        "Diluted EPS": -0.24,
        "Total Revenue": 2,
        "Gross Profit": 2,
        "Operating Income": -19,
        "EBIT": -18,
        "Net Income": -18
    },
    "2016-06-30": {
        "Diluted EPS": -0.3,
        "Total Revenue": 0,
        "Gross Profit": 0,
        "Operating Income": -23,
        "EBIT": -22,
        "Net Income": -22
    },
    "2016-03-31": {
        "Diluted EPS": -0.24,
        "Total Revenue": 3,
        "Gross Profit": 3,
        "Operating Income": -17,
        "EBIT": -16,
        "Net Income": -16
    },
    "2015-12-31": {
        "Diluted EPS": 0.0,
        "Total Revenue": NaN,
        "Gross Profit": NaN,
        "Operating Income": NaN,
        "Net Income": NaN
    },
    "2015-09-30": {
        "Diluted EPS": -0.06,
        "Total Revenue": 5,
        "Gross Profit": 5,
        "Operating Income": -8,
        "EBIT": -8,
        "Net Income": -6
    },
    "2015-06-30": {
        "Diluted EPS": -0.3,
        "Total Revenue": 3,
        "Gross Profit": 3,
        "Operating Income": -11,
        "EBIT": -11,
        "Net Income": -17
    },
    "2015-03-31": {
        "Diluted EPS": -0.3,
        "Total Revenue": 3,
        "Gross Profit": 3,
        "Operating Income": -6,
        "EBIT": -6,
        "Net Income": -8
    },
    "2014-12-31": {
        "Diluted EPS": 0.0,
        "Total Revenue": NaN,
        "Gross Profit": NaN,
        "Operating Income": NaN,
        "EBIT": NaN,
        "Net Income": NaN
    },
    "2014-06-30": {
        "Diluted EPS": 0.0,
        "Total Revenue": NaN,
        "Gross Profit": NaN,
        "Operating Income": NaN,
        "EBIT": NaN,
        "Net Income": NaN
    },
    "2023-06-30": {
        "Tax Effect Of Unusual Items": NaN,
        "Tax Rate For Calcs": NaN,
        "Normalized EBITDA": NaN,
        "Total Unusual Items": NaN,
        "Total Unusual Items Excluding Goodwill": NaN,
        "Net Income From Continuing Operation Net Minority Interest": NaN,
        "Reconciled Depreciation": NaN,
        "EBITDA": NaN,
        "EBIT": NaN,
        "Net Interest Income": NaN,
        "Interest Expense": 0.0,
        "Interest Income": NaN,
        "Normalized Income": NaN,
        "Net Income From Continuing And Discontinued Operation": NaN,
        "Total Expenses": NaN,
        "Total Operating Income As Reported": NaN,
        "Diluted Average Shares": 184694493.0,
        "Basic Average Shares": 184694493.0,
        "Diluted EPS": -0.12,
        "Basic EPS": -0.12,
        "Diluted NI Availto Com Stockholders": NaN,
        "Net Income Common Stockholders": NaN,
        "Net Income": NaN,
        "Net Income Including Noncontrolling Interests": NaN,
        "Net Income Continuous Operations": NaN,
        "Tax Provision": NaN,
        "Pretax Income": NaN,
        "Other Income Expense": NaN,
        "Other Non Operating Income Expenses": NaN,
        "Special Income Charges": NaN,
        "Restructuring And Mergern Acquisition": NaN,
        "Net Non Operating Interest Income Expense": NaN,
        "Interest Expense Non Operating": 0.0,
        "Interest Income Non Operating": NaN,
        "Operating Income": NaN,
        "Operating Expense": NaN,
        "Other Operating Expenses": -2478000.0,
        "Research And Development": NaN,
        "Selling General And Administration": NaN,
        "General And Administrative Expense": NaN,
        "Other Gand A": NaN,
        "Salaries And Wages": NaN,
        "Total Revenue": NaN,
        "Operating Revenue": NaN
    },
    "2023-09-30": {
        "Tax Effect Of Unusual Items": NaN,
        "Tax Rate For Calcs": NaN,
        "Normalized EBITDA": NaN,
        "Total Unusual Items": NaN,
        "Total Unusual Items Excluding Goodwill": NaN,
        "Net Income From Continuing Operation Net Minority Interest": NaN,
        "Reconciled Depreciation": NaN,
        "EBITDA": NaN,
        "EBIT": NaN,
        "Net Interest Income": NaN,
        "Interest Expense": 0.0,
        "Interest Income": NaN,
        "Normalized Income": NaN,
        "Net Income From Continuing And Discontinued Operation": NaN,
        "Total Expenses": NaN,
        "Total Operating Income As Reported": NaN,
        "Diluted Average Shares": 226308276.0,
        "Basic Average Shares": 226308276.0,
        "Diluted EPS": -0.18,
        "Basic EPS": -0.18,
        "Diluted NI Availto Com Stockholders": NaN,
        "Net Income Common Stockholders": NaN,
        "Net Income": NaN,
        "Net Income Including Noncontrolling Interests": NaN,
        "Net Income Continuous Operations": NaN,
        "Tax Provision": NaN,
        "Pretax Income": NaN,
        "Other Income Expense": NaN,
        "Other Non Operating Income Expenses": NaN,
        "Special Income Charges": NaN,
        "Restructuring And Mergern Acquisition": NaN,
        "Net Non Operating Interest Income Expense": NaN,
        "Interest Expense Non Operating": 0.0,
        "Interest Income Non Operating": NaN,
        "Operating Income": NaN,
        "Operating Expense": NaN,
        "Other Operating Expenses": NaN,
        "Research And Development": NaN,
        "Selling General And Administration": NaN,
        "General And Administrative Expense": NaN,
        "Other Gand A": NaN,
        "Salaries And Wages": NaN,
        "Total Revenue": NaN,
        "Operating Revenue": NaN
    },
    "2023-12-31": {
        "Tax Effect Of Unusual Items": 0.0,
        "Tax Rate For Calcs": 0.013505,
        "Normalized EBITDA": -46985000.0,
        "Total Unusual Items": 0.0,
        "Total Unusual Items Excluding Goodwill": 0.0,
        "Net Income From Continuing Operation Net Minority Interest": -47917000.0,
        "Reconciled Depreciation": 2871000.0,
        "EBITDA": -46985000.0,
        "EBIT": -49856000.0,
        "Net Interest Income": 1596000.0,
        "Interest Expense": NaN,
        "Interest Income": 1596000.0,
        "Normalized Income": -47917000.0,
        "Net Income From Continuing And Discontinued Operation": -47917000.0,
        "Total Expenses": 50087000.0,
        "Total Operating Income As Reported": -49856000.0,
        "Diluted Average Shares": NaN,
        "Basic Average Shares": NaN,
        "Diluted EPS": NaN,
        "Basic EPS": NaN,
        "Diluted NI Availto Com Stockholders": -47917000.0,
        "Net Income Common Stockholders": -47917000.0,
        "Net Income": -47917000.0,
        "Net Income Including Noncontrolling Interests": -47917000.0,
        "Net Income Continuous Operations": -47917000.0,
        "Tax Provision": -656000.0,
        "Pretax Income": -48573000.0,
        "Other Income Expense": -313000.0,
        "Other Non Operating Income Expenses": -313000.0,
        "Special Income Charges": 0.0,
        "Restructuring And Mergern Acquisition": 0.0,
        "Net Non Operating Interest Income Expense": 1596000.0,
        "Interest Expense Non Operating": NaN,
        "Interest Income Non Operating": 1596000.0,
        "Operating Income": -49856000.0,
        "Operating Expense": 50087000.0,
        "Other Operating Expenses": NaN,
        "Research And Development": 33208000.0,
        "Selling General And Administration": 16879000.0,
        "General And Administrative Expense": 16879000.0,
        "Other Gand A": 5736000.0,
        "Salaries And Wages": 11143000.0,
        "Total Revenue": 231000.0,
        "Operating Revenue": 231000.0
    },
    "2024-03-31": {
        "Tax Effect Of Unusual Items": 0.0,
        "Tax Rate For Calcs": 0.25,
        "Normalized EBITDA": -46431000.0,
        "Total Unusual Items": 0.0,
        "Total Unusual Items Excluding Goodwill": 0.0,
        "Net Income From Continuing Operation Net Minority Interest": -48503000.0,
        "Reconciled Depreciation": 2830000.0,
        "EBITDA": -46431000.0,
        "EBIT": -49261000.0,
        "Net Interest Income": 1345000.0,
        "Interest Expense": NaN,
        "Interest Income": 1345000.0,
        "Normalized Income": -48503000.0,
        "Net Income From Continuing And Discontinued Operation": -48503000.0,
        "Total Expenses": 54939000.0,
        "Total Operating Income As Reported": -49261000.0,
        "Diluted Average Shares": 241873610.0,
        "Basic Average Shares": 241873610.0,
        "Diluted EPS": -0.18,
        "Basic EPS": -0.18,
        "Diluted NI Availto Com Stockholders": -48503000.0,
        "Net Income Common Stockholders": -48503000.0,
        "Net Income": -48503000.0,
        "Net Income Including Noncontrolling Interests": -48503000.0,
        "Net Income Continuous Operations": -48503000.0,
        "Tax Provision": 526000.0,
        "Pretax Income": -47977000.0,
        "Other Income Expense": -61000.0,
        "Other Non Operating Income Expenses": -61000.0,
        "Special Income Charges": 0.0,
        "Restructuring And Mergern Acquisition": 0.0,
        "Net Non Operating Interest Income Expense": 1345000.0,
        "Interest Expense Non Operating": NaN,
        "Interest Income Non Operating": 1345000.0,
        "Operating Income": -49261000.0,
        "Operating Expense": 54939000.0,
        "Other Operating Expenses": NaN,
        "Research And Development": 35207000.0,
        "Selling General And Administration": 19732000.0,
        "General And Administrative Expense": 19732000.0,
        "Other Gand A": 7563000.0,
        "Salaries And Wages": 12169000.0,
        "Total Revenue": 5678000.0,
        "Operating Revenue": 5678000.0
    },
    "2024-06-30": {
        "Tax Effect Of Unusual Items": 0.0,
        "Tax Rate For Calcs": 0.007509,
        "Normalized EBITDA": 73315000.0,
        "Total Unusual Items": 0.0,
        "Total Unusual Items Excluding Goodwill": 0.0,
        "Net Income From Continuing Operation Net Minority Interest": 69521000.0,
        "Reconciled Depreciation": 2742000.0,
        "EBITDA": 73315000.0,
        "EBIT": 70573000.0,
        "Net Interest Income": 850000.0,
        "Interest Expense": 526000.0,
        "Interest Income": 1376000.0,
        "Normalized Income": 69521000.0,
        "Net Income From Continuing And Discontinued Operation": 69521000.0,
        "Total Expenses": 59531000.0,
        "Total Operating Income As Reported": 68700000.0,
        "Diluted Average Shares": 259863962.0,
        "Basic Average Shares": 255588640.0,
        "Diluted EPS": 0.24,
        "Basic EPS": 0.3,
        "Diluted NI Availto Com Stockholders": 69521000.0,
        "Net Income Common Stockholders": 69521000.0,
        "Net Income": 69521000.0,
        "Net Income Including Noncontrolling Interests": 69521000.0,
        "Net Income Continuous Operations": 69521000.0,
        "Tax Provision": 526000.0,
        "Pretax Income": 70047000.0,
        "Other Income Expense": 497000.0,
        "Other Non Operating Income Expenses": 497000.0,
        "Special Income Charges": 0.0,
        "Restructuring And Mergern Acquisition": 0.0,
        "Net Non Operating Interest Income Expense": 850000.0,
        "Interest Expense Non Operating": 526000.0,
        "Interest Income Non Operating": 1376000.0,
        "Operating Income": 68700000.0,
        "Operating Expense": 59531000.0,
        "Other Operating Expenses": NaN,
        "Research And Development": 40448000.0,
        "Selling General And Administration": 19083000.0,
        "General And Administrative Expense": 19083000.0,
        "Other Gand A": 6892000.0,
        "Salaries And Wages": 12191000.0,
        "Total Revenue": 128231000.0,
        "Operating Revenue": 128231000.0
    },
    "2024-09-30": {
        "Tax Effect Of Unusual Items": 0.0,
        "Tax Rate For Calcs": 0.25,
        "Normalized EBITDA": -12859000.0,
        "Total Unusual Items": 0.0,
        "Total Unusual Items Excluding Goodwill": 0.0,
        "Net Income From Continuing Operation Net Minority Interest": -17617000.0,
        "Reconciled Depreciation": 2818000.0,
        "EBITDA": -12859000.0,
        "EBIT": -15677000.0,
        "Net Interest Income": 987000.0,
        "Interest Expense": 1109000.0,
        "Interest Income": 2096000.0,
        "Normalized Income": -17617000.0,
        "Net Income From Continuing And Discontinued Operation": -17617000.0,
        "Total Expenses": 55581000.0,
        "Total Operating Income As Reported": -14680000.0,
        "Diluted Average Shares": 255768996.0,
        "Basic Average Shares": 255768996.0,
        "Diluted EPS": -0.06,
        "Basic EPS": -0.06,
        "Diluted NI Availto Com Stockholders": -17617000.0,
        "Net Income Common Stockholders": -17617000.0,
        "Net Income": -17617000.0,
        "Net Income Including Noncontrolling Interests": -17617000.0,
        "Net Income Continuous Operations": -17617000.0,
        "Tax Provision": 831000.0,
        "Pretax Income": -16786000.0,
        "Other Income Expense": -3093000.0,
        "Other Non Operating Income Expenses": -3093000.0,
        "Special Income Charges": 0.0,
        "Restructuring And Mergern Acquisition": 0.0,
        "Net Non Operating Interest Income Expense": 987000.0,
        "Interest Expense Non Operating": 1109000.0,
        "Interest Income Non Operating": 2096000.0,
        "Operating Income": -14680000.0,
        "Operating Expense": 55581000.0,
        "Other Operating Expenses": NaN,
        "Research And Development": 34304000.0,
        "Selling General And Administration": 21277000.0,
        "General And Administrative Expense": 21277000.0,
        "Other Gand A": 9370000.0,
        "Salaries And Wages": 11907000.0,
        "Total Revenue": 40901000.0,
        "Operating Revenue": 40901000.0
    },
    "2024-12-31": {
        "Tax Effect Of Unusual Items": -4087750.0,
        "Tax Rate For Calcs": 0.25,
        "Normalized EBITDA": -51623000.0,
        "Total Unusual Items": -16351000.0,
        "Total Unusual Items Excluding Goodwill": -16351000.0,
        "Net Income From Continuing Operation Net Minority Interest": -74215000.0,
        "Reconciled Depreciation": 2835000.0,
        "EBITDA": -67974000.0,
        "EBIT": -70809000.0,
        "Net Interest Income": 66000.0,
        "Interest Expense": 1713000.0,
        "Interest Income": 1779000.0,
        "Normalized Income": -61951750.0,
        "Net Income From Continuing And Discontinued Operation": -74215000.0,
        "Total Expenses": 60390000.0,
        "Total Operating Income As Reported": -73519000.0,
        "Diluted Average Shares": NaN,
        "Basic Average Shares": NaN,
        "Diluted EPS": NaN,
        "Basic EPS": NaN,
        "Diluted NI Availto Com Stockholders": -74215000.0,
        "Net Income Common Stockholders": -74215000.0,
        "Net Income": -74215000.0,
        "Net Income Including Noncontrolling Interests": -74215000.0,
        "Net Income Continuous Operations": -74215000.0,
        "Tax Provision": 1693000.0,
        "Pretax Income": -72522000.0,
        "Other Income Expense": -15420000.0,
        "Other Non Operating Income Expenses": 931000.0,
        "Special Income Charges": -16351000.0,
        "Restructuring And Mergern Acquisition": 5950000.0,
        "Net Non Operating Interest Income Expense": 66000.0,
        "Interest Expense Non Operating": 1713000.0,
        "Interest Income Non Operating": 1779000.0,
        "Operating Income": -57168000.0,
        "Operating Expense": 60320000.0,
        "Other Operating Expenses": NaN,
        "Research And Development": 39101000.0,
        "Selling General And Administration": 21219000.0,
        "General And Administrative Expense": 20713000.0,
        "Other Gand A": 8173000.0,
        "Salaries And Wages": 12540000.0,
        "Total Revenue": 3222000.0,
        "Operating Revenue": 3222000.0
    }
}