{
    "2023-03-31": {
        "Tax Effect Of Unusual Items": NaN,
        "Tax Rate For Calcs": NaN,
        "Normalized EBITDA": NaN,
        "Total Unusual Items": 0.0,
        "Total Unusual Items Excluding Goodwill": 0.0,
        "Net Income From Continuing Operation Net Minority Interest": NaN,
        "Reconciled Depreciation": NaN,
        "Reconciled Cost Of Revenue": NaN,
        "EBITDA": NaN,
        "EBIT": NaN,
        "Net Interest Income": NaN,
        "Interest Expense": NaN,
        "Interest Income": NaN,
        "Normalized Income": NaN,
        "Net Income From Continuing And Discontinued Operation": NaN,
        "Total Expenses": NaN,
        "Total Operating Income As Reported": NaN,
        "Diluted Average Shares": NaN,
        "Basic Average Shares": NaN,
        "Diluted EPS": NaN,
        "Basic EPS": NaN,
        "Diluted NI Availto Com Stockholders": NaN,
        "Net Income Common Stockholders": NaN,
        "Net Income": NaN,
        "Net Income Including Noncontrolling Interests": NaN,
        "Net Income Continuous Operations": NaN,
        "Tax Provision": NaN,
        "Pretax Income": NaN,
        "Other Income Expense": NaN,
        "Other Non Operating Income Expenses": NaN,
        "Special Income Charges": 0.0,
        "Net Non Operating Interest Income Expense": NaN,
        "Interest Expense Non Operating": NaN,
        "Interest Income Non Operating": NaN,
        "Operating Income": NaN,
        "Operating Expense": NaN,
        "Other Operating Expenses": NaN,
        "Depreciation Amortization Depletion Income Statement": NaN,
        "Depreciation And Amortization In Income Statement": NaN,
        "Amortization": NaN,
        "Amortization Of Intangibles Income Statement": NaN,
        "Research And Development": NaN,
        "Selling General And Administration": NaN,
        "Gross Profit": NaN,
        "Cost Of Revenue": NaN,
        "Total Revenue": NaN,
        "Operating Revenue": NaN
    },
    "2022-12-31": {
        "Tax Effect Of Unusual Items": NaN,
        "Tax Rate For Calcs": NaN,
        "Normalized EBITDA": NaN,
        "Total Unusual Items": 0.0,
        "Total Unusual Items Excluding Goodwill": 0.0,
        "Net Income From Continuing Operation Net Minority Interest": NaN,
        "Reconciled Depreciation": NaN,
        "Reconciled Cost Of Revenue": NaN,
        "EBITDA": NaN,
        "EBIT": NaN,
        "Net Interest Income": NaN,
        "Interest Expense": NaN,
        "Interest Income": NaN,
        "Normalized Income": NaN,
        "Net Income From Continuing And Discontinued Operation": NaN,
        "Total Expenses": NaN,
        "Total Operating Income As Reported": NaN,
        "Diluted Average Shares": NaN,
        "Basic Average Shares": NaN,
        "Diluted EPS": NaN,
        "Basic EPS": NaN,
        "Diluted NI Availto Com Stockholders": NaN,
        "Net Income Common Stockholders": NaN,
        "Net Income": NaN,
        "Net Income Including Noncontrolling Interests": NaN,
        "Net Income Continuous Operations": NaN,
        "Tax Provision": NaN,
        "Pretax Income": NaN,
        "Other Income Expense": NaN,
        "Other Non Operating Income Expenses": NaN,
        "Special Income Charges": 0.0,
        "Other Special Charges": 0.0,
        "Net Non Operating Interest Income Expense": NaN,
        "Interest Expense Non Operating": NaN,
        "Interest Income Non Operating": NaN,
        "Operating Income": NaN,
        "Operating Expense": NaN,
        "Other Operating Expenses": NaN,
        "Depreciation Amortization Depletion Income Statement": NaN,
        "Depreciation And Amortization In Income Statement": NaN,
        "Amortization": NaN,
        "Amortization Of Intangibles Income Statement": NaN,
        "Research And Development": NaN,
        "Selling General And Administration": NaN,
        "Gross Profit": NaN,
        "Cost Of Revenue": NaN,
        "Total Revenue": NaN,
        "Operating Revenue": NaN
    },
    "2022-09-30": {
        "Tax Effect Of Unusual Items": 0.0,
        "Tax Rate For Calcs": 0.0,
        "Normalized EBITDA": -7457146.0,
        "Total Unusual Items": 0.0,
        "Total Unusual Items Excluding Goodwill": 0.0,
        "Net Income From Continuing Operation Net Minority Interest": -14899504.0,
        "Reconciled Depreciation": 1861992.0,
        "Reconciled Cost Of Revenue": 29750342.0,
        "EBITDA": -7457146.0,
        "EBIT": -9319138.0,
        "Net Interest Income": -5573130.0,
        "Interest Expense": 5580366.0,
        "Interest Income": 7236.0,
        "Normalized Income": -14899504.0,
        "Net Income From Continuing And Discontinued Operation": -14899504.0,
        "Total Expenses": 50406870.0,
        "Total Operating Income As Reported": -9316733.0,
        "Diluted Average Shares": 196383935.0,
        "Basic Average Shares": 196383935.0,
        "Diluted EPS": -0.08,
        "Basic EPS": -0.08,
        "Diluted NI Availto Com Stockholders": -14899504.0,
        "Net Income Common Stockholders": -14899504.0,
        "Net Income": -14899504.0,
        "Net Income Including Noncontrolling Interests": -14899504.0,
        "Net Income Continuous Operations": -14899504.0,
        "Pretax Income": -14899504.0,
        "Other Income Expense": -9641.0,
        "Other Non Operating Income Expenses": -9641.0,
        "Special Income Charges": 0.0,
        "Other Special Charges": NaN,
        "Net Non Operating Interest Income Expense": -5573130.0,
        "Interest Expense Non Operating": 5580366.0,
        "Interest Income Non Operating": 7236.0,
        "Operating Income": -9316733.0,
        "Operating Expense": 18973374.0,
        "Other Operating Expenses": 4859450.0,
        "Depreciation Amortization Depletion Income Statement": 178838.0,
        "Depreciation And Amortization In Income Statement": 178838.0,
        "Amortization": 178838.0,
        "Amortization Of Intangibles Income Statement": 178838.0,
        "Research And Development": 1041947.0,
        "Selling General And Administration": 12893139.0,
        "Gross Profit": 9656641.0,
        "Cost Of Revenue": 31433496.0,
        "Total Revenue": 41090137.0,
        "Operating Revenue": 41090137.0
    },
    "2022-06-30": {
        "Tax Effect Of Unusual Items": 0.0,
        "Tax Rate For Calcs": 0.0,
        "Normalized EBITDA": -7467608.0,
        "Total Unusual Items": 0.0,
        "Total Unusual Items Excluding Goodwill": 0.0,
        "Net Income From Continuing Operation Net Minority Interest": -13764906.0,
        "Reconciled Depreciation": 1724283.0,
        "Reconciled Cost Of Revenue": 24590169.0,
        "EBITDA": -7467608.0,
        "EBIT": -9191891.0,
        "Net Interest Income": -4570746.0,
        "Interest Expense": 4573015.0,
        "Interest Income": 2269.0,
        "Normalized Income": -13764906.0,
        "Net Income From Continuing And Discontinued Operation": -13764906.0,
        "Total Expenses": 43079746.0,
        "Total Operating Income As Reported": -9174739.0,
        "Diluted Average Shares": 196353185.0,
        "Basic Average Shares": 196353185.0,
        "Diluted EPS": -0.07,
        "Basic EPS": -0.07,
        "Diluted NI Availto Com Stockholders": -13764906.0,
        "Net Income Common Stockholders": -13764906.0,
        "Net Income": -13764906.0,
        "Net Income Including Noncontrolling Interests": -13764906.0,
        "Net Income Continuous Operations": -13764906.0,
        "Pretax Income": -13764906.0,
        "Other Income Expense": -19421.0,
        "Other Non Operating Income Expenses": -19421.0,
        "Special Income Charges": 0.0,
        "Other Special Charges": NaN,
        "Net Non Operating Interest Income Expense": -4570746.0,
        "Interest Expense Non Operating": 4573015.0,
        "Interest Income Non Operating": 2269.0,
        "Operating Income": -9174739.0,
        "Operating Expense": 16944132.0,
        "Other Operating Expenses": 3921486.0,
        "Depreciation Amortization Depletion Income Statement": 178838.0,
        "Depreciation And Amortization In Income Statement": 178838.0,
        "Amortization": 178838.0,
        "Amortization Of Intangibles Income Statement": 178838.0,
        "Research And Development": 873386.0,
        "Selling General And Administration": 11970422.0,
        "Gross Profit": 7769393.0,
        "Cost Of Revenue": 26135614.0,
        "Total Revenue": 33905007.0,
        "Operating Revenue": 33905007.0
    },
    "2022-03-31": {
        "Diluted EPS": -0.13,
        "Total Revenue": 29,
        "Gross Profit": 4,
        "Operating Income": -15,
        "EBIT": -13,
        "Net Income": -25
    },
    "2021-12-31": {
        "Diluted EPS": -0.07,
        "Total Revenue": 26,
        "Gross Profit": 4,
        "Operating Income": -13,
        "EBIT": -11,
        "Net Income": -17
    },
    "2021-09-30": {
        "Diluted EPS": -0.13,
        "Total Revenue": 21,
        "Gross Profit": 0,
        "Operating Income": -14,
        "EBIT": -13,
        "Net Income": -18
    },
    "2021-06-30": {
        "Diluted EPS": -0.15,
        "Total Revenue": 18,
        "Gross Profit": -1,
        "Operating Income": -16,
        "EBIT": -14,
        "Net Income": -19
    },
    "2021-03-31": {
        "Diluted EPS": -0.16,
        "Total Revenue": 16,
        "Gross Profit": -2,
        "Operating Income": -15,
        "EBIT": -14,
        "Net Income": -18
    },
    "2020-12-31": {
        "Diluted EPS": -0.2,
        "Total Revenue": 14,
        "Gross Profit": -5,
        "Operating Income": -17,
        "EBIT": -16,
        "Net Income": -19
    },
    "2020-09-30": {
        "Diluted EPS": -0.19,
        "Total Revenue": 10,
        "Gross Profit": -2,
        "Operating Income": -14,
        "EBIT": -12,
        "Net Income": -17
    },
    "2020-06-30": {
        "Diluted EPS": -0.23,
        "Total Revenue": 8,
        "Gross Profit": -6,
        "Operating Income": -17,
        "EBIT": -16,
        "Net Income": -20
    },
    "2020-03-31": {
        "Diluted EPS": -0.26,
        "Total Revenue": 10,
        "Gross Profit": -7,
        "Operating Income": -17,
        "EBIT": -16,
        "Net Income": -19
    },
    "2019-12-31": {
        "Diluted EPS": -0.17,
        "Total Revenue": 12,
        "Gross Profit": 0,
        "Operating Income": -8,
        "EBIT": -7,
        "Net Income": -11
    },
    "2019-09-30": {
        "Diluted EPS": -0.19,
        "Total Revenue": 7,
        "Gross Profit": -1,
        "Operating Income": -9,
        "EBIT": -8,
        "Net Income": -11
    },
    "2019-06-30": {
        "Diluted EPS": -0.25,
        "Total Revenue": 7,
        "Gross Profit": -4,
        "Operating Income": -11,
        "EBIT": -10,
        "Net Income": -13
    },
    "2019-03-31": {
        "Diluted EPS": -0.28,
        "Total Revenue": 4,
        "Gross Profit": -6,
        "Operating Income": -13,
        "EBIT": -12,
        "Net Income": -13
    },
    "2018-12-31": {
        "Diluted EPS": -0.38,
        "Total Revenue": 4,
        "Gross Profit": -7,
        "Operating Income": -17,
        "EBIT": -15,
        "Net Income": -18
    },
    "2018-09-30": {
        "Diluted EPS": -0.33,
        "Total Revenue": 4,
        "Gross Profit": -5,
        "Operating Income": -14,
        "EBIT": -13,
        "Net Income": -15
    },
    "2018-06-30": {
        "Diluted EPS": -0.35,
        "Total Revenue": 5,
        "Gross Profit": -5,
        "Operating Income": -13,
        "EBIT": -12,
        "Net Income": -15
    },
    "2018-03-31": {
        "Diluted EPS": -0.39,
        "Total Revenue": 4,
        "Gross Profit": -8,
        "Operating Income": -17,
        "EBIT": -15,
        "Net Income": -18
    },
    "2017-12-31": {
        "Diluted EPS": -0.26,
        "Total Revenue": 12,
        "Gross Profit": 0,
        "Operating Income": -11,
        "EBIT": -9,
        "Net Income": -13
    },
    "2017-09-30": {
        "Diluted EPS": -0.59,
        "Total Revenue": 5,
        "Gross Profit": -7,
        "Operating Income": -14,
        "EBIT": -13,
        "Net Income": -15
    },
    "2017-06-30": {
        "Diluted EPS": -0.55,
        "Total Revenue": 3,
        "Gross Profit": -1,
        "Operating Income": -8,
        "EBIT": -8,
        "Net Income": -9
    },
    "2017-03-31": {
        "Diluted EPS": -0.51,
        "Total Revenue": 3,
        "Gross Profit": 1,
        "Operating Income": -6,
        "EBIT": -6,
        "Net Income": -7
    },
    "2016-12-31": {
        "Diluted EPS": -0.34,
        "Total Revenue": 3,
        "Gross Profit": 1,
        "Operating Income": -4,
        "EBIT": -4,
        "Net Income": -5
    },
    "2016-09-30": {
        "Diluted EPS": -0.34,
        "Total Revenue": 3,
        "Gross Profit": 1,
        "Operating Income": -4,
        "EBIT": -3,
        "Net Income": -4
    },
    "2016-06-30": {
        "Diluted EPS": -0.5,
        "Total Revenue": 2,
        "Gross Profit": 1,
        "Operating Income": -5,
        "EBIT": -5,
        "Net Income": -6
    },
    "2016-03-31": {
        "Diluted EPS": -0.43,
        "Total Revenue": 2,
        "Gross Profit": 1,
        "Operating Income": -4,
        "EBIT": -4,
        "Net Income": -5
    },
    "2015-12-31": {
        "Diluted EPS": -0.44,
        "Total Revenue": 3,
        "Gross Profit": 1,
        "Operating Income": -4,
        "EBIT": -4,
        "Net Income": -5
    },
    "2015-09-30": {
        "Diluted EPS": -0.48,
        "Total Revenue": 2,
        "Gross Profit": 1,
        "Operating Income": -5,
        "EBIT": -4,
        "Net Income": -5
    },
    "2015-06-30": {
        "Diluted EPS": -0.44,
        "Total Revenue": 1,
        "Gross Profit": 1,
        "Operating Income": -4,
        "EBIT": -3,
        "Net Income": -5
    },
    "2015-03-31": {
        "Diluted EPS": -0.37,
        "Total Revenue": 2,
        "Gross Profit": 1,
        "Operating Income": -3,
        "EBIT": -3,
        "Net Income": -4
    },
    "2014-12-31": {
        "Diluted EPS": -0.38,
        "Total Revenue": 1,
        "Gross Profit": 1,
        "Operating Income": -4,
        "EBIT": -4,
        "Net Income": -4
    },
    "2014-09-30": {
        "Diluted EPS": -0.36,
        "Total Revenue": 1,
        "Gross Profit": 0,
        "Operating Income": -3,
        "EBIT": -3,
        "Net Income": -3
    },
    "2014-06-30": {
        "Diluted EPS": -0.43,
        "Total Revenue": 2,
        "Gross Profit": 1,
        "Operating Income": -4,
        "EBIT": -3,
        "Net Income": -4
    },
    "2014-03-31": {
        "Diluted EPS": -0.64,
        "Total Revenue": 2,
        "Gross Profit": 1,
        "Operating Income": -6,
        "EBIT": -6,
        "Net Income": -6
    },
    "2013-12-31": {
        "Diluted EPS": -0.54,
        "Total Revenue": 0,
        "Gross Profit": 0,
        "Operating Income": -5,
        "EBIT": -4,
        "Net Income": -5
    },
    "2013-09-30": {
        "Diluted EPS": -0.46,
        "Total Revenue": 1,
        "Gross Profit": 0,
        "Operating Income": -3,
        "EBIT": -2,
        "Net Income": -3
    },
    "2013-06-30": {
        "Diluted EPS": -0.83,
        "Total Revenue": 1,
        "Gross Profit": 0,
        "Operating Income": -5,
        "EBIT": -5,
        "Net Income": -5
    },
    "2013-03-31": {
        "Diluted EPS": -0.55,
        "Total Revenue": 1,
        "Gross Profit": 0,
        "Operating Income": -3,
        "EBIT": -3,
        "Net Income": -3
    },
    "2012-12-31": {
        "Diluted EPS": 0.0,
        "Total Revenue": NaN,
        "Gross Profit": NaN,
        "Operating Income": NaN,
        "EBIT": NaN,
        "Net Income": NaN
    },
    "2023-06-30": {
        "Tax Effect Of Unusual Items": NaN,
        "Tax Rate For Calcs": NaN,
        "Normalized EBITDA": NaN,
        "Total Unusual Items": 0.0,
        "Total Unusual Items Excluding Goodwill": 0.0,
        "Net Income From Continuing Operation Net Minority Interest": NaN,
        "Reconciled Depreciation": NaN,
        "Reconciled Cost Of Revenue": NaN,
        "EBITDA": NaN,
        "EBIT": NaN,
        "Net Interest Income": NaN,
        "Interest Expense": NaN,
        "Interest Income": NaN,
        "Normalized Income": NaN,
        "Net Income From Continuing And Discontinued Operation": NaN,
        "Total Expenses": NaN,
        "Total Operating Income As Reported": NaN,
        "Diluted Average Shares": 222683393.0,
        "Basic Average Shares": 222683393.0,
        "Diluted EPS": -0.03,
        "Basic EPS": -0.03,
        "Diluted NI Availto Com Stockholders": NaN,
        "Net Income Common Stockholders": NaN,
        "Net Income": NaN,
        "Net Income Including Noncontrolling Interests": NaN,
        "Net Income Continuous Operations": NaN,
        "Tax Provision": NaN,
        "Pretax Income": NaN,
        "Other Income Expense": NaN,
        "Other Non Operating Income Expenses": NaN,
        "Special Income Charges": 0.0,
        "Net Non Operating Interest Income Expense": NaN,
        "Interest Expense Non Operating": NaN,
        "Interest Income Non Operating": NaN,
        "Operating Income": NaN,
        "Operating Expense": NaN,
        "Other Operating Expenses": NaN,
        "Depreciation Amortization Depletion Income Statement": NaN,
        "Depreciation And Amortization In Income Statement": NaN,
        "Amortization": NaN,
        "Amortization Of Intangibles Income Statement": NaN,
        "Research And Development": NaN,
        "Selling General And Administration": NaN,
        "Gross Profit": NaN,
        "Cost Of Revenue": NaN,
        "Total Revenue": NaN,
        "Operating Revenue": NaN
    },
    "2023-09-30": {
        "Tax Effect Of Unusual Items": NaN,
        "Tax Rate For Calcs": NaN,
        "Normalized EBITDA": NaN,
        "Total Unusual Items": 0.0,
        "Total Unusual Items Excluding Goodwill": 0.0,
        "Net Income From Continuing Operation Net Minority Interest": NaN,
        "Reconciled Depreciation": NaN,
        "Reconciled Cost Of Revenue": NaN,
        "EBITDA": NaN,
        "EBIT": NaN,
        "Net Interest Income": NaN,
        "Interest Expense": NaN,
        "Interest Income": NaN,
        "Normalized Income": NaN,
        "Net Income From Continuing And Discontinued Operation": NaN,
        "Total Expenses": NaN,
        "Total Operating Income As Reported": NaN,
        "Diluted Average Shares": NaN,
        "Basic Average Shares": NaN,
        "Diluted EPS": NaN,
        "Basic EPS": NaN,
        "Diluted NI Availto Com Stockholders": NaN,
        "Net Income Common Stockholders": NaN,
        "Net Income": NaN,
        "Net Income Including Noncontrolling Interests": NaN,
        "Net Income Continuous Operations": NaN,
        "Tax Provision": NaN,
        "Pretax Income": NaN,
        "Other Income Expense": NaN,
        "Other Non Operating Income Expenses": NaN,
        "Special Income Charges": 0.0,
        "Net Non Operating Interest Income Expense": NaN,
        "Interest Expense Non Operating": NaN,
        "Interest Income Non Operating": NaN,
        "Operating Income": NaN,
        "Operating Expense": NaN,
        "Other Operating Expenses": NaN,
        "Depreciation Amortization Depletion Income Statement": NaN,
        "Depreciation And Amortization In Income Statement": NaN,
        "Amortization": NaN,
        "Amortization Of Intangibles Income Statement": NaN,
        "Research And Development": NaN,
        "Selling General And Administration": NaN,
        "Gross Profit": NaN,
        "Cost Of Revenue": NaN,
        "Total Revenue": NaN,
        "Operating Revenue": NaN
    },
    "2023-12-31": {
        "Tax Effect Of Unusual Items": NaN,
        "Tax Rate For Calcs": NaN,
        "Normalized EBITDA": NaN,
        "Total Unusual Items": -26174000.0,
        "Total Unusual Items Excluding Goodwill": -26174000.0,
        "Net Income From Continuing Operation Net Minority Interest": NaN,
        "Reconciled Depreciation": NaN,
        "Reconciled Cost Of Revenue": NaN,
        "EBITDA": NaN,
        "EBIT": NaN,
        "Net Interest Income": NaN,
        "Interest Expense": NaN,
        "Interest Income": NaN,
        "Normalized Income": NaN,
        "Net Income From Continuing And Discontinued Operation": NaN,
        "Total Expenses": NaN,
        "Total Operating Income As Reported": NaN,
        "Diluted Average Shares": NaN,
        "Basic Average Shares": NaN,
        "Diluted EPS": NaN,
        "Basic EPS": NaN,
        "Diluted NI Availto Com Stockholders": NaN,
        "Net Income Common Stockholders": NaN,
        "Net Income": NaN,
        "Net Income Including Noncontrolling Interests": NaN,
        "Net Income Continuous Operations": NaN,
        "Tax Provision": NaN,
        "Pretax Income": NaN,
        "Other Income Expense": NaN,
        "Other Non Operating Income Expenses": NaN,
        "Special Income Charges": -26174000.0,
        "Other Special Charges": NaN,
        "Net Non Operating Interest Income Expense": NaN,
        "Interest Expense Non Operating": NaN,
        "Interest Income Non Operating": NaN,
        "Operating Income": NaN,
        "Operating Expense": NaN,
        "Other Operating Expenses": NaN,
        "Depreciation Amortization Depletion Income Statement": NaN,
        "Depreciation And Amortization In Income Statement": NaN,
        "Amortization": NaN,
        "Amortization Of Intangibles Income Statement": NaN,
        "Research And Development": NaN,
        "Selling General And Administration": NaN,
        "Gross Profit": NaN,
        "Cost Of Revenue": NaN,
        "Total Revenue": NaN,
        "Operating Revenue": NaN
    },
    "2024-03-31": {
        "Tax Effect Of Unusual Items": 0.0,
        "Tax Rate For Calcs": 0.032335,
        "Normalized EBITDA": 24284000.0,
        "Total Unusual Items": NaN,
        "Total Unusual Items Excluding Goodwill": NaN,
        "Net Income From Continuing Operation Net Minority Interest": 17806000.0,
        "Reconciled Depreciation": 2114000.0,
        "Reconciled Cost Of Revenue": 40846000.0,
        "EBITDA": 24284000.0,
        "EBIT": 22170000.0,
        "Net Interest Income": -3385000.0,
        "Interest Expense": 3769000.0,
        "Interest Income": 384000.0,
        "Normalized Income": 17806000.0,
        "Net Income From Continuing And Discontinued Operation": 17806000.0,
        "Total Expenses": 60054000.0,
        "Total Operating Income As Reported": 21821000.0,
        "Diluted Average Shares": 236414374.0,
        "Basic Average Shares": 228874847.0,
        "Diluted EPS": 0.08,
        "Basic EPS": 0.08,
        "Diluted NI Availto Com Stockholders": 17806000.0,
        "Net Income Common Stockholders": 17806000.0,
        "Net Income": 17806000.0,
        "Net Income Including Noncontrolling Interests": 17806000.0,
        "Net Income Continuous Operations": 17806000.0,
        "Tax Provision": 595000.0,
        "Pretax Income": 18401000.0,
        "Other Income Expense": -35000.0,
        "Other Non Operating Income Expenses": -35000.0,
        "Special Income Charges": NaN,
        "Net Non Operating Interest Income Expense": -3385000.0,
        "Interest Expense Non Operating": 3769000.0,
        "Interest Income Non Operating": 384000.0,
        "Operating Income": 21821000.0,
        "Operating Expense": 17287000.0,
        "Other Operating Expenses": 1005000.0,
        "Depreciation Amortization Depletion Income Statement": 193000.0,
        "Depreciation And Amortization In Income Statement": 193000.0,
        "Amortization": 193000.0,
        "Amortization Of Intangibles Income Statement": 193000.0,
        "Research And Development": 450000.0,
        "Selling General And Administration": 15639000.0,
        "Gross Profit": 39108000.0,
        "Cost Of Revenue": 42767000.0,
        "Total Revenue": 81875000.0,
        "Operating Revenue": 81875000.0
    },
    "2024-06-30": {
        "Tax Effect Of Unusual Items": 0.0,
        "Tax Rate For Calcs": 0.105687,
        "Normalized EBITDA": 41681000.0,
        "Total Unusual Items": 0.0,
        "Total Unusual Items Excluding Goodwill": 0.0,
        "Net Income From Continuing Operation Net Minority Interest": 32062000.0,
        "Reconciled Depreciation": 2047000.0,
        "Reconciled Cost Of Revenue": 47833000.0,
        "EBITDA": 41681000.0,
        "EBIT": 39634000.0,
        "Net Interest Income": -3334000.0,
        "Interest Expense": 3783000.0,
        "Interest Income": 449000.0,
        "Normalized Income": 32062000.0,
        "Net Income From Continuing And Discontinued Operation": 32062000.0,
        "Total Expenses": 67990000.0,
        "Total Operating Income As Reported": 39201000.0,
        "Diluted Average Shares": 242167072.0,
        "Basic Average Shares": 232417645.0,
        "Diluted EPS": 0.13,
        "Basic EPS": 0.14,
        "Diluted NI Availto Com Stockholders": 32062000.0,
        "Net Income Common Stockholders": 32062000.0,
        "Net Income": 32062000.0,
        "Net Income Including Noncontrolling Interests": 32062000.0,
        "Net Income Continuous Operations": 32062000.0,
        "Tax Provision": 3789000.0,
        "Pretax Income": 35851000.0,
        "Other Income Expense": -16000.0,
        "Other Non Operating Income Expenses": -16000.0,
        "Special Income Charges": 0.0,
        "Other Special Charges": NaN,
        "Net Non Operating Interest Income Expense": -3334000.0,
        "Interest Expense Non Operating": 3783000.0,
        "Interest Income Non Operating": 449000.0,
        "Operating Income": 39201000.0,
        "Operating Expense": 18252000.0,
        "Other Operating Expenses": 942000.0,
        "Depreciation Amortization Depletion Income Statement": 142000.0,
        "Depreciation And Amortization In Income Statement": 142000.0,
        "Amortization": 142000.0,
        "Amortization Of Intangibles Income Statement": 142000.0,
        "Research And Development": 560000.0,
        "Selling General And Administration": 16608000.0,
        "Gross Profit": 57453000.0,
        "Cost Of Revenue": 49738000.0,
        "Total Revenue": 107191000.0,
        "Operating Revenue": 107191000.0
    },
    "2024-09-30": {
        "Tax Effect Of Unusual Items": 0.0,
        "Tax Rate For Calcs": 0.022858,
        "Normalized EBITDA": 42188000.0,
        "Total Unusual Items": NaN,
        "Total Unusual Items Excluding Goodwill": NaN,
        "Net Income From Continuing Operation Net Minority Interest": 35909000.0,
        "Reconciled Depreciation": 1940000.0,
        "Reconciled Cost Of Revenue": 58268000.0,
        "EBITDA": 42188000.0,
        "EBIT": 40248000.0,
        "Net Interest Income": -2833000.0,
        "Interest Expense": 3499000.0,
        "Interest Income": 666000.0,
        "Normalized Income": 35909000.0,
        "Net Income From Continuing And Discontinued Operation": 35909000.0,
        "Total Expenses": 80201000.0,
        "Total Operating Income As Reported": 39638000.0,
        "Diluted Average Shares": 244804065.0,
        "Basic Average Shares": 234571376.0,
        "Diluted EPS": 0.15,
        "Basic EPS": 0.15,
        "Diluted NI Availto Com Stockholders": 35909000.0,
        "Net Income Common Stockholders": 35909000.0,
        "Net Income": 35909000.0,
        "Net Income Including Noncontrolling Interests": 35909000.0,
        "Net Income Continuous Operations": 35909000.0,
        "Tax Provision": 840000.0,
        "Pretax Income": 36749000.0,
        "Other Income Expense": -56000.0,
        "Other Non Operating Income Expenses": -56000.0,
        "Special Income Charges": NaN,
        "Other Special Charges": NaN,
        "Net Non Operating Interest Income Expense": -2833000.0,
        "Interest Expense Non Operating": 3499000.0,
        "Interest Income Non Operating": 666000.0,
        "Operating Income": 39638000.0,
        "Operating Expense": 20021000.0,
        "Other Operating Expenses": 1021000.0,
        "Depreciation Amortization Depletion Income Statement": 28000.0,
        "Depreciation And Amortization In Income Statement": 28000.0,
        "Amortization": 28000.0,
        "Amortization Of Intangibles Income Statement": 28000.0,
        "Research And Development": 412000.0,
        "Selling General And Administration": 18560000.0,
        "Gross Profit": 59659000.0,
        "Cost Of Revenue": 60180000.0,
        "Total Revenue": 119839000.0,
        "Operating Revenue": 119839000.0
    },
    "2024-12-31": {
        "Tax Effect Of Unusual Items": 0.0,
        "Tax Rate For Calcs": 0.21,
        "Normalized EBITDA": 39536000.0,
        "Total Unusual Items": NaN,
        "Total Unusual Items Excluding Goodwill": NaN,
        "Net Income From Continuing Operation Net Minority Interest": 111896000.0,
        "Reconciled Depreciation": 1944000.0,
        "Reconciled Cost Of Revenue": 52297000.0,
        "EBITDA": 39536000.0,
        "EBIT": 37592000.0,
        "Net Interest Income": -2281000.0,
        "Interest Expense": 2879000.0,
        "Interest Income": 598000.0,
        "Normalized Income": 111896000.0,
        "Net Income From Continuing And Discontinued Operation": 111896000.0,
        "Total Expenses": 79226000.0,
        "Total Operating Income As Reported": 38323000.0,
        "Diluted Average Shares": 245900655.0,
        "Basic Average Shares": 236433759.0,
        "Diluted EPS": 0.46,
        "Basic EPS": 0.47,
        "Diluted NI Availto Com Stockholders": 111896000.0,
        "Net Income Common Stockholders": 111896000.0,
        "Net Income": 111896000.0,
        "Net Income Including Noncontrolling Interests": 111896000.0,
        "Net Income Continuous Operations": 111896000.0,
        "Tax Provision": -77183000.0,
        "Pretax Income": 34713000.0,
        "Other Income Expense": -1329000.0,
        "Other Non Operating Income Expenses": -86000.0,
        "Special Income Charges": NaN,
        "Other Special Charges": NaN,
        "Net Non Operating Interest Income Expense": -2281000.0,
        "Interest Expense Non Operating": 2879000.0,
        "Interest Income Non Operating": 598000.0,
        "Operating Income": 38323000.0,
        "Operating Expense": 25010000.0,
        "Other Operating Expenses": 1277000.0,
        "Depreciation Amortization Depletion Income Statement": 25000.0,
        "Depreciation And Amortization In Income Statement": 25000.0,
        "Amortization": 25000.0,
        "Amortization Of Intangibles Income Statement": 25000.0,
        "Research And Development": 391000.0,
        "Selling General And Administration": 23317000.0,
        "Gross Profit": 63333000.0,
        "Cost Of Revenue": 54216000.0,
        "Total Revenue": 117549000.0,
        "Operating Revenue": 117549000.0
    },
    "2025-03-31": {
        "Tax Effect Of Unusual Items": 0.0,
        "Tax Rate For Calcs": 0.196,
        "Normalized EBITDA": 37394000.0,
        "Total Unusual Items": NaN,
        "Total Unusual Items Excluding Goodwill": NaN,
        "Net Income From Continuing Operation Net Minority Interest": 26904000.0,
        "Reconciled Depreciation": 1969000.0,
        "Reconciled Cost Of Revenue": 51761000.0,
        "EBITDA": 37394000.0,
        "EBIT": 35425000.0,
        "Net Interest Income": -1367000.0,
        "Interest Expense": 1975000.0,
        "Interest Income": 608000.0,
        "Normalized Income": 26904000.0,
        "Net Income From Continuing And Discontinued Operation": 26904000.0,
        "Total Expenses": 79921000.0,
        "Total Operating Income As Reported": 34881000.0,
        "Diluted Average Shares": 244676350.0,
        "Basic Average Shares": 237775476.0,
        "Diluted EPS": 0.11,
        "Basic EPS": 0.11,
        "Diluted NI Availto Com Stockholders": 26904000.0,
        "Net Income Common Stockholders": 26904000.0,
        "Net Income": 26904000.0,
        "Net Income Including Noncontrolling Interests": 26904000.0,
        "Net Income Continuous Operations": 26904000.0,
        "Tax Provision": 6546000.0,
        "Pretax Income": 33450000.0,
        "Other Income Expense": -64000.0,
        "Other Non Operating Income Expenses": -64000.0,
        "Special Income Charges": NaN,
        "Other Special Charges": NaN,
        "Net Non Operating Interest Income Expense": -1367000.0,
        "Interest Expense Non Operating": 1975000.0,
        "Interest Income Non Operating": 608000.0,
        "Operating Income": 34881000.0,
        "Operating Expense": 26216000.0,
        "Other Operating Expenses": 1286000.0,
        "Depreciation Amortization Depletion Income Statement": 25000.0,
        "Depreciation And Amortization In Income Statement": 25000.0,
        "Amortization": 25000.0,
        "Amortization Of Intangibles Income Statement": 25000.0,
        "Research And Development": 826000.0,
        "Selling General And Administration": 24079000.0,
        "Gross Profit": 61097000.0,
        "Cost Of Revenue": 53705000.0,
        "Total Revenue": 114802000.0,
        "Operating Revenue": 114802000.0
    },
    "2025-06-30": {
        "Tax Effect Of Unusual Items": -169903.03514,
        "Tax Rate For Calcs": 0.147,
        "Normalized EBITDA": 45148000.0,
        "Total Unusual Items": -1159000.0,
        "Total Unusual Items Excluding Goodwill": -1159000.0,
        "Net Income From Continuing Operation Net Minority Interest": 34219000.0,
        "Reconciled Depreciation": 2058000.0,
        "Reconciled Cost Of Revenue": 52731000.0,
        "EBITDA": 43989000.0,
        "EBIT": 41931000.0,
        "Net Interest Income": -1434000.0,
        "Interest Expense": 1834000.0,
        "Interest Income": 400000.0,
        "Normalized Income": 35208096.96486,
        "Net Income From Continuing And Discontinued Operation": 34219000.0,
        "Total Expenses": 79186000.0,
        "Total Operating Income As Reported": 42798000.0,
        "Diluted Average Shares": 248608460.0,
        "Basic Average Shares": 241490715.0,
        "Diluted EPS": 0.14,
        "Basic EPS": 0.14,
        "Diluted NI Availto Com Stockholders": 34219000.0,
        "Net Income Common Stockholders": 34219000.0,
        "Net Income": 34219000.0,
        "Net Income Including Noncontrolling Interests": 34219000.0,
        "Net Income Continuous Operations": 34219000.0,
        "Tax Provision": 5878000.0,
        "Pretax Income": 40097000.0,
        "Other Income Expense": -1267000.0,
        "Other Non Operating Income Expenses": -108000.0,
        "Special Income Charges": -1159000.0,
        "Other Special Charges": 1159000.0,
        "Net Non Operating Interest Income Expense": -1434000.0,
        "Interest Expense Non Operating": 1834000.0,
        "Interest Income Non Operating": 400000.0,
        "Operating Income": 42798000.0,
        "Operating Expense": 24429000.0,
        "Other Operating Expenses": 1152000.0,
        "Depreciation Amortization Depletion Income Statement": 32000.0,
        "Depreciation And Amortization In Income Statement": 32000.0,
        "Amortization": 32000.0,
        "Amortization Of Intangibles Income Statement": 32000.0,
        "Research And Development": 1031000.0,
        "Selling General And Administration": 22214000.0,
        "Gross Profit": 67227000.0,
        "Cost Of Revenue": 54757000.0,
        "Total Revenue": 121984000.0,
        "Operating Revenue": 121984000.0
    }
}