{
    "2023-03-31": {
        "Tax Effect Of Unusual Items": NaN,
        "Tax Rate For Calcs": NaN,
        "Normalized EBITDA": NaN,
        "Total Unusual Items": NaN,
        "Total Unusual Items Excluding Goodwill": NaN,
        "Net Income From Continuing Operation Net Minority Interest": NaN,
        "Reconciled Depreciation": NaN,
        "Reconciled Cost Of Revenue": NaN,
        "EBITDA": NaN,
        "EBIT": NaN,
        "Net Interest Income": NaN,
        "Normalized Income": NaN,
        "Net Income From Continuing And Discontinued Operation": NaN,
        "Total Expenses": NaN,
        "Total Operating Income As Reported": NaN,
        "Diluted Average Shares": 1729979.0,
        "Basic Average Shares": 1729979.0,
        "Diluted EPS": -6.93384,
        "Basic EPS": -6.93384,
        "Diluted NI Availto Com Stockholders": NaN,
        "Net Income Common Stockholders": NaN,
        "Net Income": NaN,
        "Net Income Including Noncontrolling Interests": NaN,
        "Net Income Continuous Operations": NaN,
        "Tax Provision": NaN,
        "Pretax Income": NaN,
        "Other Income Expense": NaN,
        "Other Non Operating Income Expenses": NaN,
        "Special Income Charges": NaN,
        "Write Off": NaN,
        "Impairment Of Capital Assets": NaN,
        "Gain On Sale Of Security": NaN,
        "Net Non Operating Interest Income Expense": NaN,
        "Total Other Finance Cost": -110000.0,
        "Operating Income": NaN,
        "Operating Expense": NaN,
        "Other Operating Expenses": NaN,
        "Depreciation Amortization Depletion Income Statement": NaN,
        "Depreciation And Amortization In Income Statement": NaN,
        "Amortization": NaN,
        "Amortization Of Intangibles Income Statement": NaN,
        "Research And Development": NaN,
        "Selling General And Administration": NaN,
        "Gross Profit": NaN,
        "Cost Of Revenue": NaN,
        "Total Revenue": NaN,
        "Operating Revenue": NaN
    },
    "2022-12-31": {
        "Tax Effect Of Unusual Items": -235924.747559,
        "Tax Rate For Calcs": 0.006405,
        "Normalized EBITDA": 26324000.0,
        "Total Unusual Items": -36835000.0,
        "Total Unusual Items Excluding Goodwill": -36835000.0,
        "Net Income From Continuing Operation Net Minority Interest": -47625000.0,
        "Reconciled Depreciation": 651000.0,
        "Reconciled Cost Of Revenue": 2455000.0,
        "EBITDA": -10511000.0,
        "EBIT": -11162000.0,
        "Net Interest Income": 61000.0,
        "Normalized Income": -11025924.747559,
        "Net Income From Continuing And Discontinued Operation": -47625000.0,
        "Total Expenses": 13119000.0,
        "Total Operating Income As Reported": -50084000.0,
        "Diluted Average Shares": 1723923.0,
        "Basic Average Shares": 1723923.0,
        "Diluted EPS": -27.6,
        "Basic EPS": -27.6,
        "Diluted NI Availto Com Stockholders": -47625000.0,
        "Net Income Common Stockholders": -47625000.0,
        "Net Income": -47625000.0,
        "Net Income Including Noncontrolling Interests": -47625000.0,
        "Net Income Continuous Operations": -47625000.0,
        "Tax Provision": -307000.0,
        "Pretax Income": -47932000.0,
        "Other Income Expense": -36831000.0,
        "Other Non Operating Income Expenses": 4000.0,
        "Special Income Charges": NaN,
        "Write Off": NaN,
        "Gain On Sale Of Security": 2087000.0,
        "Net Non Operating Interest Income Expense": 61000.0,
        "Total Other Finance Cost": -61000.0,
        "Operating Income": -11162000.0,
        "Operating Expense": 10664000.0,
        "Other Operating Expenses": -1703000.0,
        "Depreciation Amortization Depletion Income Statement": 651000.0,
        "Depreciation And Amortization In Income Statement": 651000.0,
        "Amortization": 651000.0,
        "Amortization Of Intangibles Income Statement": 651000.0,
        "Research And Development": 2458000.0,
        "Selling General And Administration": 9258000.0,
        "Gross Profit": -498000.0,
        "Cost Of Revenue": 2455000.0,
        "Total Revenue": 1957000.0,
        "Operating Revenue": 1957000.0
    },
    "2022-09-30": {
        "Tax Effect Of Unusual Items": -44474.28334,
        "Tax Rate For Calcs": 0.047113,
        "Normalized EBITDA": -9452000.0,
        "Total Unusual Items": -944000.0,
        "Total Unusual Items Excluding Goodwill": -944000.0,
        "Net Income From Continuing Operation Net Minority Interest": -11468000.0,
        "Reconciled Depreciation": 696000.0,
        "Reconciled Cost Of Revenue": 2339000.0,
        "EBITDA": -10396000.0,
        "EBIT": -11092000.0,
        "Net Interest Income": 0.0,
        "Normalized Income": -10568474.28334,
        "Net Income From Continuing And Discontinued Operation": -11468000.0,
        "Total Expenses": 13491000.0,
        "Total Operating Income As Reported": -11092000.0,
        "Diluted Average Shares": 1722004.0,
        "Basic Average Shares": 1722004.0,
        "Diluted EPS": -6.6,
        "Basic EPS": -6.6,
        "Diluted NI Availto Com Stockholders": -11468000.0,
        "Net Income Common Stockholders": -11468000.0,
        "Net Income": -11468000.0,
        "Net Income Including Noncontrolling Interests": -11468000.0,
        "Net Income Continuous Operations": -11468000.0,
        "Tax Provision": -567000.0,
        "Pretax Income": -12035000.0,
        "Other Income Expense": -943000.0,
        "Other Non Operating Income Expenses": 1000.0,
        "Special Income Charges": 0.0,
        "Write Off": 0.0,
        "Gain On Sale Of Security": -944000.0,
        "Net Non Operating Interest Income Expense": 0.0,
        "Total Other Finance Cost": NaN,
        "Operating Income": -11092000.0,
        "Operating Expense": 11152000.0,
        "Other Operating Expenses": -294000.0,
        "Depreciation Amortization Depletion Income Statement": 696000.0,
        "Depreciation And Amortization In Income Statement": 696000.0,
        "Amortization": 696000.0,
        "Amortization Of Intangibles Income Statement": 696000.0,
        "Research And Development": 2547000.0,
        "Selling General And Administration": 8203000.0,
        "General And Administrative Expense": 8203000.0,
        "Other Gand A": 8203000.0,
        "Gross Profit": 60000.0,
        "Cost Of Revenue": 2339000.0,
        "Total Revenue": 2399000.0,
        "Operating Revenue": 2399000.0
    },
    "2022-06-30": {
        "Tax Effect Of Unusual Items": -8259.42867,
        "Tax Rate For Calcs": 0.037887,
        "Normalized EBITDA": -10216000.0,
        "Total Unusual Items": -218000.0,
        "Total Unusual Items Excluding Goodwill": -218000.0,
        "Net Income From Continuing Operation Net Minority Interest": -11148000.0,
        "Reconciled Depreciation": 718000.0,
        "Reconciled Cost Of Revenue": 2270000.0,
        "EBITDA": -10434000.0,
        "EBIT": -11152000.0,
        "Net Interest Income": 1000.0,
        "Normalized Income": -10938259.42867,
        "Net Income From Continuing And Discontinued Operation": -11148000.0,
        "Total Expenses": 13377000.0,
        "Total Operating Income As Reported": -11152000.0,
        "Diluted Average Shares": 51476822.0,
        "Basic Average Shares": 51476822.0,
        "Diluted EPS": -0.22,
        "Basic EPS": -0.22,
        "Diluted NI Availto Com Stockholders": -11148000.0,
        "Net Income Common Stockholders": -11148000.0,
        "Net Income": -11148000.0,
        "Net Income Including Noncontrolling Interests": -11148000.0,
        "Net Income Continuous Operations": -11148000.0,
        "Tax Provision": -439000.0,
        "Pretax Income": -11587000.0,
        "Other Income Expense": -436000.0,
        "Other Non Operating Income Expenses": -218000.0,
        "Special Income Charges": NaN,
        "Write Off": NaN,
        "Impairment Of Capital Assets": NaN,
        "Gain On Sale Of Security": -218000.0,
        "Net Non Operating Interest Income Expense": 1000.0,
        "Total Other Finance Cost": -1000.0,
        "Operating Income": -11152000.0,
        "Operating Expense": 11107000.0,
        "Other Operating Expenses": -209000.0,
        "Depreciation Amortization Depletion Income Statement": 718000.0,
        "Depreciation And Amortization In Income Statement": 718000.0,
        "Amortization": 718000.0,
        "Amortization Of Intangibles Income Statement": 718000.0,
        "Research And Development": 2642000.0,
        "Selling General And Administration": 7956000.0,
        "General And Administrative Expense": 7956000.0,
        "Other Gand A": 7956000.0,
        "Gross Profit": -45000.0,
        "Cost Of Revenue": 2270000.0,
        "Total Revenue": 2225000.0,
        "Operating Revenue": 2225000.0
    },
    "2022-03-31": {
        "Diluted EPS": -0.08,
        "Total Revenue": 1,
        "Gross Profit": 0,
        "Operating Income": -13,
        "EBIT": -13,
        "Net Income": -4
    },
    "2021-12-31": {
        "Diluted EPS": -0.22,
        "Total Revenue": 3,
        "Gross Profit": 0,
        "Operating Income": -17,
        "EBIT": -17,
        "Net Income": -9
    },
    "2021-09-30": {
        "Diluted EPS": -0.23,
        "Total Revenue": 2,
        "Gross Profit": 0,
        "Operating Income": -14,
        "EBIT": -14,
        "Net Income": -11
    },
    "2021-06-30": {
        "Diluted EPS": -0.07,
        "Total Revenue": 1,
        "Gross Profit": 0,
        "Operating Income": -7,
        "EBIT": -7,
        "Net Income": -3
    },
    "2021-03-31": {
        "Diluted EPS": 0.07,
        "Total Revenue": 1,
        "Gross Profit": 1,
        "Operating Income": -7,
        "EBIT": -7,
        "Net Income": 3
    },
    "2020-12-31": {
        "Diluted EPS": -0.09,
        "Total Revenue": 0,
        "Gross Profit": 0,
        "Operating Income": -2,
        "EBIT": -2,
        "Net Income": -2
    },
    "2020-09-30": {
        "Diluted EPS": -0.03,
        "Total Revenue": 0,
        "Gross Profit": 0,
        "Operating Income": -1,
        "EBIT": -1,
        "Net Income": -1
    },
    "2020-06-30": {
        "Diluted EPS": -0.02,
        "Total Revenue": 0,
        "Gross Profit": 0,
        "Operating Income": 0,
        "EBIT": 0,
        "Net Income": 0
    },
    "2020-03-31": {
        "Diluted EPS": -0.01,
        "Total Revenue": 0,
        "Gross Profit": 0,
        "Operating Income": 0,
        "EBIT": 0,
        "Net Income": 0
    },
    "2019-12-31": {
        "Diluted EPS": 2.68,
        "Total Revenue": NaN,
        "Gross Profit": NaN,
        "Operating Income": 0,
        "EBIT": 0,
        "Net Income": 22
    },
    "2019-09-30": {
        "Diluted EPS": -0.01,
        "Total Revenue": NaN,
        "Gross Profit": NaN,
        "Operating Income": 0,
        "EBIT": 0,
        "Net Income": 0
    },
    "2019-06-30": {
        "Diluted EPS": -0.02,
        "Total Revenue": NaN,
        "Gross Profit": NaN,
        "Operating Income": 0,
        "EBIT": 0,
        "Net Income": 0
    },
    "2019-03-31": {
        "Diluted EPS": -0.01,
        "Total Revenue": NaN,
        "Gross Profit": NaN,
        "Operating Income": 0,
        "EBIT": 0,
        "Net Income": 0
    },
    "2018-12-31": {
        "Diluted EPS": 0.0,
        "Total Revenue": NaN,
        "Gross Profit": NaN,
        "Operating Income": NaN,
        "EBIT": NaN,
        "Net Income": NaN
    },
    "2018-09-30": {
        "Diluted EPS": 0.0,
        "Total Revenue": NaN,
        "Gross Profit": NaN,
        "Operating Income": 0,
        "EBIT": 0,
        "Net Income": 0
    },
    "2023-06-30": {
        "Tax Effect Of Unusual Items": NaN,
        "Tax Rate For Calcs": NaN,
        "Normalized EBITDA": NaN,
        "Total Unusual Items": NaN,
        "Total Unusual Items Excluding Goodwill": NaN,
        "Net Income From Continuing Operation Net Minority Interest": NaN,
        "Reconciled Depreciation": NaN,
        "Reconciled Cost Of Revenue": NaN,
        "EBITDA": NaN,
        "EBIT": NaN,
        "Net Interest Income": NaN,
        "Normalized Income": NaN,
        "Net Income From Continuing And Discontinued Operation": NaN,
        "Total Expenses": NaN,
        "Total Operating Income As Reported": NaN,
        "Diluted Average Shares": 1780574.0,
        "Basic Average Shares": 1780574.0,
        "Diluted EPS": -12.26,
        "Basic EPS": -12.26,
        "Diluted NI Availto Com Stockholders": NaN,
        "Net Income Common Stockholders": NaN,
        "Net Income": NaN,
        "Net Income Including Noncontrolling Interests": NaN,
        "Net Income Discontinuous Operations": NaN,
        "Net Income Continuous Operations": NaN,
        "Tax Provision": NaN,
        "Pretax Income": NaN,
        "Other Income Expense": NaN,
        "Other Non Operating Income Expenses": NaN,
        "Special Income Charges": -9890000.0,
        "Gain On Sale Of Ppe": NaN,
        "Write Off": 127000.0,
        "Impairment Of Capital Assets": 9763000.0,
        "Gain On Sale Of Security": NaN,
        "Net Non Operating Interest Income Expense": NaN,
        "Total Other Finance Cost": NaN,
        "Operating Income": NaN,
        "Operating Expense": NaN,
        "Other Operating Expenses": NaN,
        "Provision For Doubtful Accounts": NaN,
        "Depreciation Amortization Depletion Income Statement": NaN,
        "Depreciation And Amortization In Income Statement": NaN,
        "Amortization": NaN,
        "Amortization Of Intangibles Income Statement": NaN,
        "Research And Development": NaN,
        "Selling General And Administration": NaN,
        "Gross Profit": NaN,
        "Cost Of Revenue": NaN,
        "Total Revenue": NaN,
        "Operating Revenue": NaN
    },
    "2023-09-30": {
        "Tax Effect Of Unusual Items": NaN,
        "Tax Rate For Calcs": NaN,
        "Normalized EBITDA": NaN,
        "Total Unusual Items": NaN,
        "Total Unusual Items Excluding Goodwill": NaN,
        "Net Income From Continuing Operation Net Minority Interest": NaN,
        "Reconciled Depreciation": NaN,
        "Reconciled Cost Of Revenue": NaN,
        "EBITDA": NaN,
        "EBIT": NaN,
        "Net Interest Income": NaN,
        "Normalized Income": NaN,
        "Net Income From Continuing And Discontinued Operation": NaN,
        "Total Expenses": NaN,
        "Total Operating Income As Reported": NaN,
        "Diluted Average Shares": 2012382.0,
        "Basic Average Shares": 2012382.0,
        "Diluted EPS": -5.89,
        "Basic EPS": -5.89,
        "Diluted NI Availto Com Stockholders": NaN,
        "Net Income Common Stockholders": NaN,
        "Net Income": NaN,
        "Net Income Including Noncontrolling Interests": NaN,
        "Net Income Discontinuous Operations": -1955000.0,
        "Net Income Continuous Operations": NaN,
        "Tax Provision": NaN,
        "Pretax Income": NaN,
        "Other Income Expense": NaN,
        "Other Non Operating Income Expenses": NaN,
        "Special Income Charges": NaN,
        "Gain On Sale Of Ppe": 0.0,
        "Other Special Charges": NaN,
        "Write Off": 0.0,
        "Impairment Of Capital Assets": 0.0,
        "Gain On Sale Of Security": NaN,
        "Net Non Operating Interest Income Expense": NaN,
        "Total Other Finance Cost": NaN,
        "Operating Income": NaN,
        "Operating Expense": NaN,
        "Other Operating Expenses": NaN,
        "Provision For Doubtful Accounts": 3000.0,
        "Depreciation Amortization Depletion Income Statement": NaN,
        "Depreciation And Amortization In Income Statement": NaN,
        "Amortization": NaN,
        "Amortization Of Intangibles Income Statement": NaN,
        "Research And Development": NaN,
        "Selling General And Administration": NaN,
        "Gross Profit": NaN,
        "Cost Of Revenue": NaN,
        "Total Revenue": NaN,
        "Operating Revenue": NaN
    },
    "2023-12-31": {
        "Tax Effect Of Unusual Items": -142.812731,
        "Tax Rate For Calcs": 3.9e-05,
        "Normalized EBITDA": -18343000.0,
        "Total Unusual Items": -3675000.0,
        "Total Unusual Items Excluding Goodwill": -3675000.0,
        "Net Income From Continuing Operation Net Minority Interest": -25732000.0,
        "Reconciled Depreciation": 116000.0,
        "Reconciled Cost Of Revenue": 12442000.0,
        "EBITDA": -22018000.0,
        "EBIT": -22134000.0,
        "Net Interest Income": -44000.0,
        "Normalized Income": -22057142.812731,
        "Net Income From Continuing And Discontinued Operation": -25732000.0,
        "Total Expenses": 23640000.0,
        "Total Operating Income As Reported": -25700000.0,
        "Diluted Average Shares": NaN,
        "Basic Average Shares": NaN,
        "Diluted EPS": NaN,
        "Basic EPS": NaN,
        "Diluted NI Availto Com Stockholders": -25732000.0,
        "Net Income Common Stockholders": -25732000.0,
        "Net Income": -25732000.0,
        "Net Income Including Noncontrolling Interests": -25732000.0,
        "Net Income Discontinuous Operations": NaN,
        "Net Income Continuous Operations": -25732000.0,
        "Tax Provision": -1000.0,
        "Pretax Income": -25733000.0,
        "Other Income Expense": -3555000.0,
        "Other Non Operating Income Expenses": 120000.0,
        "Special Income Charges": -3705000.0,
        "Gain On Sale Of Ppe": NaN,
        "Other Special Charges": NaN,
        "Write Off": NaN,
        "Impairment Of Capital Assets": 3705000.0,
        "Gain On Sale Of Security": 30000.0,
        "Net Non Operating Interest Income Expense": -44000.0,
        "Total Other Finance Cost": 44000.0,
        "Operating Income": -22134000.0,
        "Operating Expense": 11198000.0,
        "Other Operating Expenses": -814000.0,
        "Provision For Doubtful Accounts": 1207000.0,
        "Depreciation Amortization Depletion Income Statement": 116000.0,
        "Depreciation And Amortization In Income Statement": 116000.0,
        "Amortization": 116000.0,
        "Amortization Of Intangibles Income Statement": 116000.0,
        "Research And Development": 3957000.0,
        "Selling General And Administration": 6732000.0,
        "Gross Profit": -10936000.0,
        "Cost Of Revenue": 12442000.0,
        "Total Revenue": 1506000.0,
        "Operating Revenue": 1506000.0
    },
    "2024-06-30": {
        "Tax Effect Of Unusual Items": 0.0,
        "Tax Rate For Calcs": 0.0,
        "Normalized EBITDA": -8113000.0,
        "Total Unusual Items": -120000.0,
        "Total Unusual Items Excluding Goodwill": -120000.0,
        "Net Income From Continuing Operation Net Minority Interest": -11273000.0,
        "Reconciled Depreciation": 400000.0,
        "Reconciled Cost Of Revenue": 155000.0,
        "EBITDA": -8233000.0,
        "EBIT": -8633000.0,
        "Net Interest Income": -54000.0,
        "Normalized Income": -11153000.0,
        "Net Income From Continuing And Discontinued Operation": -11273000.0,
        "Total Expenses": 9438000.0,
        "Total Operating Income As Reported": -8633000.0,
        "Diluted Average Shares": 2634179.0,
        "Basic Average Shares": 2634179.0,
        "Diluted EPS": -4.28,
        "Basic EPS": -4.28,
        "Diluted NI Availto Com Stockholders": -11273000.0,
        "Net Income Common Stockholders": -11273000.0,
        "Net Income": -11273000.0,
        "Net Income Including Noncontrolling Interests": -11273000.0,
        "Net Income Discontinuous Operations": NaN,
        "Net Income Continuous Operations": -11273000.0,
        "Tax Provision": 0.0,
        "Pretax Income": -11273000.0,
        "Other Income Expense": -2586000.0,
        "Other Non Operating Income Expenses": -2466000.0,
        "Special Income Charges": 36000.0,
        "Gain On Sale Of Ppe": NaN,
        "Other Special Charges": -36000.0,
        "Write Off": 0.0,
        "Impairment Of Capital Assets": 0.0,
        "Gain On Sale Of Security": -156000.0,
        "Net Non Operating Interest Income Expense": -54000.0,
        "Total Other Finance Cost": 54000.0,
        "Operating Income": -8633000.0,
        "Operating Expense": 9283000.0,
        "Other Operating Expenses": -677000.0,
        "Provision For Doubtful Accounts": NaN,
        "Depreciation Amortization Depletion Income Statement": 1000.0,
        "Depreciation And Amortization In Income Statement": 1000.0,
        "Amortization": 1000.0,
        "Amortization Of Intangibles Income Statement": 1000.0,
        "Research And Development": 3587000.0,
        "Selling General And Administration": 6372000.0,
        "Gross Profit": 650000.0,
        "Cost Of Revenue": 155000.0,
        "Total Revenue": 805000.0,
        "Operating Revenue": 805000.0
    },
    "2024-03-31": {
        "Tax Effect Of Unusual Items": -28385.400064,
        "Tax Rate For Calcs": 0.005844,
        "Normalized EBITDA": 1125000.0,
        "Total Unusual Items": -4857000.0,
        "Total Unusual Items Excluding Goodwill": -4857000.0,
        "Net Income From Continuing Operation Net Minority Interest": -9356000.0,
        "Reconciled Depreciation": 718000.0,
        "Reconciled Cost Of Revenue": 302000.0,
        "EBITDA": -3732000.0,
        "EBIT": -4450000.0,
        "Net Interest Income": -232000.0,
        "Normalized Income": -4527385.400064,
        "Net Income From Continuing And Discontinued Operation": -9356000.0,
        "Total Expenses": 7901000.0,
        "Total Operating Income As Reported": -4305000.0,
        "Diluted Average Shares": 2579758.0,
        "Basic Average Shares": 2579758.0,
        "Diluted EPS": -3.62724,
        "Basic EPS": -3.62724,
        "Diluted NI Availto Com Stockholders": -9356000.0,
        "Net Income Common Stockholders": -9356000.0,
        "Net Income": -9356000.0,
        "Net Income Including Noncontrolling Interests": -9356000.0,
        "Net Income Discontinuous Operations": NaN,
        "Net Income Continuous Operations": -9356000.0,
        "Tax Provision": -55000.0,
        "Pretax Income": -9411000.0,
        "Other Income Expense": -4729000.0,
        "Other Non Operating Income Expenses": 128000.0,
        "Special Income Charges": -4907000.0,
        "Gain On Sale Of Ppe": NaN,
        "Other Special Charges": 4907000.0,
        "Write Off": NaN,
        "Impairment Of Capital Assets": NaN,
        "Gain On Sale Of Security": 50000.0,
        "Net Non Operating Interest Income Expense": -232000.0,
        "Total Other Finance Cost": 232000.0,
        "Operating Income": -4450000.0,
        "Operating Expense": 6882000.0,
        "Other Operating Expenses": -1437000.0,
        "Provision For Doubtful Accounts": NaN,
        "Depreciation Amortization Depletion Income Statement": 1000.0,
        "Depreciation And Amortization In Income Statement": 1000.0,
        "Amortization": 1000.0,
        "Amortization Of Intangibles Income Statement": 1000.0,
        "Research And Development": 1415000.0,
        "Selling General And Administration": 6903000.0,
        "Gross Profit": 2432000.0,
        "Cost Of Revenue": 1019000.0,
        "Total Revenue": 3451000.0,
        "Operating Revenue": 3451000.0
    },
    "2024-09-30": {
        "Tax Effect Of Unusual Items": 0.0,
        "Tax Rate For Calcs": 0.0,
        "Normalized EBITDA": -6213000.0,
        "Total Unusual Items": -1672000.0,
        "Total Unusual Items Excluding Goodwill": -1672000.0,
        "Net Income From Continuing Operation Net Minority Interest": -9615000.0,
        "Reconciled Depreciation": 42000.0,
        "Reconciled Cost Of Revenue": 295000.0,
        "EBITDA": -7885000.0,
        "EBIT": -7927000.0,
        "Net Interest Income": -14000.0,
        "Normalized Income": -7943000.0,
        "Net Income From Continuing And Discontinued Operation": -18522000.0,
        "Total Expenses": 8055000.0,
        "Total Operating Income As Reported": -7927000.0,
        "Diluted Average Shares": 2636508.0,
        "Basic Average Shares": 2636508.0,
        "Diluted EPS": -7.03,
        "Basic EPS": -7.03,
        "Diluted NI Availto Com Stockholders": -18522000.0,
        "Net Income Common Stockholders": -18522000.0,
        "Net Income": -18522000.0,
        "Net Income Including Noncontrolling Interests": -18522000.0,
        "Net Income Discontinuous Operations": -8907000.0,
        "Net Income Continuous Operations": -9615000.0,
        "Tax Provision": 0.0,
        "Pretax Income": -9615000.0,
        "Other Income Expense": -1674000.0,
        "Other Non Operating Income Expenses": -2000.0,
        "Special Income Charges": 0.0,
        "Gain On Sale Of Ppe": 0.0,
        "Other Special Charges": NaN,
        "Write Off": NaN,
        "Impairment Of Capital Assets": 0.0,
        "Gain On Sale Of Security": -1672000.0,
        "Net Non Operating Interest Income Expense": -14000.0,
        "Total Other Finance Cost": 14000.0,
        "Operating Income": -7927000.0,
        "Operating Expense": 7719000.0,
        "Other Operating Expenses": -137000.0,
        "Provision For Doubtful Accounts": 4309000.0,
        "Depreciation Amortization Depletion Income Statement": 1000.0,
        "Depreciation And Amortization In Income Statement": 1000.0,
        "Amortization": 1000.0,
        "Amortization Of Intangibles Income Statement": 1000.0,
        "Research And Development": 411000.0,
        "Selling General And Administration": 3135000.0,
        "Gross Profit": -208000.0,
        "Cost Of Revenue": 336000.0,
        "Total Revenue": 128000.0,
        "Operating Revenue": 128000.0
    },
    "2024-12-31": {
        "Tax Effect Of Unusual Items": 0.0,
        "Tax Rate For Calcs": 0.0,
        "Normalized EBITDA": -16529000.0,
        "Total Unusual Items": 8212000.0,
        "Total Unusual Items Excluding Goodwill": 8212000.0,
        "Net Income From Continuing Operation Net Minority Interest": -770000.0,
        "Reconciled Depreciation": 433000.0,
        "Reconciled Cost Of Revenue": 185000.0,
        "EBITDA": -8317000.0,
        "EBIT": -8750000.0,
        "Net Interest Income": -235000.0,
        "Normalized Income": -8982000.0,
        "Net Income From Continuing And Discontinued Operation": -1843000.0,
        "Total Expenses": 8506000.0,
        "Total Operating Income As Reported": -8750000.0,
        "Diluted Average Shares": NaN,
        "Basic Average Shares": NaN,
        "Diluted EPS": NaN,
        "Basic EPS": NaN,
        "Diluted NI Availto Com Stockholders": -1843000.0,
        "Net Income Common Stockholders": -1843000.0,
        "Net Income": -1843000.0,
        "Net Income Including Noncontrolling Interests": -1843000.0,
        "Net Income Discontinuous Operations": -1073000.0,
        "Net Income Continuous Operations": -770000.0,
        "Tax Provision": 0.0,
        "Pretax Income": -770000.0,
        "Other Income Expense": 8215000.0,
        "Other Non Operating Income Expenses": 3000.0,
        "Special Income Charges": 6647000.0,
        "Gain On Sale Of Ppe": 6500000.0,
        "Other Special Charges": -147000.0,
        "Write Off": NaN,
        "Impairment Of Capital Assets": 0.0,
        "Gain On Sale Of Security": 1565000.0,
        "Net Non Operating Interest Income Expense": -235000.0,
        "Total Other Finance Cost": 235000.0,
        "Operating Income": -8750000.0,
        "Operating Expense": 7914000.0,
        "Other Operating Expenses": 512000.0,
        "Provision For Doubtful Accounts": -692000.0,
        "Depreciation Amortization Depletion Income Statement": 26000.0,
        "Depreciation And Amortization In Income Statement": 26000.0,
        "Amortization": 26000.0,
        "Amortization Of Intangibles Income Statement": 26000.0,
        "Research And Development": 704000.0,
        "Selling General And Administration": 7364000.0,
        "Gross Profit": -836000.0,
        "Cost Of Revenue": 592000.0,
        "Total Revenue": -244000.0,
        "Operating Revenue": -244000.0
    }
}