{
    "2023-03-31": {
        "Tax Effect Of Unusual Items": NaN,
        "Tax Rate For Calcs": NaN,
        "Normalized EBITDA": NaN,
        "Total Unusual Items": NaN,
        "Total Unusual Items Excluding Goodwill": NaN,
        "Net Income From Continuing Operation Net Minority Interest": NaN,
        "Reconciled Depreciation": NaN,
        "Reconciled Cost Of Revenue": NaN,
        "EBITDA": NaN,
        "EBIT": NaN,
        "Net Interest Income": NaN,
        "Interest Expense": NaN,
        "Interest Income": NaN,
        "Normalized Income": NaN,
        "Net Income From Continuing And Discontinued Operation": NaN,
        "Total Expenses": NaN,
        "Diluted Average Shares": NaN,
        "Basic Average Shares": NaN,
        "Diluted EPS": NaN,
        "Basic EPS": NaN,
        "Diluted NI Availto Com Stockholders": NaN,
        "Net Income Common Stockholders": NaN,
        "Net Income": NaN,
        "Minority Interests": NaN,
        "Net Income Including Noncontrolling Interests": NaN,
        "Net Income Continuous Operations": NaN,
        "Tax Provision": NaN,
        "Pretax Income": NaN,
        "Other Income Expense": NaN,
        "Special Income Charges": NaN,
        "Restructuring And Mergern Acquisition": NaN,
        "Earnings From Equity Interest": NaN,
        "Gain On Sale Of Security": NaN,
        "Net Non Operating Interest Income Expense": NaN,
        "Total Other Finance Cost": NaN,
        "Interest Expense Non Operating": NaN,
        "Interest Income Non Operating": NaN,
        "Operating Income": NaN,
        "Operating Expense": NaN,
        "Selling General And Administration": NaN,
        "Selling And Marketing Expense": 141000000.0,
        "General And Administrative Expense": NaN,
        "Other Gand A": NaN,
        "Salaries And Wages": NaN,
        "Gross Profit": NaN,
        "Cost Of Revenue": NaN,
        "Total Revenue": NaN,
        "Operating Revenue": NaN
    },
    "2022-12-31": {
        "Tax Effect Of Unusual Items": NaN,
        "Tax Rate For Calcs": NaN,
        "Normalized EBITDA": NaN,
        "Total Unusual Items": NaN,
        "Total Unusual Items Excluding Goodwill": NaN,
        "Net Income From Continuing Operation Net Minority Interest": NaN,
        "Reconciled Depreciation": NaN,
        "Reconciled Cost Of Revenue": NaN,
        "EBITDA": NaN,
        "EBIT": NaN,
        "Net Interest Income": NaN,
        "Interest Expense": NaN,
        "Interest Income": NaN,
        "Normalized Income": NaN,
        "Net Income From Continuing And Discontinued Operation": NaN,
        "Total Expenses": NaN,
        "Diluted Average Shares": NaN,
        "Basic Average Shares": NaN,
        "Diluted EPS": NaN,
        "Basic EPS": NaN,
        "Diluted NI Availto Com Stockholders": NaN,
        "Net Income Common Stockholders": NaN,
        "Net Income": NaN,
        "Minority Interests": NaN,
        "Net Income Including Noncontrolling Interests": NaN,
        "Net Income Continuous Operations": NaN,
        "Tax Provision": NaN,
        "Pretax Income": NaN,
        "Other Income Expense": NaN,
        "Other Non Operating Income Expenses": -9651578.033008,
        "Special Income Charges": NaN,
        "Restructuring And Mergern Acquisition": NaN,
        "Earnings From Equity Interest": NaN,
        "Gain On Sale Of Security": NaN,
        "Net Non Operating Interest Income Expense": NaN,
        "Total Other Finance Cost": NaN,
        "Interest Expense Non Operating": NaN,
        "Interest Income Non Operating": NaN,
        "Operating Income": NaN,
        "Operating Expense": NaN,
        "Selling General And Administration": NaN,
        "Selling And Marketing Expense": 138000000.0,
        "General And Administrative Expense": NaN,
        "Other Gand A": NaN,
        "Salaries And Wages": NaN,
        "Gross Profit": NaN,
        "Cost Of Revenue": NaN,
        "Total Revenue": NaN,
        "Operating Revenue": NaN
    },
    "2022-09-30": {
        "Tax Effect Of Unusual Items": NaN,
        "Tax Rate For Calcs": NaN,
        "Normalized EBITDA": NaN,
        "Total Unusual Items": NaN,
        "Total Unusual Items Excluding Goodwill": NaN,
        "Net Income From Continuing Operation Net Minority Interest": NaN,
        "Reconciled Depreciation": NaN,
        "Reconciled Cost Of Revenue": NaN,
        "EBITDA": NaN,
        "EBIT": NaN,
        "Net Interest Income": NaN,
        "Interest Expense": NaN,
        "Interest Income": NaN,
        "Normalized Income": NaN,
        "Net Income From Continuing And Discontinued Operation": NaN,
        "Total Expenses": NaN,
        "Diluted Average Shares": NaN,
        "Basic Average Shares": NaN,
        "Diluted EPS": NaN,
        "Basic EPS": NaN,
        "Diluted NI Availto Com Stockholders": NaN,
        "Net Income Common Stockholders": NaN,
        "Net Income": NaN,
        "Minority Interests": NaN,
        "Net Income Including Noncontrolling Interests": NaN,
        "Net Income Continuous Operations": NaN,
        "Tax Provision": NaN,
        "Pretax Income": NaN,
        "Other Income Expense": NaN,
        "Other Non Operating Income Expenses": 4000000.0,
        "Special Income Charges": NaN,
        "Restructuring And Mergern Acquisition": NaN,
        "Earnings From Equity Interest": NaN,
        "Gain On Sale Of Security": NaN,
        "Net Non Operating Interest Income Expense": NaN,
        "Total Other Finance Cost": NaN,
        "Interest Expense Non Operating": NaN,
        "Interest Income Non Operating": NaN,
        "Operating Income": NaN,
        "Operating Expense": NaN,
        "Selling General And Administration": NaN,
        "Selling And Marketing Expense": 159000000.0,
        "General And Administrative Expense": NaN,
        "Other Gand A": NaN,
        "Salaries And Wages": NaN,
        "Gross Profit": NaN,
        "Cost Of Revenue": NaN,
        "Total Revenue": NaN,
        "Operating Revenue": NaN
    },
    "2022-06-30": {
        "Tax Effect Of Unusual Items": 0.0,
        "Tax Rate For Calcs": 0.0,
        "Normalized EBITDA": 133000000.0,
        "Total Unusual Items": -11000000.0,
        "Total Unusual Items Excluding Goodwill": -11000000.0,
        "Net Income From Continuing Operation Net Minority Interest": -30000000.0,
        "Reconciled Depreciation": 86000000.0,
        "Reconciled Cost Of Revenue": 3312000000.0,
        "EBITDA": 122000000.0,
        "EBIT": 36000000.0,
        "Net Interest Income": -40000000.0,
        "Interest Expense": 36000000.0,
        "Interest Income": 2000000.0,
        "Normalized Income": -19000000.0,
        "Net Income From Continuing And Discontinued Operation": -30000000.0,
        "Total Expenses": 3454000000.0,
        "Diluted Average Shares": 94800000.0,
        "Basic Average Shares": 94800000.0,
        "Diluted EPS": -0.32,
        "Basic EPS": -0.32,
        "Diluted NI Availto Com Stockholders": -30000000.0,
        "Net Income Common Stockholders": -30000000.0,
        "Net Income": -30000000.0,
        "Minority Interests": -10000000.0,
        "Net Income Including Noncontrolling Interests": -20000000.0,
        "Net Income Continuous Operations": -20000000.0,
        "Tax Provision": 20000000.0,
        "Pretax Income": 0.0,
        "Other Income Expense": 9000000.0,
        "Other Non Operating Income Expenses": 4000000.0,
        "Special Income Charges": -12000000.0,
        "Gain On Sale Of Business": NaN,
        "Restructuring And Mergern Acquisition": 12000000.0,
        "Earnings From Equity Interest": 16000000.0,
        "Gain On Sale Of Security": 1000000.0,
        "Net Non Operating Interest Income Expense": -40000000.0,
        "Total Other Finance Cost": 6000000.0,
        "Interest Expense Non Operating": 36000000.0,
        "Interest Income Non Operating": 2000000.0,
        "Operating Income": 31000000.0,
        "Operating Expense": 142000000.0,
        "Selling General And Administration": 142000000.0,
        "Selling And Marketing Expense": 142000000.0,
        "General And Administrative Expense": -4000000.0,
        "Other Gand A": 142000000.0,
        "Salaries And Wages": -4000000.0,
        "Gross Profit": 173000000.0,
        "Cost Of Revenue": 3312000000.0,
        "Total Revenue": 3485000000.0,
        "Operating Revenue": 3485000000.0
    },
    "2023-06-30": {
        "Tax Effect Of Unusual Items": NaN,
        "Tax Rate For Calcs": NaN,
        "Normalized EBITDA": NaN,
        "Total Unusual Items": NaN,
        "Total Unusual Items Excluding Goodwill": NaN,
        "Net Income From Continuing Operation Net Minority Interest": NaN,
        "Reconciled Depreciation": NaN,
        "Reconciled Cost Of Revenue": NaN,
        "EBITDA": NaN,
        "EBIT": NaN,
        "Net Interest Income": NaN,
        "Interest Expense": NaN,
        "Interest Income": NaN,
        "Normalized Income": NaN,
        "Net Income From Continuing And Discontinued Operation": NaN,
        "Total Expenses": NaN,
        "Diluted Average Shares": 94900000.0,
        "Basic Average Shares": 93700000.0,
        "Diluted EPS": 0.77,
        "Basic EPS": 0.779082,
        "Diluted NI Availto Com Stockholders": NaN,
        "Net Income Common Stockholders": NaN,
        "Net Income": NaN,
        "Minority Interests": NaN,
        "Net Income Including Noncontrolling Interests": NaN,
        "Net Income Continuous Operations": NaN,
        "Tax Provision": NaN,
        "Pretax Income": NaN,
        "Other Income Expense": NaN,
        "Special Income Charges": NaN,
        "Restructuring And Mergern Acquisition": NaN,
        "Earnings From Equity Interest": NaN,
        "Gain On Sale Of Security": NaN,
        "Net Non Operating Interest Income Expense": NaN,
        "Total Other Finance Cost": NaN,
        "Interest Expense Non Operating": NaN,
        "Interest Income Non Operating": NaN,
        "Operating Income": NaN,
        "Operating Expense": NaN,
        "Selling General And Administration": NaN,
        "General And Administrative Expense": NaN,
        "Other Gand A": NaN,
        "Salaries And Wages": NaN,
        "Gross Profit": NaN,
        "Cost Of Revenue": NaN,
        "Total Revenue": NaN,
        "Operating Revenue": NaN
    },
    "2022-03-31": {
        "Diluted EPS": -0.85,
        "Total Revenue": NaN,
        "Gross Profit": 178,
        "Operating Income": 43,
        "EBIT": 132,
        "Net Income": -81
    },
    "2021-12-31": {
        "Diluted EPS": -0.57,
        "Total Revenue": NaN,
        "Gross Profit": 173,
        "Operating Income": 11,
        "EBIT": 99,
        "Net Income": -54
    },
    "2021-09-30": {
        "Diluted EPS": 10.03,
        "Total Revenue": NaN,
        "Gross Profit": 37,
        "Operating Income": -67,
        "EBIT": 24,
        "Net Income": 960
    },
    "2021-06-30": {
        "Diluted EPS": -0.75,
        "Total Revenue": NaN,
        "Gross Profit": 150,
        "Operating Income": 14,
        "EBIT": 95,
        "Net Income": -71
    },
    "2021-03-31": {
        "Diluted EPS": 0.72,
        "Total Revenue": NaN,
        "Gross Profit": 298,
        "Operating Income": 150,
        "EBIT": 228,
        "Net Income": 69
    },
    "2020-12-31": {
        "Diluted EPS": 1.58,
        "Total Revenue": NaN,
        "Gross Profit": 341,
        "Operating Income": 192,
        "EBIT": 272,
        "Net Income": 150
    },
    "2020-09-30": {
        "Diluted EPS": -0.39,
        "Total Revenue": NaN,
        "Gross Profit": 245,
        "Operating Income": 94,
        "EBIT": 185,
        "Net Income": -36
    },
    "2020-06-30": {
        "Diluted EPS": -3.46,
        "Total Revenue": NaN,
        "Gross Profit": -153,
        "Operating Income": -268,
        "EBIT": -193,
        "Net Income": -325
    },
    "2020-03-31": {
        "Diluted EPS": -0.2,
        "Total Revenue": NaN,
        "Gross Profit": 237,
        "Operating Income": 110,
        "EBIT": 192,
        "Net Income": -19
    },
    "2019-12-31": {
        "Diluted EPS": -1.78,
        "Total Revenue": NaN,
        "Gross Profit": 263,
        "Operating Income": 98,
        "EBIT": 182,
        "Net Income": -167
    },
    "2019-09-30": {
        "Diluted EPS": -0.05,
        "Total Revenue": NaN,
        "Gross Profit": 213,
        "Operating Income": 53,
        "EBIT": 135,
        "Net Income": -4
    },
    "2019-06-30": {
        "Diluted EPS": -3.43,
        "Total Revenue": NaN,
        "Gross Profit": 211,
        "Operating Income": 46,
        "EBIT": 125,
        "Net Income": -321
    },
    "2019-03-31": {
        "Diluted EPS": -1.59,
        "Total Revenue": NaN,
        "Gross Profit": 197,
        "Operating Income": 29,
        "EBIT": 111,
        "Net Income": -149
    },
    "2018-12-31": {
        "Diluted EPS": -0.18,
        "Total Revenue": NaN,
        "Gross Profit": 180,
        "Operating Income": 2,
        "EBIT": 77,
        "Net Income": -17
    },
    "2018-09-30": {
        "Diluted EPS": -14.52,
        "Total Revenue": NaN,
        "Gross Profit": 176,
        "Operating Income": 21,
        "EBIT": 132,
        "Net Income": NaN
    },
    "2018-06-30": {
        "Diluted EPS": 0.58,
        "Total Revenue": NaN,
        "Gross Profit": 245,
        "Operating Income": 59,
        "EBIT": 174,
        "Net Income": 54
    },
    "2018-03-31": {
        "Diluted EPS": -1.8,
        "Total Revenue": NaN,
        "Gross Profit": 282,
        "Operating Income": 89,
        "EBIT": 202,
        "Net Income": -168
    },
    "2017-12-31": {
        "Diluted EPS": -2.32,
        "Total Revenue": NaN,
        "Gross Profit": 201,
        "Operating Income": 5,
        "EBIT": 113,
        "Net Income": -216
    },
    "2017-09-30": {
        "Diluted EPS": 3.67,
        "Total Revenue": NaN,
        "Gross Profit": 308,
        "Operating Income": 181,
        "EBIT": 278,
        "Net Income": 344
    },
    "2017-06-30": {
        "Diluted EPS": 2.14,
        "Total Revenue": NaN,
        "Gross Profit": 371,
        "Operating Income": 202,
        "EBIT": 290,
        "Net Income": 201
    },
    "2017-03-31": {
        "Diluted EPS": 2.02,
        "Total Revenue": NaN,
        "Gross Profit": 379,
        "Operating Income": 201,
        "EBIT": 286,
        "Net Income": 190
    },
    "2016-12-31": {
        "Diluted EPS": 1.51,
        "Total Revenue": NaN,
        "Gross Profit": 350,
        "Operating Income": 133,
        "EBIT": 221,
        "Net Income": 142
    },
    "2016-09-30": {
        "Diluted EPS": -9.5,
        "Total Revenue": NaN,
        "Gross Profit": 365,
        "Operating Income": -37,
        "EBIT": 54,
        "Net Income": -890
    },
    "2016-06-30": {
        "Diluted EPS": -0.15,
        "Total Revenue": NaN,
        "Gross Profit": 446,
        "Operating Income": 131,
        "EBIT": 212,
        "Net Income": -14
    },
    "2016-03-31": {
        "Diluted EPS": -8.31,
        "Total Revenue": NaN,
        "Gross Profit": 430,
        "Operating Income": 178,
        "EBIT": 264,
        "Net Income": -779
    },
    "2015-12-31": {
        "Diluted EPS": 1.46,
        "Total Revenue": NaN,
        "Gross Profit": 368,
        "Operating Income": 115,
        "EBIT": 201,
        "Net Income": 137
    },
    "2015-09-30": {
        "Diluted EPS": 0.0,
        "Total Revenue": NaN,
        "Gross Profit": NaN,
        "Operating Income": NaN,
        "EBIT": NaN,
        "Net Income": NaN
    },
    "2014-09-30": {
        "Diluted EPS": 0.0,
        "Total Revenue": NaN,
        "Gross Profit": NaN,
        "Operating Income": NaN,
        "EBIT": NaN,
        "Net Income": NaN
    },
    "2023-09-30": {
        "Tax Effect Of Unusual Items": NaN,
        "Tax Rate For Calcs": NaN,
        "Normalized EBITDA": NaN,
        "Total Unusual Items": NaN,
        "Total Unusual Items Excluding Goodwill": NaN,
        "Net Income From Continuing Operation Net Minority Interest": NaN,
        "Reconciled Depreciation": NaN,
        "Reconciled Cost Of Revenue": NaN,
        "EBITDA": NaN,
        "EBIT": NaN,
        "Net Interest Income": NaN,
        "Interest Expense": NaN,
        "Interest Income": NaN,
        "Normalized Income": NaN,
        "Net Income From Continuing And Discontinued Operation": NaN,
        "Total Expenses": NaN,
        "Diluted Average Shares": 94800000.0,
        "Basic Average Shares": 93700000.0,
        "Diluted EPS": 1.42,
        "Basic EPS": 1.440768,
        "Diluted NI Availto Com Stockholders": NaN,
        "Net Income Common Stockholders": NaN,
        "Net Income": NaN,
        "Minority Interests": NaN,
        "Net Income Including Noncontrolling Interests": NaN,
        "Net Income Continuous Operations": NaN,
        "Tax Provision": NaN,
        "Pretax Income": NaN,
        "Other Income Expense": NaN,
        "Special Income Charges": NaN,
        "Restructuring And Mergern Acquisition": NaN,
        "Earnings From Equity Interest": NaN,
        "Gain On Sale Of Security": NaN,
        "Net Non Operating Interest Income Expense": NaN,
        "Total Other Finance Cost": NaN,
        "Interest Expense Non Operating": NaN,
        "Interest Income Non Operating": NaN,
        "Operating Income": NaN,
        "Operating Expense": NaN,
        "Selling General And Administration": NaN,
        "General And Administrative Expense": NaN,
        "Other Gand A": NaN,
        "Salaries And Wages": NaN,
        "Gross Profit": NaN,
        "Cost Of Revenue": NaN,
        "Total Revenue": NaN,
        "Operating Revenue": NaN
    },
    "2023-12-31": {
        "Tax Effect Of Unusual Items": -3720000.0,
        "Tax Rate For Calcs": 0.31,
        "Normalized EBITDA": 208000000.0,
        "Total Unusual Items": -12000000.0,
        "Total Unusual Items Excluding Goodwill": -12000000.0,
        "Net Income From Continuing Operation Net Minority Interest": 20000000.0,
        "Reconciled Depreciation": 83000000.0,
        "Reconciled Cost Of Revenue": 3414000000.0,
        "EBITDA": 196000000.0,
        "EBIT": 113000000.0,
        "Net Interest Income": -43000000.0,
        "Interest Expense": 48000000.0,
        "Interest Income": 9000000.0,
        "Normalized Income": 28280000.0,
        "Net Income From Continuing And Discontinued Operation": 20000000.0,
        "Total Expenses": 3563000000.0,
        "Diluted Average Shares": 93600000.0,
        "Basic Average Shares": 92900000.0,
        "Diluted EPS": 0.21,
        "Basic EPS": 0.22,
        "Diluted NI Availto Com Stockholders": 20000000.0,
        "Net Income Common Stockholders": 20000000.0,
        "Net Income": 20000000.0,
        "Minority Interests": -25000000.0,
        "Net Income Including Noncontrolling Interests": 45000000.0,
        "Net Income Continuous Operations": 45000000.0,
        "Tax Provision": 20000000.0,
        "Pretax Income": 65000000.0,
        "Other Income Expense": 11000000.0,
        "Special Income Charges": -11000000.0,
        "Restructuring And Mergern Acquisition": 11000000.0,
        "Earnings From Equity Interest": 23000000.0,
        "Gain On Sale Of Security": -1000000.0,
        "Net Non Operating Interest Income Expense": -43000000.0,
        "Total Other Finance Cost": 4000000.0,
        "Interest Expense Non Operating": 48000000.0,
        "Interest Income Non Operating": 9000000.0,
        "Operating Income": 97000000.0,
        "Operating Expense": 149000000.0,
        "Selling General And Administration": 149000000.0,
        "General And Administrative Expense": 149000000.0,
        "Other Gand A": 147000000.0,
        "Salaries And Wages": 2000000.0,
        "Gross Profit": 246000000.0,
        "Cost Of Revenue": 3414000000.0,
        "Total Revenue": 3660000000.0,
        "Operating Revenue": 3660000000.0
    },
    "2024-03-31": {
        "Tax Effect Of Unusual Items": NaN,
        "Tax Rate For Calcs": NaN,
        "Normalized EBITDA": NaN,
        "Total Unusual Items": NaN,
        "Total Unusual Items Excluding Goodwill": NaN,
        "Net Income From Continuing Operation Net Minority Interest": NaN,
        "Reconciled Depreciation": NaN,
        "Reconciled Cost Of Revenue": NaN,
        "EBITDA": NaN,
        "EBIT": NaN,
        "Net Interest Income": NaN,
        "Interest Expense": NaN,
        "Interest Income": NaN,
        "Normalized Income": NaN,
        "Net Income From Continuing And Discontinued Operation": NaN,
        "Total Expenses": NaN,
        "Diluted Average Shares": NaN,
        "Basic Average Shares": NaN,
        "Diluted EPS": NaN,
        "Basic EPS": NaN,
        "Diluted NI Availto Com Stockholders": NaN,
        "Net Income Common Stockholders": NaN,
        "Net Income": NaN,
        "Minority Interests": NaN,
        "Net Income Including Noncontrolling Interests": NaN,
        "Net Income Continuous Operations": NaN,
        "Tax Provision": NaN,
        "Pretax Income": NaN,
        "Other Income Expense": NaN,
        "Other Non Operating Income Expenses": NaN,
        "Special Income Charges": NaN,
        "Restructuring And Mergern Acquisition": NaN,
        "Earnings From Equity Interest": NaN,
        "Gain On Sale Of Security": -2000000.0,
        "Net Non Operating Interest Income Expense": NaN,
        "Total Other Finance Cost": NaN,
        "Interest Expense Non Operating": NaN,
        "Interest Income Non Operating": NaN,
        "Operating Income": NaN,
        "Operating Expense": NaN,
        "Selling General And Administration": NaN,
        "General And Administrative Expense": 115000000.0,
        "Other Gand A": 115000000.0,
        "Salaries And Wages": 2000000.0,
        "Gross Profit": NaN,
        "Cost Of Revenue": NaN,
        "Total Revenue": NaN,
        "Operating Revenue": NaN
    },
    "2024-06-30": {
        "Tax Effect Of Unusual Items": NaN,
        "Tax Rate For Calcs": NaN,
        "Normalized EBITDA": NaN,
        "Total Unusual Items": NaN,
        "Total Unusual Items Excluding Goodwill": NaN,
        "Net Income From Continuing Operation Net Minority Interest": NaN,
        "Reconciled Depreciation": NaN,
        "Reconciled Cost Of Revenue": NaN,
        "EBITDA": NaN,
        "EBIT": NaN,
        "Net Interest Income": NaN,
        "Interest Expense": NaN,
        "Interest Income": NaN,
        "Normalized Income": NaN,
        "Net Income From Continuing And Discontinued Operation": NaN,
        "Total Expenses": NaN,
        "Diluted Average Shares": NaN,
        "Basic Average Shares": NaN,
        "Diluted EPS": NaN,
        "Basic EPS": NaN,
        "Diluted NI Availto Com Stockholders": NaN,
        "Net Income Common Stockholders": NaN,
        "Net Income": NaN,
        "Minority Interests": NaN,
        "Net Income Including Noncontrolling Interests": NaN,
        "Net Income Continuous Operations": NaN,
        "Tax Provision": NaN,
        "Pretax Income": NaN,
        "Other Income Expense": NaN,
        "Other Non Operating Income Expenses": NaN,
        "Special Income Charges": NaN,
        "Restructuring And Mergern Acquisition": NaN,
        "Earnings From Equity Interest": NaN,
        "Gain On Sale Of Security": -2000000.0,
        "Net Non Operating Interest Income Expense": NaN,
        "Total Other Finance Cost": NaN,
        "Interest Expense Non Operating": NaN,
        "Interest Income Non Operating": NaN,
        "Operating Income": NaN,
        "Operating Expense": NaN,
        "Selling General And Administration": NaN,
        "General And Administrative Expense": 122000000.0,
        "Other Gand A": 121000000.0,
        "Salaries And Wages": 1000000.0,
        "Gross Profit": NaN,
        "Cost Of Revenue": NaN,
        "Total Revenue": NaN,
        "Operating Revenue": NaN
    },
    "2024-09-30": {
        "Tax Effect Of Unusual Items": NaN,
        "Tax Rate For Calcs": NaN,
        "Normalized EBITDA": NaN,
        "Total Unusual Items": NaN,
        "Total Unusual Items Excluding Goodwill": NaN,
        "Net Income From Continuing Operation Net Minority Interest": NaN,
        "Reconciled Depreciation": NaN,
        "Reconciled Cost Of Revenue": NaN,
        "EBITDA": NaN,
        "EBIT": NaN,
        "Net Interest Income": NaN,
        "Interest Expense": NaN,
        "Interest Income": NaN,
        "Normalized Income": NaN,
        "Net Income From Continuing And Discontinued Operation": NaN,
        "Total Expenses": NaN,
        "Diluted Average Shares": NaN,
        "Basic Average Shares": NaN,
        "Diluted EPS": NaN,
        "Basic EPS": NaN,
        "Diluted NI Availto Com Stockholders": NaN,
        "Net Income Common Stockholders": NaN,
        "Net Income": NaN,
        "Minority Interests": NaN,
        "Net Income Including Noncontrolling Interests": NaN,
        "Net Income Continuous Operations": NaN,
        "Tax Provision": NaN,
        "Pretax Income": NaN,
        "Other Income Expense": NaN,
        "Other Non Operating Income Expenses": NaN,
        "Special Income Charges": NaN,
        "Restructuring And Mergern Acquisition": NaN,
        "Earnings From Equity Interest": NaN,
        "Gain On Sale Of Security": -3000000.0,
        "Net Non Operating Interest Income Expense": NaN,
        "Total Other Finance Cost": NaN,
        "Interest Expense Non Operating": NaN,
        "Interest Income Non Operating": NaN,
        "Operating Income": NaN,
        "Operating Expense": NaN,
        "Selling General And Administration": NaN,
        "General And Administrative Expense": 124000000.0,
        "Other Gand A": 124000000.0,
        "Salaries And Wages": 16000000.0,
        "Gross Profit": NaN,
        "Cost Of Revenue": NaN,
        "Total Revenue": NaN,
        "Operating Revenue": NaN
    },
    "2024-12-31": {
        "Tax Effect Of Unusual Items": -5040000.0,
        "Tax Rate For Calcs": 0.21,
        "Normalized EBITDA": 198000000.0,
        "Total Unusual Items": -24000000.0,
        "Total Unusual Items Excluding Goodwill": -24000000.0,
        "Net Income From Continuing Operation Net Minority Interest": 0.0,
        "Reconciled Depreciation": 80000000.0,
        "Reconciled Cost Of Revenue": 3279000000.0,
        "EBITDA": 174000000.0,
        "EBIT": 94000000.0,
        "Net Interest Income": -44000000.0,
        "Interest Expense": 47000000.0,
        "Interest Income": 7000000.0,
        "Normalized Income": 18960000.0,
        "Net Income From Continuing And Discontinued Operation": 0.0,
        "Total Expenses": 3404000000.0,
        "Diluted Average Shares": 84700000.0,
        "Basic Average Shares": 84400000.0,
        "Diluted EPS": 0.0,
        "Basic EPS": 0.0,
        "Diluted NI Availto Com Stockholders": 0.0,
        "Net Income Common Stockholders": 0.0,
        "Net Income": 0.0,
        "Minority Interests": -25000000.0,
        "Net Income Including Noncontrolling Interests": 25000000.0,
        "Net Income Continuous Operations": 25000000.0,
        "Tax Provision": 22000000.0,
        "Pretax Income": 47000000.0,
        "Other Income Expense": 1000000.0,
        "Other Non Operating Income Expenses": -1000000.0,
        "Special Income Charges": -23000000.0,
        "Restructuring And Mergern Acquisition": 23000000.0,
        "Earnings From Equity Interest": 25000000.0,
        "Gain On Sale Of Security": -1000000.0,
        "Net Non Operating Interest Income Expense": -44000000.0,
        "Total Other Finance Cost": 4000000.0,
        "Interest Expense Non Operating": 47000000.0,
        "Interest Income Non Operating": 7000000.0,
        "Operating Income": 91000000.0,
        "Operating Expense": 125000000.0,
        "Selling General And Administration": 125000000.0,
        "General And Administrative Expense": 125000000.0,
        "Other Gand A": 125000000.0,
        "Salaries And Wages": 1000000.0,
        "Gross Profit": 216000000.0,
        "Cost Of Revenue": 3279000000.0,
        "Total Revenue": 3495000000.0,
        "Operating Revenue": 3495000000.0
    },
    "2025-03-31": {
        "Tax Effect Of Unusual Items": -73500000.0,
        "Tax Rate For Calcs": 0.21,
        "Normalized EBITDA": 212000000.0,
        "Total Unusual Items": -350000000.0,
        "Total Unusual Items Excluding Goodwill": -350000000.0,
        "Net Income From Continuing Operation Net Minority Interest": -335000000.0,
        "Reconciled Depreciation": 79000000.0,
        "Reconciled Cost Of Revenue": 3350000000.0,
        "EBITDA": -138000000.0,
        "EBIT": -217000000.0,
        "Net Interest Income": -49000000.0,
        "Interest Expense": 48000000.0,
        "Interest Income": 6000000.0,
        "Normalized Income": -58500000.0,
        "Net Income From Continuing And Discontinued Operation": -335000000.0,
        "Total Expenses": 3494000000.0,
        "Diluted Average Shares": 84000000.0,
        "Basic Average Shares": 84000000.0,
        "Diluted EPS": -3.99,
        "Basic EPS": -3.99,
        "Diluted NI Availto Com Stockholders": -335000000.0,
        "Net Income Common Stockholders": -335000000.0,
        "Net Income": -335000000.0,
        "Minority Interests": -22000000.0,
        "Net Income Including Noncontrolling Interests": -313000000.0,
        "Net Income Continuous Operations": -313000000.0,
        "Tax Provision": 48000000.0,
        "Pretax Income": -265000000.0,
        "Other Income Expense": -333000000.0,
        "Other Non Operating Income Expenses": -1000000.0,
        "Special Income Charges": -351000000.0,
        "Restructuring And Mergern Acquisition": 351000000.0,
        "Earnings From Equity Interest": 18000000.0,
        "Gain On Sale Of Security": 1000000.0,
        "Net Non Operating Interest Income Expense": -49000000.0,
        "Total Other Finance Cost": 7000000.0,
        "Interest Expense Non Operating": 48000000.0,
        "Interest Income Non Operating": 6000000.0,
        "Operating Income": 117000000.0,
        "Operating Expense": 144000000.0,
        "Selling General And Administration": 144000000.0,
        "General And Administrative Expense": 144000000.0,
        "Other Gand A": 144000000.0,
        "Salaries And Wages": 1000000.0,
        "Gross Profit": 261000000.0,
        "Cost Of Revenue": 3350000000.0,
        "Total Revenue": 3611000000.0,
        "Operating Revenue": 3611000000.0
    },
    "2025-06-30": {
        "Tax Effect Of Unusual Items": -770000.0,
        "Tax Rate For Calcs": 0.11,
        "Normalized EBITDA": 208000000.0,
        "Total Unusual Items": -7000000.0,
        "Total Unusual Items Excluding Goodwill": -7000000.0,
        "Net Income From Continuing Operation Net Minority Interest": 36000000.0,
        "Reconciled Depreciation": 83000000.0,
        "Reconciled Cost Of Revenue": 3504000000.0,
        "EBITDA": 201000000.0,
        "EBIT": 118000000.0,
        "Net Interest Income": -51000000.0,
        "Interest Expense": 52000000.0,
        "Interest Income": 4000000.0,
        "Normalized Income": 42230000.0,
        "Net Income From Continuing And Discontinued Operation": 36000000.0,
        "Total Expenses": 3633000000.0,
        "Diluted Average Shares": 83700000.0,
        "Basic Average Shares": 83500000.0,
        "Diluted EPS": 0.43,
        "Basic EPS": 0.43,
        "Diluted NI Availto Com Stockholders": 36000000.0,
        "Net Income Common Stockholders": 36000000.0,
        "Net Income": 36000000.0,
        "Minority Interests": -23000000.0,
        "Net Income Including Noncontrolling Interests": 59000000.0,
        "Net Income Continuous Operations": 59000000.0,
        "Tax Provision": 7000000.0,
        "Pretax Income": 66000000.0,
        "Other Income Expense": 9000000.0,
        "Other Non Operating Income Expenses": -1000000.0,
        "Special Income Charges": -7000000.0,
        "Restructuring And Mergern Acquisition": 7000000.0,
        "Earnings From Equity Interest": 17000000.0,
        "Gain On Sale Of Security": NaN,
        "Net Non Operating Interest Income Expense": -51000000.0,
        "Total Other Finance Cost": 3000000.0,
        "Interest Expense Non Operating": 52000000.0,
        "Interest Income Non Operating": 4000000.0,
        "Operating Income": 108000000.0,
        "Operating Expense": 129000000.0,
        "Selling General And Administration": 129000000.0,
        "General And Administrative Expense": NaN,
        "Other Gand A": NaN,
        "Salaries And Wages": NaN,
        "Gross Profit": 237000000.0,
        "Cost Of Revenue": 3504000000.0,
        "Total Revenue": 3741000000.0,
        "Operating Revenue": 3741000000.0
    },
    "2025-09-30": {
        "Tax Effect Of Unusual Items": -2310000.0,
        "Tax Rate For Calcs": 0.21,
        "Normalized EBITDA": 212000000.0,
        "Total Unusual Items": -11000000.0,
        "Total Unusual Items Excluding Goodwill": -11000000.0,
        "Net Income From Continuing Operation Net Minority Interest": 18000000.0,
        "Reconciled Depreciation": 83000000.0,
        "Reconciled Cost Of Revenue": 3441000000.0,
        "EBITDA": 201000000.0,
        "EBIT": 118000000.0,
        "Net Interest Income": -49000000.0,
        "Interest Expense": 54000000.0,
        "Interest Income": 7000000.0,
        "Normalized Income": 26690000.0,
        "Net Income From Continuing And Discontinued Operation": 18000000.0,
        "Total Expenses": 3565000000.0,
        "Diluted Average Shares": 81300000.0,
        "Basic Average Shares": 80300000.0,
        "Diluted EPS": 0.22,
        "Basic EPS": 0.224159,
        "Diluted NI Availto Com Stockholders": 18000000.0,
        "Net Income Common Stockholders": 18000000.0,
        "Net Income": 18000000.0,
        "Minority Interests": -20000000.0,
        "Net Income Including Noncontrolling Interests": 38000000.0,
        "Net Income Continuous Operations": 38000000.0,
        "Tax Provision": 26000000.0,
        "Pretax Income": 64000000.0,
        "Other Income Expense": -10000000.0,
        "Other Non Operating Income Expenses": -7000000.0,
        "Special Income Charges": -11000000.0,
        "Restructuring And Mergern Acquisition": 11000000.0,
        "Earnings From Equity Interest": 8000000.0,
        "Gain On Sale Of Security": NaN,
        "Net Non Operating Interest Income Expense": -49000000.0,
        "Total Other Finance Cost": 2000000.0,
        "Interest Expense Non Operating": 54000000.0,
        "Interest Income Non Operating": 7000000.0,
        "Operating Income": 123000000.0,
        "Operating Expense": 124000000.0,
        "Selling General And Administration": 124000000.0,
        "General And Administrative Expense": NaN,
        "Other Gand A": NaN,
        "Salaries And Wages": NaN,
        "Gross Profit": 247000000.0,
        "Cost Of Revenue": 3441000000.0,
        "Total Revenue": 3688000000.0,
        "Operating Revenue": 3688000000.0
    },
    "2025-12-31": {
        "Tax Effect Of Unusual Items": -5040000.0,
        "Tax Rate For Calcs": 0.21,
        "Normalized EBITDA": 197000000.0,
        "Total Unusual Items": -24000000.0,
        "Total Unusual Items Excluding Goodwill": -24000000.0,
        "Net Income From Continuing Operation Net Minority Interest": -22000000.0,
        "Reconciled Depreciation": 80000000.0,
        "Reconciled Cost Of Revenue": 3427000000.0,
        "EBITDA": 173000000.0,
        "EBIT": 93000000.0,
        "Net Interest Income": -48000000.0,
        "Interest Expense": 52000000.0,
        "Interest Income": 8000000.0,
        "Normalized Income": -3040000.0,
        "Net Income From Continuing And Discontinued Operation": -22000000.0,
        "Total Expenses": 3557000000.0,
        "Diluted Average Shares": 78700000.0,
        "Basic Average Shares": 78700000.0,
        "Diluted EPS": -0.28,
        "Basic EPS": -0.28,
        "Diluted NI Availto Com Stockholders": -22000000.0,
        "Net Income Common Stockholders": -22000000.0,
        "Net Income": -22000000.0,
        "Minority Interests": -21000000.0,
        "Net Income Including Noncontrolling Interests": -1000000.0,
        "Net Income Continuous Operations": -1000000.0,
        "Tax Provision": 42000000.0,
        "Pretax Income": 41000000.0,
        "Other Income Expense": 2000000.0,
        "Other Non Operating Income Expenses": -1000000.0,
        "Special Income Charges": -24000000.0,
        "Restructuring And Mergern Acquisition": 24000000.0,
        "Earnings From Equity Interest": 27000000.0,
        "Gain On Sale Of Security": NaN,
        "Net Non Operating Interest Income Expense": -48000000.0,
        "Total Other Finance Cost": 4000000.0,
        "Interest Expense Non Operating": 52000000.0,
        "Interest Income Non Operating": 8000000.0,
        "Operating Income": 87000000.0,
        "Operating Expense": 130000000.0,
        "Selling General And Administration": 130000000.0,
        "General And Administrative Expense": NaN,
        "Other Gand A": NaN,
        "Salaries And Wages": NaN,
        "Gross Profit": 217000000.0,
        "Cost Of Revenue": 3427000000.0,
        "Total Revenue": 3644000000.0,
        "Operating Revenue": 3644000000.0
    }
}