{
    "2023-06-30": {
        "Tax Effect Of Unusual Items": NaN,
        "Tax Rate For Calcs": NaN,
        "Normalized EBITDA": NaN,
        "Total Unusual Items": NaN,
        "Total Unusual Items Excluding Goodwill": NaN,
        "Net Income From Continuing Operation Net Minority Interest": NaN,
        "Reconciled Depreciation": NaN,
        "Reconciled Cost Of Revenue": NaN,
        "EBITDA": NaN,
        "EBIT": NaN,
        "Net Interest Income": NaN,
        "Interest Expense": NaN,
        "Interest Income": NaN,
        "Normalized Income": NaN,
        "Net Income From Continuing And Discontinued Operation": NaN,
        "Total Expenses": NaN,
        "Diluted Average Shares": NaN,
        "Basic Average Shares": NaN,
        "Diluted EPS": NaN,
        "Basic EPS": NaN,
        "Diluted NI Availto Com Stockholders": NaN,
        "Net Income Common Stockholders": NaN,
        "Net Income": NaN,
        "Net Income Including Noncontrolling Interests": NaN,
        "Net Income Continuous Operations": NaN,
        "Tax Provision": NaN,
        "Pretax Income": NaN,
        "Other Income Expense": NaN,
        "Other Non Operating Income Expenses": 13100000.0,
        "Special Income Charges": NaN,
        "Gain On Sale Of Ppe": NaN,
        "Write Off": 1800000.0,
        "Gain On Sale Of Security": NaN,
        "Net Non Operating Interest Income Expense": NaN,
        "Interest Expense Non Operating": NaN,
        "Interest Income Non Operating": NaN,
        "Operating Income": NaN,
        "Operating Expense": NaN,
        "Selling General And Administration": NaN,
        "General And Administrative Expense": NaN,
        "Other Gand A": NaN,
        "Salaries And Wages": NaN,
        "Gross Profit": NaN,
        "Cost Of Revenue": NaN,
        "Total Revenue": NaN,
        "Operating Revenue": NaN
    },
    "2023-03-31": {
        "Tax Effect Of Unusual Items": NaN,
        "Tax Rate For Calcs": NaN,
        "Normalized EBITDA": NaN,
        "Total Unusual Items": NaN,
        "Total Unusual Items Excluding Goodwill": NaN,
        "Net Income From Continuing Operation Net Minority Interest": NaN,
        "Reconciled Depreciation": NaN,
        "Reconciled Cost Of Revenue": NaN,
        "EBITDA": NaN,
        "EBIT": NaN,
        "Net Interest Income": NaN,
        "Interest Expense": NaN,
        "Interest Income": NaN,
        "Normalized Income": NaN,
        "Net Income From Continuing And Discontinued Operation": NaN,
        "Total Expenses": NaN,
        "Diluted Average Shares": NaN,
        "Basic Average Shares": NaN,
        "Diluted EPS": NaN,
        "Basic EPS": NaN,
        "Diluted NI Availto Com Stockholders": NaN,
        "Net Income Common Stockholders": NaN,
        "Net Income": NaN,
        "Net Income Including Noncontrolling Interests": NaN,
        "Net Income Continuous Operations": NaN,
        "Tax Provision": NaN,
        "Pretax Income": NaN,
        "Other Income Expense": NaN,
        "Other Non Operating Income Expenses": 13100000.0,
        "Special Income Charges": NaN,
        "Gain On Sale Of Ppe": NaN,
        "Write Off": NaN,
        "Gain On Sale Of Security": NaN,
        "Net Non Operating Interest Income Expense": NaN,
        "Interest Expense Non Operating": NaN,
        "Interest Income Non Operating": NaN,
        "Operating Income": NaN,
        "Operating Expense": NaN,
        "Selling General And Administration": NaN,
        "General And Administrative Expense": 924900000.0,
        "Other Gand A": 938000000.0,
        "Salaries And Wages": -13100000.0,
        "Gross Profit": NaN,
        "Cost Of Revenue": NaN,
        "Total Revenue": NaN,
        "Operating Revenue": NaN
    },
    "2022-12-31": {
        "Tax Effect Of Unusual Items": NaN,
        "Tax Rate For Calcs": NaN,
        "Normalized EBITDA": NaN,
        "Total Unusual Items": NaN,
        "Total Unusual Items Excluding Goodwill": NaN,
        "Net Income From Continuing Operation Net Minority Interest": NaN,
        "Reconciled Depreciation": NaN,
        "Reconciled Cost Of Revenue": NaN,
        "EBITDA": NaN,
        "EBIT": NaN,
        "Net Interest Income": NaN,
        "Interest Expense": NaN,
        "Interest Income": NaN,
        "Normalized Income": NaN,
        "Net Income From Continuing And Discontinued Operation": NaN,
        "Total Expenses": NaN,
        "Diluted Average Shares": NaN,
        "Basic Average Shares": NaN,
        "Diluted EPS": NaN,
        "Basic EPS": NaN,
        "Diluted NI Availto Com Stockholders": NaN,
        "Net Income Common Stockholders": NaN,
        "Net Income": NaN,
        "Net Income Including Noncontrolling Interests": NaN,
        "Net Income Continuous Operations": NaN,
        "Tax Provision": NaN,
        "Pretax Income": NaN,
        "Other Income Expense": NaN,
        "Other Non Operating Income Expenses": 13100000.0,
        "Special Income Charges": NaN,
        "Gain On Sale Of Ppe": NaN,
        "Write Off": NaN,
        "Gain On Sale Of Security": NaN,
        "Net Non Operating Interest Income Expense": NaN,
        "Interest Expense Non Operating": NaN,
        "Interest Income Non Operating": NaN,
        "Operating Income": NaN,
        "Operating Expense": NaN,
        "Selling General And Administration": NaN,
        "General And Administrative Expense": NaN,
        "Other Gand A": NaN,
        "Salaries And Wages": NaN,
        "Gross Profit": NaN,
        "Cost Of Revenue": NaN,
        "Total Revenue": NaN,
        "Operating Revenue": NaN
    },
    "2022-09-30": {
        "Tax Effect Of Unusual Items": -405000.0,
        "Tax Rate For Calcs": 0.225,
        "Normalized EBITDA": 1198100000.0,
        "Total Unusual Items": -1800000.0,
        "Total Unusual Items Excluding Goodwill": -1800000.0,
        "Net Income From Continuing Operation Net Minority Interest": 779000000.0,
        "Reconciled Depreciation": 135100000.0,
        "Reconciled Cost Of Revenue": 2393600000.0,
        "EBITDA": 1196300000.0,
        "EBIT": 1061200000.0,
        "Net Interest Income": 119500000.0,
        "Interest Expense": 51200000.0,
        "Interest Income": 170700000.0,
        "Normalized Income": 780395000.0,
        "Net Income From Continuing And Discontinued Operation": 779000000.0,
        "Total Expenses": 3193900000.0,
        "Diluted Average Shares": 416900000.0,
        "Basic Average Shares": 414600000.0,
        "Diluted EPS": 1.87,
        "Basic EPS": 1.88,
        "Diluted NI Availto Com Stockholders": 779000000.0,
        "Net Income Common Stockholders": 779000000.0,
        "Net Income": 779000000.0,
        "Net Income Including Noncontrolling Interests": 779000000.0,
        "Net Income Continuous Operations": 779000000.0,
        "Tax Provision": 231000000.0,
        "Pretax Income": 1010000000.0,
        "Other Income Expense": 9800000.0,
        "Other Non Operating Income Expenses": 11600000.0,
        "Special Income Charges": -300000.0,
        "Gain On Sale Of Ppe": 0.0,
        "Write Off": 300000.0,
        "Gain On Sale Of Security": -1500000.0,
        "Net Non Operating Interest Income Expense": 119500000.0,
        "Interest Expense Non Operating": 51200000.0,
        "Interest Income Non Operating": 170700000.0,
        "Operating Income": 880700000.0,
        "Operating Expense": 800300000.0,
        "Selling General And Administration": 800300000.0,
        "Gross Profit": 1681000000.0,
        "Cost Of Revenue": 2393600000.0,
        "Total Revenue": 4074600000.0,
        "Operating Revenue": 4074600000.0
    },
    "2022-06-30": {
        "Tax Effect Of Unusual Items": -5149300.0,
        "Tax Rate For Calcs": 0.221,
        "Normalized EBITDA": 983700000.0,
        "Total Unusual Items": -23300000.0,
        "Total Unusual Items Excluding Goodwill": -23300000.0,
        "Net Income From Continuing Operation Net Minority Interest": 625400000.0,
        "Reconciled Depreciation": 130500000.0,
        "Reconciled Cost Of Revenue": 2385900000.0,
        "EBITDA": 960400000.0,
        "EBIT": 829900000.0,
        "Net Interest Income": 117300000.0,
        "Interest Expense": 26600000.0,
        "Interest Income": 143900000.0,
        "Normalized Income": 643550700.0,
        "Net Income From Continuing And Discontinued Operation": 625400000.0,
        "Total Expenses": 3300100000.0,
        "Diluted Average Shares": 418400000.0,
        "Basic Average Shares": 415800000.0,
        "Diluted EPS": 1.5,
        "Basic EPS": 1.5,
        "Diluted NI Availto Com Stockholders": 625400000.0,
        "Net Income Common Stockholders": 625400000.0,
        "Net Income": 625400000.0,
        "Net Income Including Noncontrolling Interests": 625400000.0,
        "Net Income Continuous Operations": 625400000.0,
        "Tax Provision": 177900000.0,
        "Pretax Income": 803300000.0,
        "Other Income Expense": -14700000.0,
        "Other Non Operating Income Expenses": 8600000.0,
        "Special Income Charges": -18700000.0,
        "Gain On Sale Of Ppe": 0.0,
        "Write Off": 18700000.0,
        "Gain On Sale Of Security": -4600000.0,
        "Net Non Operating Interest Income Expense": 117300000.0,
        "Interest Expense Non Operating": 26600000.0,
        "Interest Income Non Operating": 143900000.0,
        "Operating Income": 700700000.0,
        "Operating Expense": 914200000.0,
        "Selling General And Administration": 914200000.0,
        "Gross Profit": 1614900000.0,
        "Cost Of Revenue": 2385900000.0,
        "Total Revenue": 4000800000.0,
        "Operating Revenue": 4000800000.0
    },
    "2022-03-31": {
        "Diluted EPS": 2.21,
        "Total Revenue": NaN,
        "Gross Profit": NaN,
        "Operating Income": NaN,
        "EBIT": NaN,
        "Net Income": 929
    },
    "2021-12-31": {
        "Diluted EPS": 1.65,
        "Total Revenue": NaN,
        "Gross Profit": NaN,
        "Operating Income": 902,
        "EBIT": NaN,
        "Net Income": 694
    },
    "2021-09-30": {
        "Diluted EPS": 1.65,
        "Total Revenue": NaN,
        "Gross Profit": NaN,
        "Operating Income": 891,
        "EBIT": NaN,
        "Net Income": 701
    },
    "2021-06-30": {
        "Diluted EPS": 1.26,
        "Total Revenue": NaN,
        "Gross Profit": NaN,
        "Operating Income": 691,
        "EBIT": NaN,
        "Net Income": 538
    },
    "2021-03-31": {
        "Diluted EPS": 1.9,
        "Total Revenue": NaN,
        "Gross Profit": NaN,
        "Operating Income": NaN,
        "EBIT": NaN,
        "Net Income": 811
    },
    "2020-12-31": {
        "Diluted EPS": 1.51,
        "Total Revenue": NaN,
        "Gross Profit": NaN,
        "Operating Income": 818,
        "EBIT": NaN,
        "Net Income": 648
    },
    "2020-09-30": {
        "Diluted EPS": 1.4,
        "Total Revenue": NaN,
        "Gross Profit": NaN,
        "Operating Income": 755,
        "EBIT": NaN,
        "Net Income": 602
    },
    "2020-06-30": {
        "Diluted EPS": 0.96,
        "Total Revenue": NaN,
        "Gross Profit": NaN,
        "Operating Income": 544,
        "EBIT": 906,
        "Net Income": 412
    },
    "2020-03-31": {
        "Diluted EPS": 1.9,
        "Total Revenue": NaN,
        "Gross Profit": NaN,
        "Operating Income": NaN,
        "EBIT": NaN,
        "Net Income": 821
    },
    "2019-12-31": {
        "Diluted EPS": 1.5,
        "Total Revenue": NaN,
        "Gross Profit": NaN,
        "Operating Income": 821,
        "EBIT": NaN,
        "Net Income": 652
    },
    "2019-09-30": {
        "Diluted EPS": 1.34,
        "Total Revenue": NaN,
        "Gross Profit": NaN,
        "Operating Income": 724,
        "EBIT": NaN,
        "Net Income": 582
    },
    "2019-06-30": {
        "Diluted EPS": 1.09,
        "Total Revenue": NaN,
        "Gross Profit": NaN,
        "Operating Income": 623,
        "EBIT": 963,
        "Net Income": 476
    },
    "2019-03-31": {
        "Diluted EPS": 1.73,
        "Total Revenue": NaN,
        "Gross Profit": NaN,
        "Operating Income": 985,
        "EBIT": NaN,
        "Net Income": 754
    },
    "2018-12-31": {
        "Diluted EPS": 1.27,
        "Total Revenue": NaN,
        "Gross Profit": NaN,
        "Operating Income": 747,
        "EBIT": NaN,
        "Net Income": 558
    },
    "2018-09-30": {
        "Diluted EPS": 1.15,
        "Total Revenue": NaN,
        "Gross Profit": NaN,
        "Operating Income": 669,
        "EBIT": 999,
        "Net Income": 505
    },
    "2018-06-30": {
        "Diluted EPS": 0.32,
        "Total Revenue": NaN,
        "Gross Profit": NaN,
        "Operating Income": 564,
        "EBIT": 893,
        "Net Income": 141
    },
    "2018-03-31": {
        "Diluted EPS": 1.49,
        "Total Revenue": NaN,
        "Gross Profit": NaN,
        "Operating Income": 867,
        "EBIT": NaN,
        "Net Income": 661
    },
    "2017-12-31": {
        "Diluted EPS": 1.51,
        "Total Revenue": NaN,
        "Gross Profit": NaN,
        "Operating Income": 577,
        "EBIT": 917,
        "Net Income": 670
    },
    "2017-09-30": {
        "Diluted EPS": 0.93,
        "Total Revenue": NaN,
        "Gross Profit": NaN,
        "Operating Income": 550,
        "EBIT": 842,
        "Net Income": 413
    },
    "2017-06-30": {
        "Diluted EPS": 0.72,
        "Total Revenue": NaN,
        "Gross Profit": NaN,
        "Operating Income": 415,
        "EBIT": NaN,
        "Net Income": 320
    },
    "2017-03-31": {
        "Diluted EPS": 1.31,
        "Total Revenue": NaN,
        "Gross Profit": NaN,
        "Operating Income": 835,
        "EBIT": 933,
        "Net Income": 588
    },
    "2016-12-31": {
        "Diluted EPS": 1.13,
        "Total Revenue": NaN,
        "Gross Profit": NaN,
        "Operating Income": 579,
        "EBIT": 679,
        "Net Income": 511
    },
    "2016-09-30": {
        "Diluted EPS": 0.81,
        "Total Revenue": NaN,
        "Gross Profit": NaN,
        "Operating Income": 526,
        "EBIT": 626,
        "Net Income": 369
    },
    "2016-06-30": {
        "Diluted EPS": 0.62,
        "Total Revenue": NaN,
        "Gross Profit": NaN,
        "Operating Income": 429,
        "EBIT": 526,
        "Net Income": 282
    },
    "2016-03-31": {
        "Diluted EPS": 1.17,
        "Total Revenue": NaN,
        "Gross Profit": NaN,
        "Operating Income": 802,
        "EBIT": 898,
        "Net Income": 533
    },
    "2015-12-31": {
        "Diluted EPS": 0.74,
        "Total Revenue": NaN,
        "Gross Profit": NaN,
        "Operating Income": 497,
        "EBIT": 594,
        "Net Income": 341
    },
    "2015-09-30": {
        "Diluted EPS": 0.72,
        "Total Revenue": NaN,
        "Gross Profit": NaN,
        "Operating Income": 462,
        "EBIT": 555,
        "Net Income": 337
    },
    "2015-06-30": {
        "Diluted EPS": 0.72,
        "Total Revenue": NaN,
        "Gross Profit": NaN,
        "Operating Income": 368,
        "EBIT": 463,
        "Net Income": 336
    },
    "2015-03-31": {
        "Diluted EPS": 1.03,
        "Total Revenue": NaN,
        "Gross Profit": NaN,
        "Operating Income": 733,
        "EBIT": 828,
        "Net Income": 490
    },
    "2014-12-31": {
        "Diluted EPS": 0.69,
        "Total Revenue": NaN,
        "Gross Profit": NaN,
        "Operating Income": 482,
        "EBIT": 576,
        "Net Income": 332
    },
    "2014-09-30": {
        "Diluted EPS": 0.61,
        "Total Revenue": NaN,
        "Gross Profit": NaN,
        "Operating Income": 432,
        "EBIT": 525,
        "Net Income": 295
    },
    "2014-06-30": {
        "Diluted EPS": 0.6,
        "Total Revenue": NaN,
        "Gross Profit": NaN,
        "Operating Income": 341,
        "EBIT": 437,
        "Net Income": 289
    },
    "2014-03-31": {
        "Diluted EPS": 1.08,
        "Total Revenue": NaN,
        "Gross Profit": NaN,
        "Operating Income": 654,
        "EBIT": 743,
        "Net Income": 522
    },
    "2013-12-31": {
        "Diluted EPS": 0.78,
        "Total Revenue": NaN,
        "Gross Profit": NaN,
        "Operating Income": 436,
        "EBIT": 527,
        "Net Income": 377
    },
    "2013-09-30": {
        "Diluted EPS": 0.68,
        "Total Revenue": NaN,
        "Gross Profit": 921,
        "Operating Income": 384,
        "EBIT": 470,
        "Net Income": 329
    },
    "2013-06-30": {
        "Diluted EPS": 0.47,
        "Total Revenue": 947,
        "Gross Profit": 327,
        "Operating Income": -26,
        "EBIT": 10,
        "Net Income": 227
    },
    "2013-03-31": {
        "Diluted EPS": 0.99,
        "Total Revenue": NaN,
        "Gross Profit": NaN,
        "Operating Income": 713,
        "EBIT": 813,
        "Net Income": 483
    },
    "2012-12-31": {
        "Diluted EPS": 0.8,
        "Total Revenue": NaN,
        "Gross Profit": NaN,
        "Operating Income": 499,
        "EBIT": 595,
        "Net Income": 391
    },
    "2012-09-30": {
        "Diluted EPS": 0.63,
        "Total Revenue": NaN,
        "Gross Profit": NaN,
        "Operating Income": 440,
        "EBIT": 537,
        "Net Income": 305
    },
    "2012-06-30": {
        "Diluted EPS": 0.53,
        "Total Revenue": NaN,
        "Gross Profit": NaN,
        "Operating Income": 360,
        "EBIT": 459,
        "Net Income": 258
    },
    "2012-03-31": {
        "Diluted EPS": 0.92,
        "Total Revenue": NaN,
        "Gross Profit": NaN,
        "Operating Income": 673,
        "EBIT": 769,
        "Net Income": 452
    },
    "2011-12-31": {
        "Diluted EPS": 0.76,
        "Total Revenue": NaN,
        "Gross Profit": NaN,
        "Operating Income": 482,
        "EBIT": 575,
        "Net Income": 375
    },
    "2011-09-30": {
        "Diluted EPS": 0.61,
        "Total Revenue": NaN,
        "Gross Profit": NaN,
        "Operating Income": 424,
        "EBIT": 515,
        "Net Income": 303
    },
    "2011-06-30": {
        "Diluted EPS": 0.49,
        "Total Revenue": NaN,
        "Gross Profit": 965,
        "Operating Income": 313,
        "EBIT": 402,
        "Net Income": 242
    },
    "2011-03-31": {
        "Diluted EPS": 0.85,
        "Total Revenue": NaN,
        "Gross Profit": NaN,
        "Operating Income": 639,
        "EBIT": 734,
        "Net Income": 424
    },
    "2010-12-31": {
        "Diluted EPS": 0.62,
        "Total Revenue": NaN,
        "Gross Profit": NaN,
        "Operating Income": 455,
        "EBIT": 552,
        "Net Income": 310
    },
    "2010-09-30": {
        "Diluted EPS": 0.56,
        "Total Revenue": NaN,
        "Gross Profit": 918,
        "Operating Income": 402,
        "EBIT": 490,
        "Net Income": 279
    },
    "2010-06-30": {
        "Diluted EPS": 0.42,
        "Total Revenue": NaN,
        "Gross Profit": 908,
        "Operating Income": 296,
        "EBIT": 386,
        "Net Income": 208
    },
    "2010-03-31": {
        "Diluted EPS": 0.8,
        "Total Revenue": NaN,
        "Gross Profit": NaN,
        "Operating Income": 608,
        "EBIT": 700,
        "Net Income": 404
    },
    "2009-12-31": {
        "Diluted EPS": 0.62,
        "Total Revenue": NaN,
        "Gross Profit": 971,
        "Operating Income": 452,
        "EBIT": 544,
        "Net Income": 316
    },
    "2009-09-30": {
        "Diluted EPS": 0.56,
        "Total Revenue": NaN,
        "Gross Profit": 907,
        "Operating Income": 415,
        "EBIT": 507,
        "Net Income": 284
    },
    "2009-06-30": {
        "Diluted EPS": 0.7,
        "Total Revenue": NaN,
        "Gross Profit": 901,
        "Operating Income": 330,
        "EBIT": 424,
        "Net Income": 353
    },
    "2009-03-31": {
        "Diluted EPS": 0.8,
        "Total Revenue": NaN,
        "Gross Profit": NaN,
        "Operating Income": 635,
        "EBIT": 727,
        "Net Income": 403
    },
    "2023-09-30": {
        "Tax Effect Of Unusual Items": NaN,
        "Tax Rate For Calcs": NaN,
        "Normalized EBITDA": NaN,
        "Total Unusual Items": NaN,
        "Total Unusual Items Excluding Goodwill": NaN,
        "Net Income From Continuing Operation Net Minority Interest": NaN,
        "Reconciled Depreciation": NaN,
        "Reconciled Cost Of Revenue": NaN,
        "EBITDA": NaN,
        "EBIT": NaN,
        "Net Interest Income": NaN,
        "Interest Expense": NaN,
        "Interest Income": NaN,
        "Normalized Income": NaN,
        "Net Income From Continuing And Discontinued Operation": NaN,
        "Total Expenses": NaN,
        "Diluted Average Shares": NaN,
        "Basic Average Shares": NaN,
        "Diluted EPS": NaN,
        "Basic EPS": NaN,
        "Diluted NI Availto Com Stockholders": NaN,
        "Net Income Common Stockholders": NaN,
        "Net Income": NaN,
        "Net Income Including Noncontrolling Interests": NaN,
        "Net Income Continuous Operations": NaN,
        "Tax Provision": NaN,
        "Pretax Income": NaN,
        "Other Income Expense": NaN,
        "Other Non Operating Income Expenses": NaN,
        "Special Income Charges": NaN,
        "Gain On Sale Of Ppe": NaN,
        "Write Off": 0.0,
        "Gain On Sale Of Security": NaN,
        "Net Non Operating Interest Income Expense": NaN,
        "Interest Expense Non Operating": NaN,
        "Interest Income Non Operating": NaN,
        "Operating Income": NaN,
        "Operating Expense": NaN,
        "Selling General And Administration": NaN,
        "General And Administrative Expense": NaN,
        "Other Gand A": NaN,
        "Salaries And Wages": NaN,
        "Gross Profit": NaN,
        "Cost Of Revenue": NaN,
        "Total Revenue": NaN,
        "Operating Revenue": NaN
    },
    "2023-12-31": {
        "Tax Effect Of Unusual Items": NaN,
        "Tax Rate For Calcs": NaN,
        "Normalized EBITDA": NaN,
        "Total Unusual Items": NaN,
        "Total Unusual Items Excluding Goodwill": NaN,
        "Net Income From Continuing Operation Net Minority Interest": NaN,
        "Reconciled Depreciation": NaN,
        "Reconciled Cost Of Revenue": NaN,
        "EBITDA": NaN,
        "EBIT": NaN,
        "Net Interest Income": NaN,
        "Interest Expense": NaN,
        "Interest Income": NaN,
        "Normalized Income": NaN,
        "Net Income From Continuing And Discontinued Operation": NaN,
        "Total Expenses": NaN,
        "Diluted Average Shares": NaN,
        "Basic Average Shares": NaN,
        "Diluted EPS": NaN,
        "Basic EPS": NaN,
        "Diluted NI Availto Com Stockholders": NaN,
        "Net Income Common Stockholders": NaN,
        "Net Income": NaN,
        "Net Income Including Noncontrolling Interests": NaN,
        "Net Income Continuous Operations": NaN,
        "Tax Provision": NaN,
        "Pretax Income": NaN,
        "Other Income Expense": NaN,
        "Other Non Operating Income Expenses": NaN,
        "Special Income Charges": NaN,
        "Gain On Sale Of Ppe": NaN,
        "Write Off": 0.0,
        "Gain On Sale Of Security": NaN,
        "Net Non Operating Interest Income Expense": NaN,
        "Interest Expense Non Operating": NaN,
        "Interest Income Non Operating": NaN,
        "Operating Income": NaN,
        "Operating Expense": NaN,
        "Selling General And Administration": NaN,
        "General And Administrative Expense": NaN,
        "Other Gand A": NaN,
        "Salaries And Wages": NaN,
        "Gross Profit": NaN,
        "Cost Of Revenue": NaN,
        "Total Revenue": NaN,
        "Operating Revenue": NaN
    },
    "2024-03-31": {
        "Tax Effect Of Unusual Items": NaN,
        "Tax Rate For Calcs": NaN,
        "Normalized EBITDA": NaN,
        "Total Unusual Items": NaN,
        "Total Unusual Items Excluding Goodwill": NaN,
        "Net Income From Continuing Operation Net Minority Interest": NaN,
        "Reconciled Depreciation": NaN,
        "Reconciled Cost Of Revenue": NaN,
        "EBITDA": NaN,
        "EBIT": NaN,
        "Net Interest Income": NaN,
        "Interest Expense": NaN,
        "Interest Income": NaN,
        "Normalized Income": NaN,
        "Net Income From Continuing And Discontinued Operation": NaN,
        "Total Expenses": NaN,
        "Diluted Average Shares": NaN,
        "Basic Average Shares": NaN,
        "Diluted EPS": NaN,
        "Basic EPS": NaN,
        "Diluted NI Availto Com Stockholders": NaN,
        "Net Income Common Stockholders": NaN,
        "Net Income": NaN,
        "Net Income Including Noncontrolling Interests": NaN,
        "Net Income Continuous Operations": NaN,
        "Tax Provision": NaN,
        "Pretax Income": NaN,
        "Other Income Expense": NaN,
        "Other Non Operating Income Expenses": NaN,
        "Special Income Charges": NaN,
        "Gain On Sale Of Ppe": NaN,
        "Write Off": 0.0,
        "Gain On Sale Of Security": NaN,
        "Net Non Operating Interest Income Expense": NaN,
        "Interest Expense Non Operating": NaN,
        "Interest Income Non Operating": NaN,
        "Operating Income": NaN,
        "Operating Expense": NaN,
        "Selling General And Administration": NaN,
        "General And Administrative Expense": 932500000.0,
        "Other Gand A": 940900000.0,
        "Salaries And Wages": -8400000.0,
        "Gross Profit": NaN,
        "Cost Of Revenue": NaN,
        "Total Revenue": NaN,
        "Operating Revenue": NaN
    },
    "2024-06-30": {
        "Tax Effect Of Unusual Items": NaN,
        "Tax Rate For Calcs": NaN,
        "Normalized EBITDA": NaN,
        "Total Unusual Items": NaN,
        "Total Unusual Items Excluding Goodwill": NaN,
        "Net Income From Continuing Operation Net Minority Interest": NaN,
        "Reconciled Depreciation": NaN,
        "Reconciled Cost Of Revenue": NaN,
        "EBITDA": NaN,
        "EBIT": NaN,
        "Net Interest Income": NaN,
        "Interest Expense": NaN,
        "Interest Income": NaN,
        "Normalized Income": NaN,
        "Net Income From Continuing And Discontinued Operation": NaN,
        "Total Expenses": NaN,
        "Diluted Average Shares": NaN,
        "Basic Average Shares": NaN,
        "Diluted EPS": NaN,
        "Basic EPS": NaN,
        "Diluted NI Availto Com Stockholders": NaN,
        "Net Income Common Stockholders": NaN,
        "Net Income": NaN,
        "Net Income Including Noncontrolling Interests": NaN,
        "Net Income Continuous Operations": NaN,
        "Tax Provision": NaN,
        "Pretax Income": NaN,
        "Other Income Expense": NaN,
        "Other Non Operating Income Expenses": NaN,
        "Special Income Charges": NaN,
        "Gain On Sale Of Ppe": NaN,
        "Write Off": 0.0,
        "Gain On Sale Of Security": NaN,
        "Net Non Operating Interest Income Expense": NaN,
        "Interest Expense Non Operating": NaN,
        "Interest Income Non Operating": NaN,
        "Operating Income": NaN,
        "Operating Expense": NaN,
        "Selling General And Administration": NaN,
        "General And Administrative Expense": 1035300000.0,
        "Other Gand A": 1035300000.0,
        "Salaries And Wages": -8600000.0,
        "Gross Profit": NaN,
        "Cost Of Revenue": NaN,
        "Total Revenue": NaN,
        "Operating Revenue": NaN
    },
    "2024-09-30": {
        "Tax Effect Of Unusual Items": 498123.281022,
        "Tax Rate For Calcs": 0.22642,
        "Normalized EBITDA": 1510400000.0,
        "Total Unusual Items": 2200000.0,
        "Total Unusual Items Excluding Goodwill": 2200000.0,
        "Net Income From Continuing Operation Net Minority Interest": 956300000.0,
        "Reconciled Depreciation": 138600000.0,
        "Reconciled Cost Of Revenue": 2633700000.0,
        "EBITDA": 1512600000.0,
        "EBIT": 1374000000.0,
        "Net Interest Income": -46100000.0,
        "Interest Expense": 137800000.0,
        "Interest Income": 91700000.0,
        "Normalized Income": 954598123.281022,
        "Net Income From Continuing And Discontinued Operation": 956300000.0,
        "Total Expenses": 3560400000.0,
        "Diluted Average Shares": 409500000.0,
        "Basic Average Shares": 407900000.0,
        "Diluted EPS": 2.34,
        "Basic EPS": 2.34,
        "Diluted NI Availto Com Stockholders": 956300000.0,
        "Net Income Common Stockholders": 956300000.0,
        "Net Income": 956300000.0,
        "Net Income Including Noncontrolling Interests": 956300000.0,
        "Net Income Continuous Operations": 956300000.0,
        "Tax Provision": 279900000.0,
        "Pretax Income": 1236200000.0,
        "Other Income Expense": 10000000.0,
        "Other Non Operating Income Expenses": 7800000.0,
        "Special Income Charges": 2400000.0,
        "Gain On Sale Of Ppe": 2400000.0,
        "Write Off": NaN,
        "Gain On Sale Of Security": -200000.0,
        "Net Non Operating Interest Income Expense": -46100000.0,
        "Interest Expense Non Operating": 137800000.0,
        "Interest Income Non Operating": 91700000.0,
        "Operating Income": 1272300000.0,
        "Operating Expense": 926700000.0,
        "Selling General And Administration": 926700000.0,
        "General And Administrative Expense": NaN,
        "Other Gand A": NaN,
        "Salaries And Wages": NaN,
        "Gross Profit": 2199000000.0,
        "Cost Of Revenue": 2633700000.0,
        "Total Revenue": 4832700000.0,
        "Operating Revenue": 4832700000.0
    },
    "2024-12-31": {
        "Tax Effect Of Unusual Items": -141600.0,
        "Tax Rate For Calcs": 0.236,
        "Normalized EBITDA": 1542600000.0,
        "Total Unusual Items": -600000.0,
        "Total Unusual Items Excluding Goodwill": -600000.0,
        "Net Income From Continuing Operation Net Minority Interest": 963200000.0,
        "Reconciled Depreciation": 151100000.0,
        "Reconciled Cost Of Revenue": 2742500000.0,
        "EBITDA": 1542000000.0,
        "EBIT": 1390900000.0,
        "Net Interest Income": -45700000.0,
        "Interest Expense": 129600000.0,
        "Interest Income": 83900000.0,
        "Normalized Income": 963658400.0,
        "Net Income From Continuing And Discontinued Operation": 963200000.0,
        "Total Expenses": 3748600000.0,
        "Diluted Average Shares": 409000000.0,
        "Basic Average Shares": 407600000.0,
        "Diluted EPS": 2.35,
        "Basic EPS": 2.36,
        "Diluted NI Availto Com Stockholders": 963200000.0,
        "Net Income Common Stockholders": 963200000.0,
        "Net Income": 963200000.0,
        "Net Income Including Noncontrolling Interests": 963200000.0,
        "Net Income Continuous Operations": 963200000.0,
        "Tax Provision": 298100000.0,
        "Pretax Income": 1261300000.0,
        "Other Income Expense": 7200000.0,
        "Other Non Operating Income Expenses": 7800000.0,
        "Special Income Charges": 0.0,
        "Gain On Sale Of Ppe": 0.0,
        "Write Off": NaN,
        "Gain On Sale Of Security": -600000.0,
        "Net Non Operating Interest Income Expense": -45700000.0,
        "Interest Expense Non Operating": 129600000.0,
        "Interest Income Non Operating": 83900000.0,
        "Operating Income": 1299800000.0,
        "Operating Expense": 1006100000.0,
        "Selling General And Administration": 1006100000.0,
        "General And Administrative Expense": NaN,
        "Other Gand A": NaN,
        "Salaries And Wages": NaN,
        "Gross Profit": 2305900000.0,
        "Cost Of Revenue": 2742500000.0,
        "Total Revenue": 5048400000.0,
        "Operating Revenue": 5048400000.0
    },
    "2025-03-31": {
        "Tax Effect Of Unusual Items": -23000.0,
        "Tax Rate For Calcs": 0.23,
        "Normalized EBITDA": 1843800000.0,
        "Total Unusual Items": -100000.0,
        "Total Unusual Items Excluding Goodwill": -100000.0,
        "Net Income From Continuing Operation Net Minority Interest": 1249500000.0,
        "Reconciled Depreciation": 147000000.0,
        "Reconciled Cost Of Revenue": 2904200000.0,
        "EBITDA": 1843700000.0,
        "EBIT": 1696700000.0,
        "Net Interest Income": -18900000.0,
        "Interest Expense": 74800000.0,
        "Interest Income": 55900000.0,
        "Normalized Income": 1249577000.0,
        "Net Income From Continuing And Discontinued Operation": 1249500000.0,
        "Total Expenses": 3920000000.0,
        "Diluted Average Shares": 408500000.0,
        "Basic Average Shares": 406900000.0,
        "Diluted EPS": 3.06,
        "Basic EPS": 3.07,
        "Diluted NI Availto Com Stockholders": 1249500000.0,
        "Net Income Common Stockholders": 1249500000.0,
        "Net Income": 1249500000.0,
        "Net Income Including Noncontrolling Interests": 1249500000.0,
        "Net Income Continuous Operations": 1249500000.0,
        "Tax Provision": 372400000.0,
        "Pretax Income": 1621900000.0,
        "Other Income Expense": 7800000.0,
        "Other Non Operating Income Expenses": 7900000.0,
        "Special Income Charges": 0.0,
        "Gain On Sale Of Ppe": 0.0,
        "Write Off": NaN,
        "Gain On Sale Of Security": -100000.0,
        "Net Non Operating Interest Income Expense": -18900000.0,
        "Interest Expense Non Operating": 74800000.0,
        "Interest Income Non Operating": 55900000.0,
        "Operating Income": 1633000000.0,
        "Operating Expense": 1015800000.0,
        "Selling General And Administration": 1015800000.0,
        "General And Administrative Expense": NaN,
        "Other Gand A": NaN,
        "Salaries And Wages": NaN,
        "Gross Profit": 2648800000.0,
        "Cost Of Revenue": 2904200000.0,
        "Total Revenue": 5553000000.0,
        "Operating Revenue": 5553000000.0
    },
    "2025-06-30": {
        "Tax Effect Of Unusual Items": 399764.844209,
        "Tax Rate For Calcs": 0.235156,
        "Normalized EBITDA": 1448400000.0,
        "Total Unusual Items": 1700000.0,
        "Total Unusual Items Excluding Goodwill": 1700000.0,
        "Net Income From Continuing Operation Net Minority Interest": 910700000.0,
        "Reconciled Depreciation": 145700000.0,
        "Reconciled Cost Of Revenue": 2816900000.0,
        "EBITDA": 1450100000.0,
        "EBIT": 1304400000.0,
        "Net Interest Income": -25700000.0,
        "Interest Expense": 113700000.0,
        "Interest Income": 88000000.0,
        "Normalized Income": 909399764.844209,
        "Net Income From Continuing And Discontinued Operation": 910700000.0,
        "Total Expenses": 3920000000.0,
        "Diluted Average Shares": 407700000.0,
        "Basic Average Shares": 406000000.0,
        "Diluted EPS": 2.23,
        "Basic EPS": 2.24,
        "Diluted NI Availto Com Stockholders": 910700000.0,
        "Net Income Common Stockholders": 910700000.0,
        "Net Income": 910700000.0,
        "Net Income Including Noncontrolling Interests": 910700000.0,
        "Net Income Continuous Operations": 910700000.0,
        "Tax Provision": 280000000.0,
        "Pretax Income": 1190700000.0,
        "Other Income Expense": 9600000.0,
        "Other Non Operating Income Expenses": 7900000.0,
        "Special Income Charges": 2600000.0,
        "Gain On Sale Of Ppe": 2600000.0,
        "Write Off": NaN,
        "Gain On Sale Of Security": -900000.0,
        "Net Non Operating Interest Income Expense": -25700000.0,
        "Interest Expense Non Operating": 113700000.0,
        "Interest Income Non Operating": 88000000.0,
        "Operating Income": 1206800000.0,
        "Operating Expense": 1103100000.0,
        "Selling General And Administration": 1103100000.0,
        "General And Administrative Expense": NaN,
        "Other Gand A": NaN,
        "Salaries And Wages": NaN,
        "Gross Profit": 2309900000.0,
        "Cost Of Revenue": 2816900000.0,
        "Total Revenue": 5126800000.0,
        "Operating Revenue": 5126800000.0
    },
    "2025-09-30": {
        "Tax Effect Of Unusual Items": 337858.508604,
        "Tax Rate For Calcs": 0.225239,
        "Normalized EBITDA": 1588100000.0,
        "Total Unusual Items": 1500000.0,
        "Total Unusual Items Excluding Goodwill": 1500000.0,
        "Net Income From Continuing Operation Net Minority Interest": 1013000000.0,
        "Reconciled Depreciation": 146700000.0,
        "Reconciled Cost Of Revenue": 2836100000.0,
        "EBITDA": 1589600000.0,
        "EBIT": 1442900000.0,
        "Net Interest Income": -33900000.0,
        "Interest Expense": 135400000.0,
        "Interest Income": 101500000.0,
        "Normalized Income": 1011837858.508604,
        "Net Income From Continuing And Discontinued Operation": 1013000000.0,
        "Total Expenses": 3842400000.0,
        "Diluted Average Shares": 406500000.0,
        "Basic Average Shares": 405100000.0,
        "Diluted EPS": 2.49,
        "Basic EPS": 2.5,
        "Diluted NI Availto Com Stockholders": 1013000000.0,
        "Net Income Common Stockholders": 1013000000.0,
        "Net Income": 1013000000.0,
        "Net Income Including Noncontrolling Interests": 1013000000.0,
        "Net Income Continuous Operations": 1013000000.0,
        "Tax Provision": 294500000.0,
        "Pretax Income": 1307500000.0,
        "Other Income Expense": 8600000.0,
        "Other Non Operating Income Expenses": 7100000.0,
        "Special Income Charges": 0.0,
        "Gain On Sale Of Ppe": 0.0,
        "Write Off": NaN,
        "Gain On Sale Of Security": 1500000.0,
        "Net Non Operating Interest Income Expense": -33900000.0,
        "Interest Expense Non Operating": 135400000.0,
        "Interest Income Non Operating": 101500000.0,
        "Operating Income": 1332800000.0,
        "Operating Expense": 1006300000.0,
        "Selling General And Administration": 1006300000.0,
        "General And Administrative Expense": NaN,
        "Other Gand A": NaN,
        "Salaries And Wages": NaN,
        "Gross Profit": 2339100000.0,
        "Cost Of Revenue": 2836100000.0,
        "Total Revenue": 5175200000.0,
        "Operating Revenue": 5175200000.0
    }
}