{
    "2023-03-31": {
        "Tax Effect Of Unusual Items": NaN,
        "Tax Rate For Calcs": NaN,
        "Normalized EBITDA": NaN,
        "Total Unusual Items": NaN,
        "Total Unusual Items Excluding Goodwill": NaN,
        "Net Income From Continuing Operation Net Minority Interest": NaN,
        "Reconciled Depreciation": NaN,
        "Reconciled Cost Of Revenue": NaN,
        "EBITDA": NaN,
        "EBIT": NaN,
        "Net Interest Income": NaN,
        "Interest Expense": NaN,
        "Normalized Income": NaN,
        "Net Income From Continuing And Discontinued Operation": NaN,
        "Total Expenses": NaN,
        "Total Operating Income As Reported": NaN,
        "Diluted Average Shares": NaN,
        "Basic Average Shares": NaN,
        "Diluted EPS": NaN,
        "Basic EPS": NaN,
        "Diluted NI Availto Com Stockholders": NaN,
        "Net Income Common Stockholders": NaN,
        "Net Income": NaN,
        "Net Income Including Noncontrolling Interests": NaN,
        "Net Income Discontinuous Operations": NaN,
        "Net Income Continuous Operations": NaN,
        "Earnings From Equity Interest Net Of Tax": NaN,
        "Tax Provision": NaN,
        "Pretax Income": NaN,
        "Other Income Expense": NaN,
        "Other Non Operating Income Expenses": NaN,
        "Special Income Charges": NaN,
        "Impairment Of Capital Assets": 241630000.0,
        "Restructuring And Mergern Acquisition": NaN,
        "Net Non Operating Interest Income Expense": NaN,
        "Interest Expense Non Operating": NaN,
        "Operating Income": NaN,
        "Operating Expense": NaN,
        "Depreciation Amortization Depletion Income Statement": NaN,
        "Depreciation And Amortization In Income Statement": NaN,
        "Selling General And Administration": NaN,
        "Gross Profit": NaN,
        "Cost Of Revenue": NaN,
        "Total Revenue": NaN,
        "Operating Revenue": NaN
    },
    "2022-12-31": {
        "Tax Effect Of Unusual Items": NaN,
        "Tax Rate For Calcs": NaN,
        "Normalized EBITDA": NaN,
        "Total Unusual Items": NaN,
        "Total Unusual Items Excluding Goodwill": NaN,
        "Net Income From Continuing Operation Net Minority Interest": NaN,
        "Reconciled Depreciation": NaN,
        "Reconciled Cost Of Revenue": NaN,
        "EBITDA": NaN,
        "EBIT": NaN,
        "Net Interest Income": NaN,
        "Interest Expense": NaN,
        "Normalized Income": NaN,
        "Net Income From Continuing And Discontinued Operation": NaN,
        "Total Expenses": NaN,
        "Total Operating Income As Reported": NaN,
        "Diluted Average Shares": 977000000.0,
        "Basic Average Shares": 851000000.0,
        "Diluted EPS": 0.16,
        "Basic EPS": 0.17,
        "Diluted NI Availto Com Stockholders": NaN,
        "Net Income Common Stockholders": NaN,
        "Net Income": NaN,
        "Net Income Including Noncontrolling Interests": NaN,
        "Net Income Discontinuous Operations": NaN,
        "Net Income Continuous Operations": NaN,
        "Earnings From Equity Interest Net Of Tax": NaN,
        "Tax Provision": NaN,
        "Pretax Income": NaN,
        "Other Income Expense": NaN,
        "Other Non Operating Income Expenses": NaN,
        "Special Income Charges": NaN,
        "Impairment Of Capital Assets": NaN,
        "Restructuring And Mergern Acquisition": NaN,
        "Net Non Operating Interest Income Expense": NaN,
        "Interest Expense Non Operating": NaN,
        "Operating Income": NaN,
        "Operating Expense": NaN,
        "Depreciation Amortization Depletion Income Statement": NaN,
        "Depreciation And Amortization In Income Statement": NaN,
        "Selling General And Administration": NaN,
        "Gross Profit": NaN,
        "Cost Of Revenue": NaN,
        "Total Revenue": NaN,
        "Operating Revenue": NaN
    },
    "2022-09-30": {
        "Tax Effect Of Unusual Items": NaN,
        "Tax Rate For Calcs": NaN,
        "Normalized EBITDA": NaN,
        "Total Unusual Items": NaN,
        "Total Unusual Items Excluding Goodwill": NaN,
        "Net Income From Continuing Operation Net Minority Interest": NaN,
        "Reconciled Depreciation": NaN,
        "Reconciled Cost Of Revenue": NaN,
        "EBITDA": NaN,
        "EBIT": NaN,
        "Net Interest Income": NaN,
        "Interest Expense": NaN,
        "Normalized Income": NaN,
        "Net Income From Continuing And Discontinued Operation": NaN,
        "Total Expenses": NaN,
        "Total Operating Income As Reported": NaN,
        "Diluted Average Shares": NaN,
        "Basic Average Shares": NaN,
        "Diluted EPS": NaN,
        "Basic EPS": NaN,
        "Diluted NI Availto Com Stockholders": NaN,
        "Average Dilution Earnings": 0.0,
        "Net Income Common Stockholders": NaN,
        "Net Income": NaN,
        "Net Income Including Noncontrolling Interests": NaN,
        "Net Income Discontinuous Operations": 7866000.0,
        "Net Income Continuous Operations": NaN,
        "Earnings From Equity Interest Net Of Tax": NaN,
        "Tax Provision": NaN,
        "Pretax Income": NaN,
        "Other Income Expense": NaN,
        "Other Non Operating Income Expenses": NaN,
        "Special Income Charges": NaN,
        "Impairment Of Capital Assets": NaN,
        "Restructuring And Mergern Acquisition": NaN,
        "Net Non Operating Interest Income Expense": NaN,
        "Interest Expense Non Operating": NaN,
        "Operating Income": NaN,
        "Operating Expense": NaN,
        "Depreciation Amortization Depletion Income Statement": NaN,
        "Depreciation And Amortization In Income Statement": NaN,
        "Selling General And Administration": NaN,
        "Gross Profit": NaN,
        "Cost Of Revenue": NaN,
        "Total Revenue": NaN,
        "Operating Revenue": NaN
    },
    "2022-06-30": {
        "Tax Effect Of Unusual Items": 1118895.0,
        "Tax Rate For Calcs": 0.291,
        "Normalized EBITDA": 607611000.0,
        "Total Unusual Items": 3845000.0,
        "Total Unusual Items Excluding Goodwill": 3845000.0,
        "Net Income From Continuing Operation Net Minority Interest": 91517000.0,
        "Reconciled Depreciation": 399416000.0,
        "Reconciled Cost Of Revenue": 507813000.0,
        "EBITDA": 611456000.0,
        "EBIT": 212040000.0,
        "Net Interest Income": -81651000.0,
        "Interest Expense": 81651000.0,
        "Normalized Income": 88790895.0,
        "Net Income From Continuing And Discontinued Operation": 91517000.0,
        "Total Expenses": 1394298000.0,
        "Total Operating Income As Reported": 210577000.0,
        "Diluted Average Shares": 965554000.0,
        "Basic Average Shares": 902987000.0,
        "Diluted EPS": 0.1,
        "Basic EPS": 0.1,
        "Diluted NI Availto Com Stockholders": 93433000.0,
        "Average Dilution Earnings": 1916000.0,
        "Net Income Common Stockholders": 91517000.0,
        "Net Income": 91517000.0,
        "Net Income Including Noncontrolling Interests": 91517000.0,
        "Net Income Continuous Operations": 91517000.0,
        "Earnings From Equity Interest Net Of Tax": -948000.0,
        "Tax Provision": 37924000.0,
        "Pretax Income": 130389000.0,
        "Other Income Expense": 5308000.0,
        "Other Non Operating Income Expenses": 1463000.0,
        "Special Income Charges": 3845000.0,
        "Impairment Of Capital Assets": NaN,
        "Restructuring And Mergern Acquisition": -3845000.0,
        "Net Non Operating Interest Income Expense": -81651000.0,
        "Interest Expense Non Operating": 81651000.0,
        "Operating Income": 206732000.0,
        "Operating Expense": 886485000.0,
        "Depreciation Amortization Depletion Income Statement": 399416000.0,
        "Depreciation And Amortization In Income Statement": 399416000.0,
        "Selling General And Administration": 487069000.0,
        "Gross Profit": 1093217000.0,
        "Cost Of Revenue": 507813000.0,
        "Total Revenue": 1601030000.0,
        "Operating Revenue": 1601030000.0
    },
    "2022-03-31": {
        "Diluted EPS": 0.05,
        "Total Revenue": NaN,
        "Gross Profit": NaN,
        "Operating Income": 76,
        "EBIT": 536,
        "Net Income": 52
    },
    "2021-12-31": {
        "Diluted EPS": -0.07,
        "Total Revenue": NaN,
        "Gross Profit": 966,
        "Operating Income": 10,
        "EBIT": 506,
        "Net Income": -58
    },
    "2021-09-30": {
        "Diluted EPS": -0.13,
        "Total Revenue": NaN,
        "Gross Profit": 945,
        "Operating Income": 23,
        "EBIT": 491,
        "Net Income": -109
    },
    "2021-06-30": {
        "Diluted EPS": -0.15,
        "Total Revenue": NaN,
        "Gross Profit": 923,
        "Operating Income": -2,
        "EBIT": 462,
        "Net Income": -126
    },
    "2021-03-31": {
        "Diluted EPS": -0.06,
        "Total Revenue": NaN,
        "Gross Profit": 924,
        "Operating Income": -16,
        "EBIT": 445,
        "Net Income": -48
    },
    "2020-12-31": {
        "Diluted EPS": -0.13,
        "Total Revenue": NaN,
        "Gross Profit": 940,
        "Operating Income": 17,
        "EBIT": 482,
        "Net Income": -112
    },
    "2020-09-30": {
        "Diluted EPS": -0.15,
        "Total Revenue": NaN,
        "Gross Profit": 941,
        "Operating Income": 63,
        "EBIT": 530,
        "Net Income": -113
    },
    "2020-06-30": {
        "Diluted EPS": -0.14,
        "Total Revenue": NaN,
        "Gross Profit": 955,
        "Operating Income": 50,
        "EBIT": 522,
        "Net Income": -107
    },
    "2020-03-31": {
        "Diluted EPS": -0.4,
        "Total Revenue": NaN,
        "Gross Profit": 962,
        "Operating Income": -89,
        "EBIT": 393,
        "Net Income": -300
    },
    "2019-12-31": {
        "Diluted EPS": -0.09,
        "Total Revenue": NaN,
        "Gross Profit": 929,
        "Operating Income": 64,
        "EBIT": 543,
        "Net Income": -72
    },
    "2019-09-30": {
        "Diluted EPS": -0.25,
        "Total Revenue": NaN,
        "Gross Profit": 944,
        "Operating Income": -51,
        "EBIT": 493,
        "Net Income": -182
    },
    "2019-06-30": {
        "Diluted EPS": -0.14,
        "Total Revenue": NaN,
        "Gross Profit": 946,
        "Operating Income": 93,
        "EBIT": 587,
        "Net Income": -104
    },
    "2019-03-31": {
        "Diluted EPS": -0.09,
        "Total Revenue": NaN,
        "Gross Profit": 917,
        "Operating Income": 90,
        "EBIT": 580,
        "Net Income": -66
    },
    "2018-12-31": {
        "Diluted EPS": -0.19,
        "Total Revenue": NaN,
        "Gross Profit": 902,
        "Operating Income": 11,
        "EBIT": 577,
        "Net Income": -149
    },
    "2018-09-30": {
        "Diluted EPS": -0.31,
        "Total Revenue": NaN,
        "Gross Profit": 885,
        "Operating Income": 122,
        "EBIT": 592,
        "Net Income": -236
    },
    "2018-06-30": {
        "Diluted EPS": -0.09,
        "Total Revenue": NaN,
        "Gross Profit": 885,
        "Operating Income": 74,
        "EBIT": 558,
        "Net Income": -67
    },
    "2018-03-31": {
        "Diluted EPS": -0.22,
        "Total Revenue": NaN,
        "Gross Profit": 868,
        "Operating Income": 71,
        "EBIT": 551,
        "Net Income": -157
    },
    "2017-12-31": {
        "Diluted EPS": 0.99,
        "Total Revenue": NaN,
        "Gross Profit": 868,
        "Operating Income": 95,
        "EBIT": 573,
        "Net Income": 638
    },
    "2017-09-30": {
        "Diluted EPS": -0.1,
        "Total Revenue": NaN,
        "Gross Profit": 859,
        "Operating Income": 92,
        "EBIT": 561,
        "Net Income": -62
    },
    "2017-06-30": {
        "Diluted EPS": -0.14,
        "Total Revenue": NaN,
        "Gross Profit": 853,
        "Operating Income": 90,
        "EBIT": 550,
        "Net Income": -93
    },
    "2017-03-31": {
        "Diluted EPS": -0.22,
        "Total Revenue": NaN,
        "Gross Profit": 841,
        "Operating Income": 6,
        "EBIT": 468,
        "Net Income": -141
    },
    "2016-12-31": {
        "Diluted EPS": 0.0,
        "Total Revenue": NaN,
        "Gross Profit": NaN,
        "Operating Income": NaN,
        "EBIT": NaN,
        "Net Income": NaN
    },
    "2015-12-31": {
        "Diluted EPS": 0.0,
        "Total Revenue": NaN,
        "Gross Profit": NaN,
        "Operating Income": NaN,
        "EBIT": NaN,
        "Net Income": NaN
    },
    "2014-12-31": {
        "Diluted EPS": 0.0,
        "Total Revenue": NaN,
        "Gross Profit": NaN,
        "Operating Income": NaN,
        "EBIT": NaN,
        "Net Income": NaN
    },
    "2023-06-30": {
        "Tax Effect Of Unusual Items": NaN,
        "Tax Rate For Calcs": NaN,
        "Normalized EBITDA": NaN,
        "Total Unusual Items": NaN,
        "Total Unusual Items Excluding Goodwill": NaN,
        "Net Income From Continuing Operation Net Minority Interest": NaN,
        "Reconciled Depreciation": NaN,
        "Reconciled Cost Of Revenue": NaN,
        "EBITDA": NaN,
        "EBIT": NaN,
        "Net Interest Income": NaN,
        "Interest Expense": NaN,
        "Normalized Income": NaN,
        "Net Income From Continuing And Discontinued Operation": NaN,
        "Total Expenses": NaN,
        "Total Operating Income As Reported": NaN,
        "Diluted Average Shares": 971604000.0,
        "Basic Average Shares": 912326000.0,
        "Diluted EPS": 0.09,
        "Basic EPS": 0.1,
        "Diluted NI Availto Com Stockholders": NaN,
        "Net Income Common Stockholders": NaN,
        "Net Income": NaN,
        "Net Income Including Noncontrolling Interests": NaN,
        "Net Income Discontinuous Operations": NaN,
        "Net Income Continuous Operations": NaN,
        "Earnings From Equity Interest Net Of Tax": NaN,
        "Tax Provision": NaN,
        "Pretax Income": NaN,
        "Other Income Expense": NaN,
        "Other Non Operating Income Expenses": NaN,
        "Special Income Charges": NaN,
        "Impairment Of Capital Assets": 181179000.0,
        "Restructuring And Mergern Acquisition": NaN,
        "Net Non Operating Interest Income Expense": NaN,
        "Interest Expense Non Operating": NaN,
        "Operating Income": NaN,
        "Operating Expense": NaN,
        "Depreciation Amortization Depletion Income Statement": NaN,
        "Depreciation And Amortization In Income Statement": NaN,
        "Selling General And Administration": NaN,
        "Gross Profit": NaN,
        "Cost Of Revenue": NaN,
        "Total Revenue": NaN,
        "Operating Revenue": NaN
    },
    "2023-09-30": {
        "Tax Effect Of Unusual Items": NaN,
        "Tax Rate For Calcs": NaN,
        "Normalized EBITDA": NaN,
        "Total Unusual Items": NaN,
        "Total Unusual Items Excluding Goodwill": NaN,
        "Net Income From Continuing Operation Net Minority Interest": NaN,
        "Reconciled Depreciation": NaN,
        "Reconciled Cost Of Revenue": NaN,
        "EBITDA": NaN,
        "EBIT": NaN,
        "Net Interest Income": NaN,
        "Interest Expense": NaN,
        "Normalized Income": NaN,
        "Net Income From Continuing And Discontinued Operation": NaN,
        "Total Expenses": NaN,
        "Total Operating Income As Reported": NaN,
        "Diluted Average Shares": NaN,
        "Basic Average Shares": NaN,
        "Diluted EPS": NaN,
        "Basic EPS": NaN,
        "Diluted NI Availto Com Stockholders": NaN,
        "Net Income Common Stockholders": NaN,
        "Net Income": NaN,
        "Net Income Including Noncontrolling Interests": NaN,
        "Net Income Discontinuous Operations": NaN,
        "Net Income Continuous Operations": NaN,
        "Earnings From Equity Interest Net Of Tax": NaN,
        "Tax Provision": NaN,
        "Pretax Income": NaN,
        "Other Income Expense": NaN,
        "Other Non Operating Income Expenses": NaN,
        "Special Income Charges": NaN,
        "Impairment Of Capital Assets": 88367000.0,
        "Restructuring And Mergern Acquisition": NaN,
        "Net Non Operating Interest Income Expense": NaN,
        "Interest Expense Non Operating": NaN,
        "Operating Income": NaN,
        "Operating Expense": NaN,
        "Depreciation Amortization Depletion Income Statement": NaN,
        "Depreciation And Amortization In Income Statement": NaN,
        "Selling General And Administration": NaN,
        "Gross Profit": NaN,
        "Cost Of Revenue": NaN,
        "Total Revenue": NaN,
        "Operating Revenue": NaN
    },
    "2023-12-31": {
        "Tax Effect Of Unusual Items": NaN,
        "Tax Rate For Calcs": NaN,
        "Normalized EBITDA": NaN,
        "Total Unusual Items": -36454000.0,
        "Total Unusual Items Excluding Goodwill": -36454000.0,
        "Net Income From Continuing Operation Net Minority Interest": NaN,
        "Reconciled Depreciation": NaN,
        "Reconciled Cost Of Revenue": NaN,
        "EBITDA": NaN,
        "EBIT": NaN,
        "Net Interest Income": NaN,
        "Interest Expense": NaN,
        "Normalized Income": NaN,
        "Net Income From Continuing And Discontinued Operation": NaN,
        "Total Expenses": NaN,
        "Total Operating Income As Reported": NaN,
        "Diluted Average Shares": NaN,
        "Basic Average Shares": NaN,
        "Diluted EPS": NaN,
        "Basic EPS": NaN,
        "Diluted NI Availto Com Stockholders": NaN,
        "Net Income Common Stockholders": NaN,
        "Net Income": NaN,
        "Net Income Including Noncontrolling Interests": NaN,
        "Net Income Discontinuous Operations": NaN,
        "Net Income Continuous Operations": NaN,
        "Earnings From Equity Interest Net Of Tax": 13675000.0,
        "Tax Provision": NaN,
        "Pretax Income": NaN,
        "Other Income Expense": NaN,
        "Other Non Operating Income Expenses": NaN,
        "Special Income Charges": -36454000.0,
        "Impairment Of Capital Assets": 0.0,
        "Restructuring And Mergern Acquisition": 19833000.0,
        "Net Non Operating Interest Income Expense": NaN,
        "Interest Expense Non Operating": NaN,
        "Operating Income": NaN,
        "Operating Expense": NaN,
        "Depreciation Amortization Depletion Income Statement": NaN,
        "Depreciation And Amortization In Income Statement": NaN,
        "Selling General And Administration": NaN,
        "Gross Profit": NaN,
        "Cost Of Revenue": NaN,
        "Total Revenue": NaN,
        "Operating Revenue": NaN
    },
    "2024-03-31": {
        "Tax Effect Of Unusual Items": NaN,
        "Tax Rate For Calcs": NaN,
        "Normalized EBITDA": NaN,
        "Total Unusual Items": -45182000.0,
        "Total Unusual Items Excluding Goodwill": -45182000.0,
        "Net Income From Continuing Operation Net Minority Interest": NaN,
        "Reconciled Depreciation": NaN,
        "Reconciled Cost Of Revenue": NaN,
        "EBITDA": NaN,
        "EBIT": NaN,
        "Net Interest Income": NaN,
        "Interest Expense": NaN,
        "Normalized Income": NaN,
        "Net Income From Continuing And Discontinued Operation": NaN,
        "Total Expenses": NaN,
        "Total Operating Income As Reported": NaN,
        "Diluted Average Shares": NaN,
        "Basic Average Shares": NaN,
        "Diluted EPS": NaN,
        "Basic EPS": NaN,
        "Diluted NI Availto Com Stockholders": NaN,
        "Net Income Common Stockholders": NaN,
        "Net Income": NaN,
        "Net Income Including Noncontrolling Interests": NaN,
        "Net Income Discontinuous Operations": NaN,
        "Net Income Continuous Operations": NaN,
        "Earnings From Equity Interest Net Of Tax": 0.0,
        "Tax Provision": NaN,
        "Pretax Income": NaN,
        "Other Income Expense": NaN,
        "Other Non Operating Income Expenses": NaN,
        "Special Income Charges": -45182000.0,
        "Impairment Of Capital Assets": 0.0,
        "Restructuring And Mergern Acquisition": 45182000.0,
        "Net Non Operating Interest Income Expense": NaN,
        "Interest Expense Non Operating": NaN,
        "Operating Income": NaN,
        "Operating Expense": NaN,
        "Depreciation Amortization Depletion Income Statement": NaN,
        "Depreciation And Amortization In Income Statement": NaN,
        "Selling General And Administration": NaN,
        "Gross Profit": NaN,
        "Cost Of Revenue": NaN,
        "Total Revenue": NaN,
        "Operating Revenue": NaN
    },
    "2024-06-30": {
        "Tax Effect Of Unusual Items": NaN,
        "Tax Rate For Calcs": NaN,
        "Normalized EBITDA": NaN,
        "Total Unusual Items": -1851000.0,
        "Total Unusual Items Excluding Goodwill": -1851000.0,
        "Net Income From Continuing Operation Net Minority Interest": NaN,
        "Reconciled Depreciation": NaN,
        "Reconciled Cost Of Revenue": NaN,
        "EBITDA": NaN,
        "EBIT": NaN,
        "Net Interest Income": NaN,
        "Interest Expense": NaN,
        "Normalized Income": NaN,
        "Net Income From Continuing And Discontinued Operation": NaN,
        "Total Expenses": NaN,
        "Total Operating Income As Reported": NaN,
        "Diluted Average Shares": NaN,
        "Basic Average Shares": NaN,
        "Diluted EPS": NaN,
        "Basic EPS": NaN,
        "Diluted NI Availto Com Stockholders": NaN,
        "Net Income Common Stockholders": NaN,
        "Net Income": NaN,
        "Net Income Including Noncontrolling Interests": NaN,
        "Net Income Discontinuous Operations": NaN,
        "Net Income Continuous Operations": NaN,
        "Earnings From Equity Interest Net Of Tax": 0.0,
        "Tax Provision": NaN,
        "Pretax Income": NaN,
        "Other Income Expense": NaN,
        "Other Non Operating Income Expenses": NaN,
        "Special Income Charges": -1851000.0,
        "Impairment Of Capital Assets": NaN,
        "Restructuring And Mergern Acquisition": 1851000.0,
        "Net Non Operating Interest Income Expense": NaN,
        "Interest Expense Non Operating": NaN,
        "Operating Income": NaN,
        "Operating Expense": NaN,
        "Depreciation Amortization Depletion Income Statement": NaN,
        "Depreciation And Amortization In Income Statement": NaN,
        "Selling General And Administration": NaN,
        "Gross Profit": NaN,
        "Cost Of Revenue": NaN,
        "Total Revenue": NaN,
        "Operating Revenue": NaN
    },
    "2024-09-30": {
        "Tax Effect Of Unusual Items": -438840.0,
        "Tax Rate For Calcs": 0.276,
        "Normalized EBITDA": 681000000.0,
        "Total Unusual Items": -1590000.0,
        "Total Unusual Items Excluding Goodwill": -1590000.0,
        "Net Income From Continuing Operation Net Minority Interest": 132020000.0,
        "Reconciled Depreciation": 335325000.0,
        "Reconciled Cost Of Revenue": 222051000.0,
        "EBITDA": 679410000.0,
        "EBIT": 344085000.0,
        "Net Interest Income": -161830000.0,
        "Interest Expense": 161830000.0,
        "Normalized Income": 133171160.0,
        "Net Income From Continuing And Discontinued Operation": 127151000.0,
        "Total Expenses": 915896000.0,
        "Total Operating Income As Reported": 326350000.0,
        "Diluted Average Shares": 968000000.0,
        "Basic Average Shares": 905000000.0,
        "Diluted EPS": 0.13,
        "Basic EPS": 0.14,
        "Diluted NI Availto Com Stockholders": 127151000.0,
        "Net Income Common Stockholders": 127151000.0,
        "Net Income": 127151000.0,
        "Net Income Including Noncontrolling Interests": 127151000.0,
        "Net Income Discontinuous Operations": -4869000.0,
        "Net Income Continuous Operations": 132020000.0,
        "Earnings From Equity Interest Net Of Tax": 0.0,
        "Tax Provision": 50235000.0,
        "Pretax Income": 182255000.0,
        "Other Income Expense": 16145000.0,
        "Other Non Operating Income Expenses": 17735000.0,
        "Special Income Charges": -1590000.0,
        "Impairment Of Capital Assets": NaN,
        "Restructuring And Mergern Acquisition": 1590000.0,
        "Net Non Operating Interest Income Expense": -161830000.0,
        "Interest Expense Non Operating": 161830000.0,
        "Operating Income": 327940000.0,
        "Operating Expense": 693790000.0,
        "Depreciation Amortization Depletion Income Statement": 335270000.0,
        "Depreciation And Amortization In Income Statement": 335270000.0,
        "Selling General And Administration": 358520000.0,
        "Gross Profit": 1021730000.0,
        "Cost Of Revenue": 222106000.0,
        "Total Revenue": 1243836000.0,
        "Operating Revenue": 1243836000.0
    },
    "2024-12-31": {
        "Tax Effect Of Unusual Items": -1787233.911082,
        "Tax Rate For Calcs": 0.12921,
        "Normalized EBITDA": 663145000.0,
        "Total Unusual Items": -13832000.0,
        "Total Unusual Items Excluding Goodwill": -13832000.0,
        "Net Income From Continuing Operation Net Minority Interest": 197294000.0,
        "Reconciled Depreciation": 340693000.0,
        "Reconciled Cost Of Revenue": 234443000.0,
        "EBITDA": 649313000.0,
        "EBIT": 308620000.0,
        "Net Interest Income": -82051000.0,
        "Interest Expense": 82051000.0,
        "Normalized Income": 209338766.088918,
        "Net Income From Continuing And Discontinued Operation": 189957000.0,
        "Total Expenses": 945959000.0,
        "Total Operating Income As Reported": 305390000.0,
        "Diluted Average Shares": 950000000.0,
        "Basic Average Shares": 887000000.0,
        "Diluted EPS": 0.2,
        "Basic EPS": 0.21,
        "Diluted NI Availto Com Stockholders": 189957000.0,
        "Net Income Common Stockholders": 189957000.0,
        "Net Income": 189957000.0,
        "Net Income Including Noncontrolling Interests": 189957000.0,
        "Net Income Discontinuous Operations": -7337000.0,
        "Net Income Continuous Operations": 197294000.0,
        "Earnings From Equity Interest Net Of Tax": 0.0,
        "Tax Provision": 29275000.0,
        "Pretax Income": 226569000.0,
        "Other Income Expense": -5800000.0,
        "Other Non Operating Income Expenses": 8032000.0,
        "Special Income Charges": -13832000.0,
        "Impairment Of Capital Assets": NaN,
        "Restructuring And Mergern Acquisition": 9030000.0,
        "Net Non Operating Interest Income Expense": -82051000.0,
        "Interest Expense Non Operating": 82051000.0,
        "Operating Income": 314420000.0,
        "Operating Expense": 711490000.0,
        "Depreciation Amortization Depletion Income Statement": 340667000.0,
        "Depreciation And Amortization In Income Statement": 340667000.0,
        "Selling General And Administration": 370823000.0,
        "Gross Profit": 1025910000.0,
        "Cost Of Revenue": 234469000.0,
        "Total Revenue": 1260379000.0,
        "Operating Revenue": 1260379000.0
    },
    "2025-03-31": {
        "Tax Effect Of Unusual Items": 0.0,
        "Tax Rate For Calcs": 0.264,
        "Normalized EBITDA": 653923000.0,
        "Total Unusual Items": NaN,
        "Total Unusual Items Excluding Goodwill": NaN,
        "Net Income From Continuing Operation Net Minority Interest": 142477000.0,
        "Reconciled Depreciation": 339535000.0,
        "Reconciled Cost Of Revenue": 240104000.0,
        "EBITDA": 653923000.0,
        "EBIT": 314388000.0,
        "Net Interest Income": -120879000.0,
        "Interest Expense": 120879000.0,
        "Normalized Income": 142477000.0,
        "Net Income From Continuing And Discontinued Operation": 140246000.0,
        "Total Expenses": 948239000.0,
        "Total Operating Income As Reported": 319252000.0,
        "Diluted Average Shares": 926000000.0,
        "Basic Average Shares": 863000000.0,
        "Diluted EPS": 0.15,
        "Basic EPS": 0.16,
        "Diluted NI Availto Com Stockholders": 140246000.0,
        "Net Income Common Stockholders": 140246000.0,
        "Net Income": 140246000.0,
        "Net Income Including Noncontrolling Interests": 140246000.0,
        "Net Income Discontinuous Operations": -2231000.0,
        "Net Income Continuous Operations": 142477000.0,
        "Earnings From Equity Interest Net Of Tax": NaN,
        "Tax Provision": 51032000.0,
        "Pretax Income": 193509000.0,
        "Other Income Expense": -4864000.0,
        "Other Non Operating Income Expenses": -4864000.0,
        "Special Income Charges": NaN,
        "Impairment Of Capital Assets": NaN,
        "Restructuring And Mergern Acquisition": NaN,
        "Net Non Operating Interest Income Expense": -120879000.0,
        "Interest Expense Non Operating": 120879000.0,
        "Operating Income": 319252000.0,
        "Operating Expense": 708117000.0,
        "Depreciation Amortization Depletion Income Statement": 339517000.0,
        "Depreciation And Amortization In Income Statement": 339517000.0,
        "Selling General And Administration": 368600000.0,
        "Gross Profit": 1027369000.0,
        "Cost Of Revenue": 240122000.0,
        "Total Revenue": 1267491000.0,
        "Operating Revenue": 1267491000.0
    },
    "2025-06-30": {
        "Tax Effect Of Unusual Items": 0.0,
        "Tax Rate For Calcs": 0.259,
        "Normalized EBITDA": 681514000.0,
        "Total Unusual Items": NaN,
        "Total Unusual Items Excluding Goodwill": NaN,
        "Net Income From Continuing Operation Net Minority Interest": 168233000.0,
        "Reconciled Depreciation": 338734000.0,
        "Reconciled Cost Of Revenue": 250186000.0,
        "EBITDA": 681514000.0,
        "EBIT": 342780000.0,
        "Net Interest Income": -115798000.0,
        "Interest Expense": 115798000.0,
        "Normalized Income": 168233000.0,
        "Net Income From Continuing And Discontinued Operation": 165179000.0,
        "Total Expenses": 945058000.0,
        "Total Operating Income As Reported": 341977000.0,
        "Diluted Average Shares": 895000000.0,
        "Basic Average Shares": 833000000.0,
        "Diluted EPS": 0.18,
        "Basic EPS": 0.2,
        "Diluted NI Availto Com Stockholders": 165179000.0,
        "Net Income Common Stockholders": 165179000.0,
        "Net Income": 165179000.0,
        "Net Income Including Noncontrolling Interests": 165179000.0,
        "Net Income Discontinuous Operations": -3054000.0,
        "Net Income Continuous Operations": 168233000.0,
        "Earnings From Equity Interest Net Of Tax": NaN,
        "Tax Provision": 58749000.0,
        "Pretax Income": 226982000.0,
        "Other Income Expense": 803000.0,
        "Other Non Operating Income Expenses": 803000.0,
        "Special Income Charges": NaN,
        "Impairment Of Capital Assets": NaN,
        "Restructuring And Mergern Acquisition": NaN,
        "Net Non Operating Interest Income Expense": -115798000.0,
        "Interest Expense Non Operating": 115798000.0,
        "Operating Income": 341977000.0,
        "Operating Expense": 694872000.0,
        "Depreciation Amortization Depletion Income Statement": 338734000.0,
        "Depreciation And Amortization In Income Statement": 338734000.0,
        "Selling General And Administration": 356138000.0,
        "Gross Profit": 1036849000.0,
        "Cost Of Revenue": 250186000.0,
        "Total Revenue": 1287035000.0,
        "Operating Revenue": 1287035000.0
    },
    "2025-09-30": {
        "Tax Effect Of Unusual Items": 0.0,
        "Tax Rate For Calcs": 0.277,
        "Normalized EBITDA": 659056000.0,
        "Total Unusual Items": NaN,
        "Total Unusual Items Excluding Goodwill": NaN,
        "Net Income From Continuing Operation Net Minority Interest": 143512000.0,
        "Reconciled Depreciation": 347818000.0,
        "Reconciled Cost Of Revenue": 250710000.0,
        "EBITDA": 659056000.0,
        "EBIT": 311238000.0,
        "Net Interest Income": -112617000.0,
        "Interest Expense": 112617000.0,
        "Normalized Income": 143512000.0,
        "Net Income From Continuing And Discontinued Operation": 145132000.0,
        "Total Expenses": 982881000.0,
        "Total Operating Income As Reported": 315073000.0,
        "Diluted Average Shares": 883193000.0,
        "Basic Average Shares": 819487000.0,
        "Diluted EPS": 0.16,
        "Basic EPS": 0.18,
        "Diluted NI Availto Com Stockholders": 145132000.0,
        "Net Income Common Stockholders": 145132000.0,
        "Net Income": 145132000.0,
        "Net Income Including Noncontrolling Interests": 145132000.0,
        "Net Income Discontinuous Operations": 1620000.0,
        "Net Income Continuous Operations": 143512000.0,
        "Earnings From Equity Interest Net Of Tax": NaN,
        "Tax Provision": 55109000.0,
        "Pretax Income": 198621000.0,
        "Other Income Expense": -3835000.0,
        "Other Non Operating Income Expenses": -3835000.0,
        "Special Income Charges": NaN,
        "Impairment Of Capital Assets": NaN,
        "Restructuring And Mergern Acquisition": NaN,
        "Net Non Operating Interest Income Expense": -112617000.0,
        "Interest Expense Non Operating": 112617000.0,
        "Operating Income": 315073000.0,
        "Operating Expense": 732171000.0,
        "Depreciation Amortization Depletion Income Statement": 347818000.0,
        "Depreciation And Amortization In Income Statement": 347818000.0,
        "Selling General And Administration": 384353000.0,
        "Gross Profit": 1047244000.0,
        "Cost Of Revenue": 250710000.0,
        "Total Revenue": 1297954000.0,
        "Operating Revenue": 1297954000.0
    }
}