{
    "2023-03-31": {
        "Tax Effect Of Unusual Items": NaN,
        "Tax Rate For Calcs": NaN,
        "Normalized EBITDA": NaN,
        "Total Unusual Items": NaN,
        "Total Unusual Items Excluding Goodwill": NaN,
        "Net Income From Continuing Operation Net Minority Interest": NaN,
        "Reconciled Depreciation": NaN,
        "Reconciled Cost Of Revenue": NaN,
        "EBITDA": NaN,
        "EBIT": NaN,
        "Net Interest Income": NaN,
        "Interest Expense": NaN,
        "Interest Income": NaN,
        "Normalized Income": NaN,
        "Net Income From Continuing And Discontinued Operation": NaN,
        "Total Expenses": NaN,
        "Total Operating Income As Reported": NaN,
        "Diluted Average Shares": 114072.0,
        "Basic Average Shares": 114072.0,
        "Diluted EPS": -52.46,
        "Basic EPS": -52.46,
        "Diluted NI Availto Com Stockholders": NaN,
        "Net Income Common Stockholders": NaN,
        "Otherunder Preferred Stock Dividend": NaN,
        "Net Income": NaN,
        "Minority Interests": 0.0,
        "Net Income Including Noncontrolling Interests": NaN,
        "Net Income Continuous Operations": NaN,
        "Tax Provision": NaN,
        "Pretax Income": NaN,
        "Other Income Expense": NaN,
        "Other Non Operating Income Expenses": NaN,
        "Gain On Sale Of Security": NaN,
        "Net Non Operating Interest Income Expense": NaN,
        "Interest Expense Non Operating": NaN,
        "Interest Income Non Operating": NaN,
        "Operating Income": NaN,
        "Operating Expense": NaN,
        "Research And Development": NaN,
        "Selling General And Administration": NaN,
        "Selling And Marketing Expense": NaN,
        "General And Administrative Expense": NaN,
        "Other Gand A": NaN,
        "Gross Profit": NaN,
        "Cost Of Revenue": NaN,
        "Total Revenue": NaN,
        "Operating Revenue": NaN
    },
    "2022-12-31": {
        "Tax Effect Of Unusual Items": NaN,
        "Tax Rate For Calcs": NaN,
        "Normalized EBITDA": NaN,
        "Total Unusual Items": -543938.0,
        "Total Unusual Items Excluding Goodwill": -543938.0,
        "Net Income From Continuing Operation Net Minority Interest": NaN,
        "Reconciled Depreciation": NaN,
        "Reconciled Cost Of Revenue": NaN,
        "EBITDA": NaN,
        "EBIT": NaN,
        "Net Interest Income": NaN,
        "Interest Expense": NaN,
        "Interest Income": NaN,
        "Normalized Income": NaN,
        "Net Income From Continuing And Discontinued Operation": NaN,
        "Total Expenses": NaN,
        "Total Operating Income As Reported": NaN,
        "Diluted Average Shares": NaN,
        "Basic Average Shares": NaN,
        "Diluted EPS": NaN,
        "Basic EPS": NaN,
        "Diluted NI Availto Com Stockholders": NaN,
        "Net Income Common Stockholders": NaN,
        "Otherunder Preferred Stock Dividend": NaN,
        "Net Income": NaN,
        "Minority Interests": NaN,
        "Net Income Including Noncontrolling Interests": NaN,
        "Net Income Continuous Operations": NaN,
        "Tax Provision": NaN,
        "Pretax Income": NaN,
        "Other Income Expense": -543938.0,
        "Other Non Operating Income Expenses": 0.0,
        "Special Income Charges": -543938.0,
        "Gain On Sale Of Security": NaN,
        "Net Non Operating Interest Income Expense": NaN,
        "Interest Expense Non Operating": NaN,
        "Interest Income Non Operating": NaN,
        "Operating Income": NaN,
        "Operating Expense": NaN,
        "Research And Development": NaN,
        "Selling General And Administration": NaN,
        "Selling And Marketing Expense": NaN,
        "General And Administrative Expense": NaN,
        "Other Gand A": NaN,
        "Gross Profit": NaN,
        "Cost Of Revenue": NaN,
        "Total Revenue": NaN,
        "Operating Revenue": NaN
    },
    "2022-09-30": {
        "Tax Effect Of Unusual Items": NaN,
        "Tax Rate For Calcs": NaN,
        "Normalized EBITDA": NaN,
        "Total Unusual Items": 0.0,
        "Total Unusual Items Excluding Goodwill": 0.0,
        "Net Income From Continuing Operation Net Minority Interest": NaN,
        "Reconciled Depreciation": NaN,
        "Reconciled Cost Of Revenue": NaN,
        "EBITDA": NaN,
        "EBIT": NaN,
        "Net Interest Income": NaN,
        "Interest Expense": NaN,
        "Interest Income": NaN,
        "Normalized Income": NaN,
        "Net Income From Continuing And Discontinued Operation": NaN,
        "Total Expenses": NaN,
        "Total Operating Income As Reported": NaN,
        "Diluted Average Shares": 35829.0,
        "Basic Average Shares": 35829.0,
        "Diluted EPS": -210.93,
        "Basic EPS": -210.93,
        "Diluted NI Availto Com Stockholders": NaN,
        "Net Income Common Stockholders": NaN,
        "Otherunder Preferred Stock Dividend": 0.0,
        "Net Income": NaN,
        "Minority Interests": NaN,
        "Net Income Including Noncontrolling Interests": NaN,
        "Net Income Continuous Operations": NaN,
        "Tax Provision": NaN,
        "Pretax Income": NaN,
        "Other Income Expense": NaN,
        "Other Non Operating Income Expenses": NaN,
        "Special Income Charges": 0.0,
        "Gain On Sale Of Security": NaN,
        "Net Non Operating Interest Income Expense": NaN,
        "Interest Expense Non Operating": NaN,
        "Interest Income Non Operating": NaN,
        "Operating Income": NaN,
        "Operating Expense": NaN,
        "Research And Development": NaN,
        "Selling General And Administration": NaN,
        "Selling And Marketing Expense": NaN,
        "General And Administrative Expense": NaN,
        "Other Gand A": NaN,
        "Gross Profit": NaN,
        "Cost Of Revenue": NaN,
        "Total Revenue": NaN,
        "Operating Revenue": NaN
    },
    "2022-06-30": {
        "Tax Effect Of Unusual Items": 0.0,
        "Tax Rate For Calcs": 0.0,
        "Normalized EBITDA": -5638348.0,
        "Total Unusual Items": NaN,
        "Total Unusual Items Excluding Goodwill": NaN,
        "Net Income From Continuing Operation Net Minority Interest": -5850006.0,
        "Reconciled Depreciation": 126602.0,
        "Reconciled Cost Of Revenue": 174858.0,
        "EBITDA": -5638348.0,
        "EBIT": -5764950.0,
        "Net Interest Income": -79049.0,
        "Interest Expense": 85056.0,
        "Interest Income": 6007.0,
        "Normalized Income": -5850006.0,
        "Net Income From Continuing And Discontinued Operation": -5850006.0,
        "Total Expenses": 5985672.0,
        "Total Operating Income As Reported": -5770957.0,
        "Diluted Average Shares": 22780.0,
        "Basic Average Shares": 22780.0,
        "Diluted EPS": -256.8,
        "Basic EPS": -256.8,
        "Diluted NI Availto Com Stockholders": -5850006.0,
        "Net Income Common Stockholders": -5850006.0,
        "Net Income": -5850006.0,
        "Net Income Including Noncontrolling Interests": -5850006.0,
        "Net Income Continuous Operations": -5850006.0,
        "Tax Provision": 0.0,
        "Pretax Income": -5850006.0,
        "Other Income Expense": NaN,
        "Other Non Operating Income Expenses": NaN,
        "Special Income Charges": NaN,
        "Net Non Operating Interest Income Expense": -79049.0,
        "Interest Expense Non Operating": 85056.0,
        "Interest Income Non Operating": 6007.0,
        "Operating Income": -5770957.0,
        "Operating Expense": 5810814.0,
        "Research And Development": 1187920.0,
        "Selling General And Administration": 4622894.0,
        "Selling And Marketing Expense": 833942.0,
        "General And Administrative Expense": 3788952.0,
        "Other Gand A": 3788952.0,
        "Gross Profit": 39857.0,
        "Cost Of Revenue": 174858.0,
        "Total Revenue": 214715.0,
        "Operating Revenue": 214715.0
    },
    "2022-03-31": {
        "Diluted EPS": -6.8,
        "Total Revenue": 0,
        "Gross Profit": 0,
        "Operating Income": -6,
        "EBIT": -6,
        "Net Income": -6
    },
    "2021-12-31": {
        "Diluted EPS": -57.1,
        "Total Revenue": NaN,
        "Gross Profit": NaN,
        "Operating Income": -24,
        "EBIT": -24,
        "Net Income": -24
    },
    "2021-09-30": {
        "Diluted EPS": -28.08,
        "Total Revenue": NaN,
        "Gross Profit": NaN,
        "Operating Income": -6,
        "EBIT": -5,
        "Net Income": -10
    },
    "2021-06-30": {
        "Diluted EPS": -21.0,
        "Total Revenue": NaN,
        "Gross Profit": NaN,
        "Operating Income": -6,
        "EBIT": -5,
        "Net Income": -6
    },
    "2021-03-31": {
        "Diluted EPS": -15.0,
        "Total Revenue": NaN,
        "Gross Profit": NaN,
        "Operating Income": -6,
        "EBIT": -6,
        "Net Income": -6
    },
    "2020-12-31": {
        "Diluted EPS": -26.0,
        "Total Revenue": NaN,
        "Gross Profit": NaN,
        "Operating Income": -5,
        "EBIT": -5,
        "Net Income": -5
    },
    "2020-09-30": {
        "Diluted EPS": -18.5,
        "Total Revenue": NaN,
        "Gross Profit": NaN,
        "Operating Income": -3,
        "EBIT": -3,
        "Net Income": -3
    },
    "2020-06-30": {
        "Diluted EPS": -7.0,
        "Total Revenue": NaN,
        "Gross Profit": NaN,
        "Operating Income": 0,
        "EBIT": 0,
        "Net Income": -1
    },
    "2020-03-31": {
        "Diluted EPS": -15.0,
        "Total Revenue": NaN,
        "Gross Profit": NaN,
        "Operating Income": -1,
        "EBIT": -1,
        "Net Income": -1
    },
    "2019-12-31": {
        "Diluted EPS": 0.0,
        "Total Revenue": NaN,
        "Gross Profit": NaN,
        "Operating Income": NaN,
        "EBIT": NaN,
        "Net Income": NaN
    },
    "2019-09-30": {
        "Diluted EPS": -14.0,
        "Total Revenue": NaN,
        "Gross Profit": NaN,
        "Operating Income": -1,
        "EBIT": -1,
        "Net Income": -1
    },
    "2023-06-30": {
        "Tax Effect Of Unusual Items": NaN,
        "Tax Rate For Calcs": NaN,
        "Normalized EBITDA": NaN,
        "Total Unusual Items": NaN,
        "Total Unusual Items Excluding Goodwill": NaN,
        "Net Income From Continuing Operation Net Minority Interest": NaN,
        "Reconciled Depreciation": NaN,
        "Reconciled Cost Of Revenue": NaN,
        "EBITDA": NaN,
        "EBIT": NaN,
        "Net Interest Income": NaN,
        "Interest Expense": NaN,
        "Interest Income": NaN,
        "Normalized Income": NaN,
        "Net Income From Continuing And Discontinued Operation": NaN,
        "Total Expenses": NaN,
        "Total Operating Income As Reported": NaN,
        "Diluted Average Shares": 3861.0,
        "Basic Average Shares": 3861.0,
        "Diluted EPS": -1471.6,
        "Basic EPS": -1471.6,
        "Diluted NI Availto Com Stockholders": NaN,
        "Net Income Common Stockholders": NaN,
        "Otherunder Preferred Stock Dividend": NaN,
        "Net Income": NaN,
        "Minority Interests": 0.0,
        "Net Income Including Noncontrolling Interests": NaN,
        "Net Income Continuous Operations": NaN,
        "Tax Provision": NaN,
        "Pretax Income": NaN,
        "Other Income Expense": NaN,
        "Other Non Operating Income Expenses": NaN,
        "Gain On Sale Of Security": NaN,
        "Net Non Operating Interest Income Expense": NaN,
        "Interest Expense Non Operating": NaN,
        "Interest Income Non Operating": NaN,
        "Operating Income": NaN,
        "Operating Expense": NaN,
        "Research And Development": NaN,
        "Selling General And Administration": NaN,
        "Selling And Marketing Expense": NaN,
        "General And Administrative Expense": NaN,
        "Other Gand A": NaN,
        "Gross Profit": NaN,
        "Cost Of Revenue": NaN,
        "Total Revenue": NaN,
        "Operating Revenue": NaN
    },
    "2023-09-30": {
        "Tax Effect Of Unusual Items": NaN,
        "Tax Rate For Calcs": NaN,
        "Normalized EBITDA": NaN,
        "Total Unusual Items": NaN,
        "Total Unusual Items Excluding Goodwill": NaN,
        "Net Income From Continuing Operation Net Minority Interest": NaN,
        "Reconciled Depreciation": NaN,
        "Reconciled Cost Of Revenue": NaN,
        "EBITDA": NaN,
        "EBIT": NaN,
        "Net Interest Income": NaN,
        "Interest Expense": NaN,
        "Interest Income": NaN,
        "Normalized Income": NaN,
        "Net Income From Continuing And Discontinued Operation": NaN,
        "Total Expenses": NaN,
        "Total Operating Income As Reported": NaN,
        "Diluted Average Shares": 36.0,
        "Basic Average Shares": 36.0,
        "Diluted EPS": -275363.083333,
        "Basic EPS": -275363.083333,
        "Diluted NI Availto Com Stockholders": NaN,
        "Net Income Common Stockholders": NaN,
        "Otherunder Preferred Stock Dividend": 167169.0,
        "Net Income": NaN,
        "Minority Interests": NaN,
        "Net Income Including Noncontrolling Interests": NaN,
        "Net Income Continuous Operations": NaN,
        "Tax Provision": NaN,
        "Pretax Income": NaN,
        "Other Income Expense": NaN,
        "Other Non Operating Income Expenses": NaN,
        "Gain On Sale Of Security": NaN,
        "Net Non Operating Interest Income Expense": NaN,
        "Interest Expense Non Operating": NaN,
        "Interest Income Non Operating": NaN,
        "Operating Income": NaN,
        "Operating Expense": NaN,
        "Research And Development": NaN,
        "Selling General And Administration": NaN,
        "Selling And Marketing Expense": NaN,
        "General And Administrative Expense": NaN,
        "Other Gand A": NaN,
        "Gross Profit": NaN,
        "Cost Of Revenue": NaN,
        "Total Revenue": NaN,
        "Operating Revenue": NaN
    },
    "2023-12-31": {
        "Tax Effect Of Unusual Items": NaN,
        "Tax Rate For Calcs": NaN,
        "Normalized EBITDA": NaN,
        "Total Unusual Items": NaN,
        "Total Unusual Items Excluding Goodwill": NaN,
        "Net Income From Continuing Operation Net Minority Interest": NaN,
        "Reconciled Depreciation": NaN,
        "Reconciled Cost Of Revenue": NaN,
        "EBITDA": NaN,
        "EBIT": NaN,
        "Net Interest Income": NaN,
        "Interest Expense": NaN,
        "Interest Income": NaN,
        "Normalized Income": NaN,
        "Net Income From Continuing And Discontinued Operation": NaN,
        "Total Expenses": NaN,
        "Total Operating Income As Reported": NaN,
        "Diluted Average Shares": NaN,
        "Basic Average Shares": NaN,
        "Diluted EPS": NaN,
        "Basic EPS": NaN,
        "Diluted NI Availto Com Stockholders": NaN,
        "Net Income Common Stockholders": NaN,
        "Otherunder Preferred Stock Dividend": 152702.0,
        "Net Income": NaN,
        "Minority Interests": NaN,
        "Net Income Including Noncontrolling Interests": NaN,
        "Net Income Continuous Operations": NaN,
        "Tax Provision": NaN,
        "Pretax Income": NaN,
        "Other Income Expense": NaN,
        "Other Non Operating Income Expenses": NaN,
        "Gain On Sale Of Security": NaN,
        "Net Non Operating Interest Income Expense": NaN,
        "Interest Expense Non Operating": NaN,
        "Interest Income Non Operating": NaN,
        "Operating Income": NaN,
        "Operating Expense": NaN,
        "Research And Development": NaN,
        "Selling General And Administration": NaN,
        "Selling And Marketing Expense": NaN,
        "General And Administrative Expense": NaN,
        "Other Gand A": NaN,
        "Gross Profit": NaN,
        "Cost Of Revenue": NaN,
        "Total Revenue": NaN,
        "Operating Revenue": NaN
    },
    "2024-03-31": {
        "Tax Effect Of Unusual Items": 0.0,
        "Tax Rate For Calcs": 0.0,
        "Normalized EBITDA": -11600174.0,
        "Total Unusual Items": -208670.0,
        "Total Unusual Items Excluding Goodwill": -208670.0,
        "Net Income From Continuing Operation Net Minority Interest": -14729727.0,
        "Reconciled Depreciation": 143765.0,
        "Reconciled Cost Of Revenue": 65799.0,
        "EBITDA": -11600174.0,
        "EBIT": -11743939.0,
        "Net Interest Income": -3124378.0,
        "Interest Expense": 3124755.0,
        "Interest Income": 377.0,
        "Normalized Income": -14729727.0,
        "Net Income From Continuing And Discontinued Operation": -14729727.0,
        "Total Expenses": 11615326.0,
        "Total Operating Income As Reported": -11535646.0,
        "Diluted Average Shares": 166.0,
        "Basic Average Shares": 166.0,
        "Diluted EPS": -88733.295181,
        "Basic EPS": -88733.295181,
        "Diluted NI Availto Com Stockholders": -14729727.0,
        "Net Income Common Stockholders": -14729727.0,
        "Otherunder Preferred Stock Dividend": NaN,
        "Net Income": -14729727.0,
        "Minority Interests": 138967.0,
        "Net Income Including Noncontrolling Interests": -14868694.0,
        "Net Income Continuous Operations": -14868694.0,
        "Tax Provision": 0.0,
        "Pretax Income": -14868694.0,
        "Other Income Expense": -208670.0,
        "Other Non Operating Income Expenses": -208670.0,
        "Gain On Sale Of Security": -208670.0,
        "Net Non Operating Interest Income Expense": -3124378.0,
        "Interest Expense Non Operating": 3124755.0,
        "Interest Income Non Operating": 377.0,
        "Operating Income": -11535646.0,
        "Operating Expense": 11549527.0,
        "Research And Development": 8145266.0,
        "Selling General And Administration": 3404261.0,
        "Selling And Marketing Expense": 40513.0,
        "General And Administrative Expense": 3363748.0,
        "Other Gand A": 3363748.0,
        "Gross Profit": 13881.0,
        "Cost Of Revenue": 65799.0,
        "Total Revenue": 79680.0,
        "Operating Revenue": 79680.0
    },
    "2024-06-30": {
        "Tax Effect Of Unusual Items": 0.0,
        "Tax Rate For Calcs": 0.0,
        "Normalized EBITDA": -5817573.0,
        "Total Unusual Items": NaN,
        "Total Unusual Items Excluding Goodwill": NaN,
        "Net Income From Continuing Operation Net Minority Interest": -7549619.0,
        "Reconciled Depreciation": 158030.0,
        "Reconciled Cost Of Revenue": 23134.0,
        "EBITDA": -5817573.0,
        "EBIT": -5975603.0,
        "Net Interest Income": -1647898.0,
        "Interest Expense": 1648276.0,
        "Interest Income": 378.0,
        "Normalized Income": -7549619.0,
        "Net Income From Continuing And Discontinued Operation": -7549619.0,
        "Total Expenses": 6020257.0,
        "Total Operating Income As Reported": -5975981.0,
        "Diluted Average Shares": 199.0,
        "Basic Average Shares": 199.0,
        "Diluted EPS": -37937.78392,
        "Basic EPS": -37937.78392,
        "Diluted NI Availto Com Stockholders": -7549619.0,
        "Net Income Common Stockholders": -7549619.0,
        "Otherunder Preferred Stock Dividend": NaN,
        "Net Income": -7549619.0,
        "Minority Interests": 74260.0,
        "Net Income Including Noncontrolling Interests": -7623879.0,
        "Net Income Continuous Operations": -7623879.0,
        "Tax Provision": 0.0,
        "Pretax Income": -7623879.0,
        "Other Income Expense": NaN,
        "Other Non Operating Income Expenses": NaN,
        "Gain On Sale Of Security": NaN,
        "Net Non Operating Interest Income Expense": -1647898.0,
        "Interest Expense Non Operating": 1648276.0,
        "Interest Income Non Operating": 378.0,
        "Operating Income": -5975981.0,
        "Operating Expense": 5997123.0,
        "Research And Development": 1553360.0,
        "Selling General And Administration": 4443763.0,
        "Selling And Marketing Expense": 24218.0,
        "General And Administrative Expense": 4419545.0,
        "Other Gand A": 4419545.0,
        "Gross Profit": 21142.0,
        "Cost Of Revenue": 23134.0,
        "Total Revenue": 44276.0,
        "Operating Revenue": 44276.0
    },
    "2024-09-30": {
        "Tax Effect Of Unusual Items": 0.0,
        "Tax Rate For Calcs": 0.0,
        "Normalized EBITDA": -4551574.0,
        "Total Unusual Items": NaN,
        "Total Unusual Items Excluding Goodwill": NaN,
        "Net Income From Continuing Operation Net Minority Interest": -6940512.0,
        "Reconciled Depreciation": 149088.0,
        "Reconciled Cost Of Revenue": 467536.0,
        "EBITDA": -4551574.0,
        "EBIT": -4700662.0,
        "Net Interest Income": -2279275.0,
        "Interest Expense": 2279651.0,
        "Interest Income": 376.0,
        "Normalized Income": -6940512.0,
        "Net Income From Continuing And Discontinued Operation": -6940512.0,
        "Total Expenses": 4707892.0,
        "Total Operating Income As Reported": -4701038.0,
        "Diluted Average Shares": 2125.0,
        "Basic Average Shares": 2125.0,
        "Diluted EPS": -6045.893176,
        "Basic EPS": -6045.893176,
        "Diluted NI Availto Com Stockholders": -12847523.0,
        "Net Income Common Stockholders": -12847523.0,
        "Otherunder Preferred Stock Dividend": 5907011.0,
        "Net Income": -6940512.0,
        "Minority Interests": 39801.0,
        "Net Income Including Noncontrolling Interests": -6980313.0,
        "Net Income Continuous Operations": -6980313.0,
        "Tax Provision": 0.0,
        "Pretax Income": -6980313.0,
        "Other Income Expense": NaN,
        "Other Non Operating Income Expenses": NaN,
        "Gain On Sale Of Security": NaN,
        "Net Non Operating Interest Income Expense": -2279275.0,
        "Interest Expense Non Operating": 2279651.0,
        "Interest Income Non Operating": 376.0,
        "Operating Income": -4701038.0,
        "Operating Expense": 4240356.0,
        "Research And Development": 491552.0,
        "Selling General And Administration": 3748804.0,
        "Selling And Marketing Expense": 30000.0,
        "General And Administrative Expense": 3718804.0,
        "Other Gand A": 3718804.0,
        "Gross Profit": -460682.0,
        "Cost Of Revenue": 467536.0,
        "Total Revenue": 6854.0,
        "Operating Revenue": 6854.0
    },
    "2024-12-31": {
        "Tax Effect Of Unusual Items": 0.0,
        "Tax Rate For Calcs": 0.0,
        "Normalized EBITDA": -5069841.0,
        "Total Unusual Items": NaN,
        "Total Unusual Items Excluding Goodwill": NaN,
        "Net Income From Continuing Operation Net Minority Interest": -5226628.0,
        "Reconciled Depreciation": 166368.0,
        "Reconciled Cost Of Revenue": 71005.0,
        "EBITDA": -5069841.0,
        "EBIT": -5236209.0,
        "Net Interest Income": -310640.0,
        "Interest Expense": 310963.0,
        "Interest Income": 323.0,
        "Normalized Income": -5226628.0,
        "Net Income From Continuing And Discontinued Operation": -5226628.0,
        "Total Expenses": 5654208.0,
        "Total Operating Income As Reported": -5651033.0,
        "Diluted Average Shares": NaN,
        "Basic Average Shares": NaN,
        "Diluted EPS": NaN,
        "Basic EPS": NaN,
        "Diluted NI Availto Com Stockholders": -5226628.0,
        "Net Income Common Stockholders": -5226628.0,
        "Otherunder Preferred Stock Dividend": 0.0,
        "Net Income": -5226628.0,
        "Minority Interests": 320544.0,
        "Net Income Including Noncontrolling Interests": -5547172.0,
        "Net Income Continuous Operations": -5547172.0,
        "Tax Provision": 0.0,
        "Pretax Income": -5547172.0,
        "Other Income Expense": 414501.0,
        "Other Non Operating Income Expenses": 0.0,
        "Gain On Sale Of Security": NaN,
        "Net Non Operating Interest Income Expense": -310640.0,
        "Interest Expense Non Operating": 310963.0,
        "Interest Income Non Operating": 323.0,
        "Operating Income": -5651033.0,
        "Operating Expense": 5583203.0,
        "Research And Development": 695952.0,
        "Selling General And Administration": 4887251.0,
        "Selling And Marketing Expense": 103132.0,
        "General And Administrative Expense": 4784119.0,
        "Other Gand A": 4784119.0,
        "Gross Profit": -67830.0,
        "Cost Of Revenue": 71005.0,
        "Total Revenue": 3175.0,
        "Operating Revenue": 3175.0
    },
    "2025-03-31": {
        "Tax Effect Of Unusual Items": 0.0,
        "Tax Rate For Calcs": 0.0,
        "Normalized EBITDA": -5538544.0,
        "Total Unusual Items": 13145.0,
        "Total Unusual Items Excluding Goodwill": 13145.0,
        "Net Income From Continuing Operation Net Minority Interest": -5710309.0,
        "Reconciled Depreciation": 69283.0,
        "Reconciled Cost Of Revenue": 734.0,
        "EBITDA": -5525399.0,
        "EBIT": -5594682.0,
        "Net Interest Income": -357495.0,
        "Interest Expense": 357783.0,
        "Interest Income": 288.0,
        "Normalized Income": -5723454.0,
        "Net Income From Continuing And Discontinued Operation": -5710309.0,
        "Total Expenses": 5609133.0,
        "Total Operating Income As Reported": -5608115.0,
        "Diluted Average Shares": 703666.0,
        "Basic Average Shares": 703666.0,
        "Diluted EPS": -8.12,
        "Basic EPS": -8.12,
        "Diluted NI Availto Com Stockholders": -5710309.0,
        "Net Income Common Stockholders": -5710309.0,
        "Otherunder Preferred Stock Dividend": NaN,
        "Net Income": -5710309.0,
        "Minority Interests": 242156.0,
        "Net Income Including Noncontrolling Interests": -5952465.0,
        "Net Income Continuous Operations": -5952465.0,
        "Tax Provision": 0.0,
        "Pretax Income": -5952465.0,
        "Other Income Expense": 13145.0,
        "Other Non Operating Income Expenses": NaN,
        "Gain On Sale Of Security": 13145.0,
        "Net Non Operating Interest Income Expense": -357495.0,
        "Interest Expense Non Operating": 357783.0,
        "Interest Income Non Operating": 288.0,
        "Operating Income": -5608115.0,
        "Operating Expense": 5608399.0,
        "Research And Development": 1209205.0,
        "Selling General And Administration": 4399194.0,
        "Selling And Marketing Expense": 50920.0,
        "General And Administrative Expense": 4348274.0,
        "Other Gand A": 4348274.0,
        "Gross Profit": 284.0,
        "Cost Of Revenue": 734.0,
        "Total Revenue": 1018.0,
        "Operating Revenue": 1018.0
    }
}