{
    "2023-03-31": {
        "Tax Effect Of Unusual Items": NaN,
        "Tax Rate For Calcs": NaN,
        "Normalized EBITDA": NaN,
        "Net Income From Continuing Operation Net Minority Interest": NaN,
        "Reconciled Depreciation": NaN,
        "EBITDA": NaN,
        "EBIT": NaN,
        "Normalized Income": NaN,
        "Net Income From Continuing And Discontinued Operation": NaN,
        "Total Expenses": NaN,
        "Total Operating Income As Reported": NaN,
        "Diluted Average Shares": 10030000.0,
        "Basic Average Shares": 10030000.0,
        "Diluted EPS": -2.9,
        "Basic EPS": -2.9,
        "Diluted NI Availto Com Stockholders": NaN,
        "Net Income Common Stockholders": NaN,
        "Net Income": NaN,
        "Net Income Including Noncontrolling Interests": NaN,
        "Net Income Continuous Operations": NaN,
        "Tax Provision": NaN,
        "Pretax Income": NaN,
        "Other Income Expense": NaN,
        "Other Non Operating Income Expenses": NaN,
        "Operating Income": NaN,
        "Operating Expense": NaN,
        "Research And Development": NaN,
        "Selling General And Administration": NaN,
        "General And Administrative Expense": NaN,
        "Other Gand A": NaN,
        "Total Revenue": NaN,
        "Operating Revenue": NaN
    },
    "2022-12-31": {
        "Tax Effect Of Unusual Items": 0.0,
        "Tax Rate For Calcs": 0.21,
        "Normalized EBITDA": -32228000.0,
        "Net Income From Continuing Operation Net Minority Interest": -32736000.0,
        "Reconciled Depreciation": 1712000.0,
        "EBITDA": -32228000.0,
        "EBIT": -33940000.0,
        "Normalized Income": -32736000.0,
        "Net Income From Continuing And Discontinued Operation": -32736000.0,
        "Total Expenses": 33940000.0,
        "Total Operating Income As Reported": -33940000.0,
        "Diluted Average Shares": NaN,
        "Basic Average Shares": NaN,
        "Diluted EPS": NaN,
        "Basic EPS": NaN,
        "Diluted NI Availto Com Stockholders": -32736000.0,
        "Net Income Common Stockholders": -32736000.0,
        "Net Income": -32736000.0,
        "Net Income Including Noncontrolling Interests": -32736000.0,
        "Net Income Continuous Operations": -32736000.0,
        "Tax Provision": 19000.0,
        "Pretax Income": -32717000.0,
        "Other Income Expense": 1223000.0,
        "Other Non Operating Income Expenses": 1223000.0,
        "Operating Income": -33940000.0,
        "Operating Expense": 33940000.0,
        "Research And Development": 22199000.0,
        "Selling General And Administration": 11741000.0,
        "General And Administrative Expense": 11741000.0,
        "Other Gand A": 11741000.0,
        "Total Revenue": 0.0,
        "Operating Revenue": 0.0
    },
    "2022-09-30": {
        "Tax Effect Of Unusual Items": NaN,
        "Tax Rate For Calcs": NaN,
        "Normalized EBITDA": NaN,
        "Net Income From Continuing Operation Net Minority Interest": NaN,
        "Reconciled Depreciation": NaN,
        "EBITDA": NaN,
        "EBIT": NaN,
        "Normalized Income": NaN,
        "Net Income From Continuing And Discontinued Operation": NaN,
        "Total Expenses": NaN,
        "Total Operating Income As Reported": NaN,
        "Diluted Average Shares": 9947500.0,
        "Basic Average Shares": 9947500.0,
        "Diluted EPS": -4.0,
        "Basic EPS": -4.0,
        "Diluted NI Availto Com Stockholders": NaN,
        "Net Income Common Stockholders": NaN,
        "Net Income": NaN,
        "Net Income Including Noncontrolling Interests": NaN,
        "Net Income Continuous Operations": NaN,
        "Tax Provision": NaN,
        "Pretax Income": NaN,
        "Other Income Expense": NaN,
        "Other Non Operating Income Expenses": NaN,
        "Operating Income": NaN,
        "Operating Expense": NaN,
        "Research And Development": NaN,
        "Selling General And Administration": NaN,
        "General And Administrative Expense": NaN,
        "Other Gand A": NaN,
        "Total Revenue": NaN,
        "Operating Revenue": NaN
    },
    "2022-06-30": {
        "Tax Effect Of Unusual Items": 0.0,
        "Tax Rate For Calcs": 0.4,
        "Normalized EBITDA": -42422000.0,
        "Net Income From Continuing Operation Net Minority Interest": -43761000.0,
        "Reconciled Depreciation": 1603000.0,
        "EBITDA": -42422000.0,
        "EBIT": -44025000.0,
        "Normalized Income": -43761000.0,
        "Net Income From Continuing And Discontinued Operation": -43761000.0,
        "Total Expenses": 44025000.0,
        "Total Operating Income As Reported": -44025000.0,
        "Diluted Average Shares": 99000000.0,
        "Basic Average Shares": 99000000.0,
        "Diluted EPS": -0.44,
        "Basic EPS": -0.44,
        "Diluted NI Availto Com Stockholders": -43761000.0,
        "Net Income Common Stockholders": -43761000.0,
        "Net Income": -43761000.0,
        "Net Income Including Noncontrolling Interests": -43761000.0,
        "Net Income Continuous Operations": -43761000.0,
        "Tax Provision": 19000.0,
        "Pretax Income": -43742000.0,
        "Other Income Expense": 283000.0,
        "Other Non Operating Income Expenses": 283000.0,
        "Operating Income": -44025000.0,
        "Operating Expense": 44025000.0,
        "Research And Development": 30265000.0,
        "Selling General And Administration": 13760000.0,
        "General And Administrative Expense": 13760000.0,
        "Other Gand A": 13760000.0,
        "Total Revenue": 0.0,
        "Operating Revenue": 0.0
    },
    "2022-03-31": {
        "Diluted EPS": -0.38,
        "Total Revenue": NaN,
        "Gross Profit": NaN,
        "Operating Income": -38,
        "EBIT": -36,
        "Net Income": -38
    },
    "2021-12-31": {
        "Diluted EPS": -0.35,
        "Total Revenue": NaN,
        "Gross Profit": NaN,
        "Operating Income": -34,
        "EBIT": -30,
        "Net Income": -34
    },
    "2021-09-30": {
        "Diluted EPS": -0.39,
        "Total Revenue": NaN,
        "Gross Profit": NaN,
        "Operating Income": -39,
        "EBIT": -37,
        "Net Income": -38
    },
    "2021-06-30": {
        "Diluted EPS": -0.45,
        "Total Revenue": NaN,
        "Gross Profit": NaN,
        "Operating Income": -45,
        "EBIT": -43,
        "Net Income": -44
    },
    "2021-03-31": {
        "Diluted EPS": -0.29,
        "Total Revenue": 8,
        "Gross Profit": 8,
        "Operating Income": -29,
        "EBIT": -27,
        "Net Income": -28
    },
    "2020-12-31": {
        "Diluted EPS": -0.4,
        "Total Revenue": NaN,
        "Gross Profit": NaN,
        "Operating Income": -36,
        "EBIT": -34,
        "Net Income": -38
    },
    "2020-09-30": {
        "Diluted EPS": -0.31,
        "Total Revenue": NaN,
        "Gross Profit": NaN,
        "Operating Income": -28,
        "EBIT": -28,
        "Net Income": -28
    },
    "2020-06-30": {
        "Diluted EPS": -0.36,
        "Total Revenue": NaN,
        "Gross Profit": NaN,
        "Operating Income": -30,
        "EBIT": -28,
        "Net Income": -29
    },
    "2020-03-31": {
        "Diluted EPS": -0.31,
        "Total Revenue": NaN,
        "Gross Profit": NaN,
        "Operating Income": -24,
        "EBIT": -23,
        "Net Income": -23
    },
    "2019-12-31": {
        "Diluted EPS": -0.3,
        "Total Revenue": NaN,
        "Gross Profit": NaN,
        "Operating Income": -20,
        "EBIT": -19,
        "Net Income": -19
    },
    "2019-09-30": {
        "Diluted EPS": -0.25,
        "Total Revenue": 0,
        "Gross Profit": 0,
        "Operating Income": -17,
        "EBIT": -17,
        "Net Income": -16
    },
    "2019-06-30": {
        "Diluted EPS": -0.23,
        "Total Revenue": NaN,
        "Gross Profit": NaN,
        "Operating Income": -16,
        "EBIT": -15,
        "Net Income": -15
    },
    "2019-03-31": {
        "Diluted EPS": -0.23,
        "Total Revenue": NaN,
        "Gross Profit": NaN,
        "Operating Income": -16,
        "EBIT": -15,
        "Net Income": -14
    },
    "2018-12-31": {
        "Diluted EPS": -0.24,
        "Total Revenue": 0,
        "Gross Profit": 0,
        "Operating Income": -17,
        "EBIT": -17,
        "Net Income": -16
    },
    "2018-09-30": {
        "Diluted EPS": -0.34,
        "Total Revenue": 1,
        "Gross Profit": 1,
        "Operating Income": -23,
        "EBIT": -18,
        "Net Income": -21
    },
    "2018-06-30": {
        "Diluted EPS": -0.3,
        "Total Revenue": 0,
        "Gross Profit": 0,
        "Operating Income": -20,
        "EBIT": -19,
        "Net Income": -19
    },
    "2018-03-31": {
        "Diluted EPS": -0.3,
        "Total Revenue": 0,
        "Gross Profit": 0,
        "Operating Income": -18,
        "EBIT": -17,
        "Net Income": -17
    },
    "2017-12-31": {
        "Diluted EPS": -0.32,
        "Total Revenue": 0,
        "Gross Profit": 0,
        "Operating Income": -16,
        "EBIT": -15,
        "Net Income": -15
    },
    "2017-09-30": {
        "Diluted EPS": -0.32,
        "Total Revenue": 0,
        "Gross Profit": 0,
        "Operating Income": -15,
        "EBIT": -14,
        "Net Income": -14
    },
    "2017-06-30": {
        "Diluted EPS": -0.27,
        "Total Revenue": 0,
        "Gross Profit": 0,
        "Operating Income": -12,
        "EBIT": -12,
        "Net Income": -11
    },
    "2017-03-31": {
        "Diluted EPS": -0.38,
        "Total Revenue": 0,
        "Gross Profit": 0,
        "Operating Income": -17,
        "EBIT": -16,
        "Net Income": -16
    },
    "2016-12-31": {
        "Diluted EPS": -0.46,
        "Total Revenue": 0,
        "Gross Profit": 0,
        "Operating Income": -23,
        "EBIT": -12,
        "Net Income": -22
    },
    "2016-09-30": {
        "Diluted EPS": -0.35,
        "Total Revenue": 0,
        "Gross Profit": 0,
        "Operating Income": -15,
        "EBIT": -14,
        "Net Income": -14
    },
    "2016-06-30": {
        "Diluted EPS": -1.76,
        "Total Revenue": 0,
        "Gross Profit": 0,
        "Operating Income": -62,
        "EBIT": -12,
        "Net Income": -62
    },
    "2016-03-31": {
        "Diluted EPS": -0.57,
        "Total Revenue": 0,
        "Gross Profit": 0,
        "Operating Income": -16,
        "EBIT": -15,
        "Net Income": -15
    },
    "2015-12-31": {
        "Diluted EPS": -0.55,
        "Total Revenue": 1,
        "Gross Profit": 1,
        "Operating Income": -14,
        "EBIT": -14,
        "Net Income": -14
    },
    "2015-09-30": {
        "Diluted EPS": -0.55,
        "Total Revenue": 1,
        "Gross Profit": 1,
        "Operating Income": -14,
        "EBIT": -14,
        "Net Income": -14
    },
    "2015-06-30": {
        "Diluted EPS": -0.38,
        "Total Revenue": 0,
        "Gross Profit": 0,
        "Operating Income": -10,
        "EBIT": -9,
        "Net Income": -10
    },
    "2015-03-31": {
        "Diluted EPS": -0.38,
        "Total Revenue": 0,
        "Gross Profit": 0,
        "Operating Income": -10,
        "EBIT": -9,
        "Net Income": -10
    },
    "2014-12-31": {
        "Diluted EPS": 0.76,
        "Total Revenue": 0,
        "Gross Profit": 0,
        "Operating Income": -10,
        "EBIT": -10,
        "Net Income": -10
    },
    "2014-09-30": {
        "Diluted EPS": -0.5,
        "Total Revenue": 0,
        "Gross Profit": 0,
        "Operating Income": -8,
        "EBIT": -8,
        "Net Income": -8
    },
    "2014-06-30": {
        "Diluted EPS": -2.27,
        "Total Revenue": 0,
        "Gross Profit": 0,
        "Operating Income": -4,
        "EBIT": -4,
        "Net Income": -8
    },
    "2014-03-31": {
        "Diluted EPS": -0.45,
        "Total Revenue": 0,
        "Gross Profit": 0,
        "Operating Income": -2,
        "EBIT": -2,
        "Net Income": -2
    },
    "2013-12-31": {
        "Diluted EPS": 0.0,
        "Total Revenue": NaN,
        "Gross Profit": NaN,
        "Operating Income": NaN,
        "EBIT": NaN,
        "Net Income": NaN
    },
    "2013-09-30": {
        "Diluted EPS": -0.22,
        "Total Revenue": 0,
        "Gross Profit": 0,
        "Operating Income": -1,
        "EBIT": -1,
        "Net Income": -1
    },
    "2013-06-30": {
        "Diluted EPS": -0.2,
        "Total Revenue": 0,
        "Gross Profit": 0,
        "Operating Income": -1,
        "EBIT": -1,
        "Net Income": -1
    },
    "2012-12-31": {
        "Diluted EPS": 0.0,
        "Total Revenue": NaN,
        "Gross Profit": NaN,
        "Operating Income": NaN,
        "EBIT": NaN,
        "Net Income": NaN
    },
    "2023-06-30": {
        "Tax Effect Of Unusual Items": NaN,
        "Tax Rate For Calcs": NaN,
        "Normalized EBITDA": NaN,
        "Net Income From Continuing Operation Net Minority Interest": NaN,
        "Reconciled Depreciation": NaN,
        "EBITDA": NaN,
        "EBIT": NaN,
        "Normalized Income": NaN,
        "Net Income From Continuing And Discontinued Operation": NaN,
        "Total Expenses": NaN,
        "Total Operating Income As Reported": NaN,
        "Diluted Average Shares": 10077000.0,
        "Basic Average Shares": 10077000.0,
        "Diluted EPS": -3.13,
        "Basic EPS": -3.13,
        "Diluted NI Availto Com Stockholders": NaN,
        "Net Income Common Stockholders": NaN,
        "Net Income": NaN,
        "Net Income Including Noncontrolling Interests": NaN,
        "Net Income Continuous Operations": NaN,
        "Tax Provision": NaN,
        "Pretax Income": NaN,
        "Other Income Expense": NaN,
        "Other Non Operating Income Expenses": NaN,
        "Operating Income": NaN,
        "Operating Expense": NaN,
        "Research And Development": NaN,
        "Selling General And Administration": NaN,
        "General And Administrative Expense": NaN,
        "Other Gand A": NaN,
        "Total Revenue": NaN,
        "Operating Revenue": NaN
    },
    "2023-09-30": {
        "Tax Effect Of Unusual Items": NaN,
        "Tax Rate For Calcs": NaN,
        "Normalized EBITDA": NaN,
        "Net Income From Continuing Operation Net Minority Interest": NaN,
        "Reconciled Depreciation": NaN,
        "EBITDA": NaN,
        "EBIT": NaN,
        "Normalized Income": NaN,
        "Net Income From Continuing And Discontinued Operation": NaN,
        "Total Expenses": NaN,
        "Total Operating Income As Reported": NaN,
        "Diluted Average Shares": 10100000.0,
        "Basic Average Shares": 10100000.0,
        "Diluted EPS": -3.26,
        "Basic EPS": -3.26,
        "Diluted NI Availto Com Stockholders": NaN,
        "Net Income Common Stockholders": NaN,
        "Net Income": NaN,
        "Net Income Including Noncontrolling Interests": NaN,
        "Net Income Continuous Operations": NaN,
        "Tax Provision": NaN,
        "Pretax Income": NaN,
        "Other Income Expense": NaN,
        "Other Non Operating Income Expenses": NaN,
        "Operating Income": NaN,
        "Operating Expense": NaN,
        "Research And Development": NaN,
        "Selling General And Administration": NaN,
        "General And Administrative Expense": NaN,
        "Other Gand A": NaN,
        "Total Revenue": NaN,
        "Operating Revenue": NaN
    },
    "2023-12-31": {
        "Tax Effect Of Unusual Items": NaN,
        "Tax Rate For Calcs": NaN,
        "Normalized EBITDA": NaN,
        "Net Income From Continuing Operation Net Minority Interest": NaN,
        "Reconciled Depreciation": NaN,
        "EBITDA": NaN,
        "EBIT": NaN,
        "Normalized Income": NaN,
        "Net Income From Continuing And Discontinued Operation": NaN,
        "Total Expenses": NaN,
        "Total Operating Income As Reported": NaN,
        "Diluted Average Shares": NaN,
        "Basic Average Shares": NaN,
        "Diluted EPS": NaN,
        "Basic EPS": NaN,
        "Diluted NI Availto Com Stockholders": NaN,
        "Net Income Common Stockholders": NaN,
        "Net Income": NaN,
        "Net Income Including Noncontrolling Interests": NaN,
        "Net Income Continuous Operations": NaN,
        "Tax Provision": -1133000.0,
        "Pretax Income": NaN,
        "Other Income Expense": NaN,
        "Other Non Operating Income Expenses": NaN,
        "Operating Income": NaN,
        "Operating Expense": NaN,
        "Research And Development": NaN,
        "Selling General And Administration": NaN,
        "General And Administrative Expense": NaN,
        "Other Gand A": NaN,
        "Total Revenue": NaN,
        "Operating Revenue": NaN
    },
    "2024-03-31": {
        "Tax Effect Of Unusual Items": 0.0,
        "Tax Rate For Calcs": 0.0,
        "Normalized EBITDA": -28202000.0,
        "Net Income From Continuing Operation Net Minority Interest": -27147000.0,
        "Reconciled Depreciation": 997000.0,
        "EBITDA": -28202000.0,
        "EBIT": -29199000.0,
        "Normalized Income": -27147000.0,
        "Net Income From Continuing And Discontinued Operation": -27147000.0,
        "Total Expenses": 29199000.0,
        "Total Operating Income As Reported": -29199000.0,
        "Diluted Average Shares": 16479000.0,
        "Basic Average Shares": 16479000.0,
        "Diluted EPS": -1.65,
        "Basic EPS": -1.65,
        "Diluted NI Availto Com Stockholders": -27147000.0,
        "Net Income Common Stockholders": -27147000.0,
        "Net Income": -27147000.0,
        "Net Income Including Noncontrolling Interests": -27147000.0,
        "Net Income Continuous Operations": -27147000.0,
        "Tax Provision": 0.0,
        "Pretax Income": -27147000.0,
        "Other Income Expense": 2052000.0,
        "Other Non Operating Income Expenses": 2052000.0,
        "Operating Income": -29199000.0,
        "Operating Expense": 29199000.0,
        "Research And Development": 15410000.0,
        "Selling General And Administration": 13789000.0,
        "General And Administrative Expense": 13789000.0,
        "Other Gand A": 13789000.0,
        "Total Revenue": 0.0,
        "Operating Revenue": 0.0
    },
    "2024-06-30": {
        "Tax Effect Of Unusual Items": 0.0,
        "Tax Rate For Calcs": 0.0,
        "Normalized EBITDA": -19926000.0,
        "Net Income From Continuing Operation Net Minority Interest": -18476000.0,
        "Reconciled Depreciation": 956000.0,
        "EBITDA": -19926000.0,
        "EBIT": -20882000.0,
        "Normalized Income": -18476000.0,
        "Net Income From Continuing And Discontinued Operation": -18476000.0,
        "Total Expenses": 20882000.0,
        "Total Operating Income As Reported": -20882000.0,
        "Diluted Average Shares": 20852000.0,
        "Basic Average Shares": 20852000.0,
        "Diluted EPS": -0.89,
        "Basic EPS": -0.89,
        "Diluted NI Availto Com Stockholders": -18476000.0,
        "Net Income Common Stockholders": -18476000.0,
        "Net Income": -18476000.0,
        "Net Income Including Noncontrolling Interests": -18476000.0,
        "Net Income Continuous Operations": -18476000.0,
        "Tax Provision": 0.0,
        "Pretax Income": -18476000.0,
        "Other Income Expense": 2406000.0,
        "Other Non Operating Income Expenses": 2406000.0,
        "Operating Income": -20882000.0,
        "Operating Expense": 20882000.0,
        "Research And Development": 17097000.0,
        "Selling General And Administration": 3785000.0,
        "General And Administrative Expense": 3785000.0,
        "Other Gand A": 3785000.0,
        "Total Revenue": 0.0,
        "Operating Revenue": 0.0
    },
    "2024-09-30": {
        "Tax Effect Of Unusual Items": 0.0,
        "Tax Rate For Calcs": 0.0,
        "Normalized EBITDA": -28331000.0,
        "Net Income From Continuing Operation Net Minority Interest": -27134000.0,
        "Reconciled Depreciation": 890000.0,
        "EBITDA": -28331000.0,
        "EBIT": -29221000.0,
        "Normalized Income": -27134000.0,
        "Net Income From Continuing And Discontinued Operation": -27134000.0,
        "Total Expenses": 30221000.0,
        "Total Operating Income As Reported": -29221000.0,
        "Diluted Average Shares": 20876000.0,
        "Basic Average Shares": 20876000.0,
        "Diluted EPS": -1.3,
        "Basic EPS": -1.3,
        "Diluted NI Availto Com Stockholders": -27134000.0,
        "Net Income Common Stockholders": -27134000.0,
        "Net Income": -27134000.0,
        "Net Income Including Noncontrolling Interests": -27134000.0,
        "Net Income Continuous Operations": -27134000.0,
        "Tax Provision": 0.0,
        "Pretax Income": -27134000.0,
        "Other Income Expense": 2087000.0,
        "Other Non Operating Income Expenses": 2087000.0,
        "Operating Income": -29221000.0,
        "Operating Expense": 30221000.0,
        "Research And Development": 20439000.0,
        "Selling General And Administration": 9782000.0,
        "General And Administrative Expense": 9782000.0,
        "Other Gand A": 9782000.0,
        "Total Revenue": 1000000.0,
        "Operating Revenue": 1000000.0
    },
    "2024-12-31": {
        "Tax Effect Of Unusual Items": 0.0,
        "Tax Rate For Calcs": 0.0,
        "Normalized EBITDA": -61407000.0,
        "Net Income From Continuing Operation Net Minority Interest": -60530000.0,
        "Reconciled Depreciation": 810000.0,
        "EBITDA": -61407000.0,
        "EBIT": -62217000.0,
        "Normalized Income": -60530000.0,
        "Net Income From Continuing And Discontinued Operation": -60530000.0,
        "Total Expenses": 62217000.0,
        "Total Operating Income As Reported": -62217000.0,
        "Diluted Average Shares": 20898000.0,
        "Basic Average Shares": 20898000.0,
        "Diluted EPS": -1.96,
        "Basic EPS": -1.96,
        "Diluted NI Availto Com Stockholders": -60530000.0,
        "Net Income Common Stockholders": -60530000.0,
        "Net Income": -60530000.0,
        "Net Income Including Noncontrolling Interests": -60530000.0,
        "Net Income Continuous Operations": -60530000.0,
        "Tax Provision": 0.0,
        "Pretax Income": -60530000.0,
        "Other Income Expense": 1687000.0,
        "Other Non Operating Income Expenses": 1687000.0,
        "Operating Income": -62217000.0,
        "Operating Expense": 62217000.0,
        "Research And Development": 24095000.0,
        "Selling General And Administration": 38122000.0,
        "General And Administrative Expense": 38122000.0,
        "Other Gand A": 38122000.0,
        "Total Revenue": 0.0,
        "Operating Revenue": 0.0
    },
    "2025-03-31": {
        "Tax Effect Of Unusual Items": 0.0,
        "Tax Rate For Calcs": 0.0,
        "Normalized EBITDA": -47538000.0,
        "Net Income From Continuing Operation Net Minority Interest": -47019000.0,
        "Reconciled Depreciation": 683000.0,
        "EBITDA": -47538000.0,
        "EBIT": -48221000.0,
        "Normalized Income": -47019000.0,
        "Net Income From Continuing And Discontinued Operation": -47019000.0,
        "Total Expenses": 48221000.0,
        "Total Operating Income As Reported": -48221000.0,
        "Diluted Average Shares": 20938000.0,
        "Basic Average Shares": 20938000.0,
        "Diluted EPS": -2.25,
        "Basic EPS": -2.25,
        "Diluted NI Availto Com Stockholders": -47019000.0,
        "Net Income Common Stockholders": -47019000.0,
        "Net Income": -47019000.0,
        "Net Income Including Noncontrolling Interests": -47019000.0,
        "Net Income Continuous Operations": -47019000.0,
        "Tax Provision": NaN,
        "Pretax Income": -47019000.0,
        "Other Income Expense": 1202000.0,
        "Other Non Operating Income Expenses": 1202000.0,
        "Operating Income": -48221000.0,
        "Operating Expense": 48221000.0,
        "Research And Development": 28747000.0,
        "Selling General And Administration": 19474000.0,
        "General And Administrative Expense": 19474000.0,
        "Other Gand A": 19474000.0,
        "Total Revenue": 0.0,
        "Operating Revenue": 0.0
    }
}