{
    "2023-03-31": {
        "Tax Effect Of Unusual Items": 1102649.006623,
        "Tax Rate For Calcs": 0.122517,
        "Normalized EBITDA": 789000000.0,
        "Total Unusual Items": 9000000.0,
        "Total Unusual Items Excluding Goodwill": 9000000.0,
        "Net Income From Continuing Operation Net Minority Interest": 264000000.0,
        "Reconciled Depreciation": 369000000.0,
        "Reconciled Cost Of Revenue": 1215000000.0,
        "EBITDA": 798000000.0,
        "EBIT": 429000000.0,
        "Net Interest Income": -119000000.0,
        "Interest Expense": 127000000.0,
        "Interest Income": 8000000.0,
        "Normalized Income": 256102649.006623,
        "Net Income From Continuing And Discontinued Operation": 264000000.0,
        "Total Expenses": 1647000000.0,
        "Total Operating Income As Reported": 351000000.0,
        "Diluted Average Shares": 263100000.0,
        "Basic Average Shares": 262200000.0,
        "Diluted EPS": 1.0,
        "Basic EPS": 1.01,
        "Diluted NI Availto Com Stockholders": 264000000.0,
        "Net Income Common Stockholders": 264000000.0,
        "Net Income": 264000000.0,
        "Minority Interests": -1000000.0,
        "Net Income Including Noncontrolling Interests": 265000000.0,
        "Net Income Continuous Operations": 265000000.0,
        "Tax Provision": 37000000.0,
        "Pretax Income": 302000000.0,
        "Other Income Expense": 6000000.0,
        "Other Non Operating Income Expenses": -5000000.0,
        "Special Income Charges": 9000000.0,
        "Other Special Charges": -9000000.0,
        "Earnings From Equity Interest": 2000000.0,
        "Net Non Operating Interest Income Expense": -119000000.0,
        "Interest Expense Non Operating": 127000000.0,
        "Interest Income Non Operating": 8000000.0,
        "Operating Income": 415000000.0,
        "Operating Expense": 383000000.0,
        "Other Taxes": 127000000.0,
        "Depreciation Amortization Depletion Income Statement": 320000000.0,
        "Depreciation And Amortization In Income Statement": 320000000.0,
        "Selling General And Administration": -64000000.0,
        "General And Administrative Expense": -64000000.0,
        "Salaries And Wages": -64000000.0,
        "Gross Profit": 798000000.0,
        "Cost Of Revenue": 1264000000.0,
        "Total Revenue": 2062000000.0,
        "Operating Revenue": 2062000000.0
    },
    "2022-12-31": {
        "Tax Effect Of Unusual Items": 1750000.0,
        "Tax Rate For Calcs": 0.145833,
        "Normalized EBITDA": 686000000.0,
        "Total Unusual Items": 12000000.0,
        "Total Unusual Items Excluding Goodwill": 12000000.0,
        "Net Income From Continuing Operation Net Minority Interest": 163000000.0,
        "Reconciled Depreciation": 376000000.0,
        "Reconciled Cost Of Revenue": 1270000000.0,
        "EBITDA": 698000000.0,
        "EBIT": 322000000.0,
        "Net Interest Income": -113000000.0,
        "Interest Expense": 130000000.0,
        "Interest Income": 17000000.0,
        "Normalized Income": 152750000.0,
        "Net Income From Continuing And Discontinued Operation": 163000000.0,
        "Total Expenses": 1770000000.0,
        "Total Operating Income As Reported": 276000000.0,
        "Diluted Average Shares": 260200000.0,
        "Basic Average Shares": 259100000.0,
        "Diluted EPS": 0.63,
        "Basic EPS": 0.63,
        "Diluted NI Availto Com Stockholders": 163000000.0,
        "Net Income Common Stockholders": 163000000.0,
        "Net Income": 163000000.0,
        "Minority Interests": -1000000.0,
        "Net Income Including Noncontrolling Interests": 164000000.0,
        "Net Income Continuous Operations": 164000000.0,
        "Tax Provision": 28000000.0,
        "Pretax Income": 192000000.0,
        "Other Income Expense": 29000000.0,
        "Other Non Operating Income Expenses": 16000000.0,
        "Special Income Charges": 12000000.0,
        "Other Special Charges": -12000000.0,
        "Earnings From Equity Interest": 1000000.0,
        "Net Non Operating Interest Income Expense": -113000000.0,
        "Interest Expense Non Operating": 130000000.0,
        "Interest Income Non Operating": 17000000.0,
        "Operating Income": 276000000.0,
        "Operating Expense": 448000000.0,
        "Other Taxes": 124000000.0,
        "Depreciation Amortization Depletion Income Statement": 324000000.0,
        "Depreciation And Amortization In Income Statement": 324000000.0,
        "Gross Profit": 724000000.0,
        "Cost Of Revenue": 1322000000.0,
        "Total Revenue": 2046000000.0,
        "Operating Revenue": 2046000000.0
    },
    "2022-09-30": {
        "Tax Effect Of Unusual Items": 0.0,
        "Tax Rate For Calcs": 0.146893,
        "Normalized EBITDA": 1026000000.0,
        "Total Unusual Items": 11000000.0,
        "Total Unusual Items Excluding Goodwill": 11000000.0,
        "Net Income From Continuing Operation Net Minority Interest": 452000000.0,
        "Reconciled Depreciation": 369000000.0,
        "Reconciled Cost Of Revenue": 1194000000.0,
        "EBITDA": 1026000000.0,
        "EBIT": 657000000.0,
        "Net Interest Income": -126000000.0,
        "Interest Expense": 126000000.0,
        "Interest Income": 6000000.0,
        "Normalized Income": 452000000.0,
        "Net Income From Continuing And Discontinued Operation": 452000000.0,
        "Total Expenses": 1707000000.0,
        "Total Operating Income As Reported": 599000000.0,
        "Diluted Average Shares": 259500000.0,
        "Basic Average Shares": 258400000.0,
        "Diluted EPS": 1.74,
        "Basic EPS": 1.75,
        "Diluted NI Availto Com Stockholders": 452000000.0,
        "Net Income Common Stockholders": 452000000.0,
        "Net Income": 452000000.0,
        "Minority Interests": -1000000.0,
        "Net Income Including Noncontrolling Interests": 453000000.0,
        "Net Income Continuous Operations": 453000000.0,
        "Tax Provision": 78000000.0,
        "Pretax Income": 531000000.0,
        "Other Income Expense": 58000000.0,
        "Other Non Operating Income Expenses": 58000000.0,
        "Special Income Charges": 11000000.0,
        "Other Special Charges": -11000000.0,
        "Earnings From Equity Interest": -3000000.0,
        "Net Non Operating Interest Income Expense": -126000000.0,
        "Interest Expense Non Operating": 126000000.0,
        "Interest Income Non Operating": 6000000.0,
        "Operating Income": 599000000.0,
        "Operating Expense": 494000000.0,
        "Other Taxes": 144000000.0,
        "Depreciation Amortization Depletion Income Statement": 350000000.0,
        "Depreciation And Amortization In Income Statement": 350000000.0,
        "Gross Profit": 1093000000.0,
        "Cost Of Revenue": 1213000000.0,
        "Total Revenue": 2306000000.0,
        "Operating Revenue": 2306000000.0
    },
    "2022-06-30": {
        "Tax Effect Of Unusual Items": 0.0,
        "Tax Rate For Calcs": 0.146939,
        "Normalized EBITDA": 718000000.0,
        "Total Unusual Items": 9000000.0,
        "Total Unusual Items Excluding Goodwill": 9000000.0,
        "Net Income From Continuing Operation Net Minority Interest": 207000000.0,
        "Reconciled Depreciation": 347000000.0,
        "Reconciled Cost Of Revenue": 941000000.0,
        "EBITDA": 718000000.0,
        "EBIT": 371000000.0,
        "Net Interest Income": -126000000.0,
        "Interest Expense": 126000000.0,
        "Interest Income": 6000000.0,
        "Normalized Income": 207000000.0,
        "Net Income From Continuing And Discontinued Operation": 207000000.0,
        "Total Expenses": 1417000000.0,
        "Total Operating Income As Reported": 309000000.0,
        "Diluted Average Shares": 259400000.0,
        "Basic Average Shares": 258200000.0,
        "Diluted EPS": 0.8,
        "Basic EPS": 0.8,
        "Diluted NI Availto Com Stockholders": 207000000.0,
        "Net Income Common Stockholders": 207000000.0,
        "Net Income": 207000000.0,
        "Minority Interests": -2000000.0,
        "Net Income Including Noncontrolling Interests": 209000000.0,
        "Net Income Continuous Operations": 209000000.0,
        "Tax Provision": 36000000.0,
        "Pretax Income": 245000000.0,
        "Other Income Expense": 62000000.0,
        "Other Non Operating Income Expenses": 62000000.0,
        "Special Income Charges": 9000000.0,
        "Other Special Charges": -9000000.0,
        "Earnings From Equity Interest": NaN,
        "Net Non Operating Interest Income Expense": -126000000.0,
        "Interest Expense Non Operating": 126000000.0,
        "Interest Income Non Operating": 6000000.0,
        "Operating Income": 309000000.0,
        "Operating Expense": 445000000.0,
        "Other Taxes": 129000000.0,
        "Depreciation Amortization Depletion Income Statement": 316000000.0,
        "Depreciation And Amortization In Income Statement": 316000000.0,
        "Gross Profit": 754000000.0,
        "Cost Of Revenue": 972000000.0,
        "Total Revenue": 1726000000.0,
        "Operating Revenue": 1726000000.0
    },
    "2023-06-30": {
        "Tax Effect Of Unusual Items": 1920577.617329,
        "Tax Rate For Calcs": 0.137184,
        "Normalized EBITDA": 767000000.0,
        "Total Unusual Items": 14000000.0,
        "Total Unusual Items Excluding Goodwill": 14000000.0,
        "Net Income From Continuing Operation Net Minority Interest": 237000000.0,
        "Reconciled Depreciation": 370000000.0,
        "Reconciled Cost Of Revenue": 937000000.0,
        "EBITDA": 781000000.0,
        "EBIT": 411000000.0,
        "Net Interest Income": -125000000.0,
        "Interest Expense": 134000000.0,
        "Interest Income": 9000000.0,
        "Normalized Income": 224920577.617329,
        "Net Income From Continuing And Discontinued Operation": 237000000.0,
        "Total Expenses": 1368000000.0,
        "Total Operating Income As Reported": 329000000.0,
        "Diluted Average Shares": 263200000.0,
        "Basic Average Shares": 262600000.0,
        "Diluted EPS": 0.9,
        "Basic EPS": 0.9,
        "Diluted NI Availto Com Stockholders": 237000000.0,
        "Net Income Common Stockholders": 237000000.0,
        "Net Income": 237000000.0,
        "Minority Interests": -2000000.0,
        "Net Income Including Noncontrolling Interests": 239000000.0,
        "Net Income Continuous Operations": 239000000.0,
        "Tax Provision": 38000000.0,
        "Pretax Income": 277000000.0,
        "Other Income Expense": 10000000.0,
        "Other Non Operating Income Expenses": -4000000.0,
        "Special Income Charges": 14000000.0,
        "Other Special Charges": -14000000.0,
        "Earnings From Equity Interest": 0.0,
        "Net Non Operating Interest Income Expense": -125000000.0,
        "Interest Expense Non Operating": 134000000.0,
        "Interest Income Non Operating": 9000000.0,
        "Operating Income": 392000000.0,
        "Operating Expense": 396000000.0,
        "Other Taxes": 124000000.0,
        "Depreciation Amortization Depletion Income Statement": 335000000.0,
        "Depreciation And Amortization In Income Statement": 335000000.0,
        "Selling General And Administration": -63000000.0,
        "General And Administrative Expense": -63000000.0,
        "Salaries And Wages": -63000000.0,
        "Gross Profit": 788000000.0,
        "Cost Of Revenue": 972000000.0,
        "Total Revenue": 1760000000.0,
        "Operating Revenue": 1760000000.0
    },
    "2022-03-31": {
        "Diluted EPS": 0.97,
        "Total Revenue": NaN,
        "Gross Profit": NaN,
        "Operating Income": 331,
        "EBIT": 681,
        "Net Income": 252
    },
    "2021-12-31": {
        "Diluted EPS": 0.48,
        "Total Revenue": NaN,
        "Gross Profit": NaN,
        "Operating Income": 197,
        "EBIT": 540,
        "Net Income": 125
    },
    "2021-09-30": {
        "Diluted EPS": 1.65,
        "Total Revenue": NaN,
        "Gross Profit": NaN,
        "Operating Income": 534,
        "EBIT": 864,
        "Net Income": 425
    },
    "2021-06-30": {
        "Diluted EPS": 0.8,
        "Total Revenue": NaN,
        "Gross Profit": NaN,
        "Operating Income": 286,
        "EBIT": 613,
        "Net Income": 207
    },
    "2021-03-31": {
        "Diluted EPS": 0.91,
        "Total Revenue": NaN,
        "Gross Profit": NaN,
        "Operating Income": 316,
        "EBIT": 616,
        "Net Income": 233
    },
    "2020-12-31": {
        "Diluted EPS": 0.46,
        "Total Revenue": NaN,
        "Gross Profit": NaN,
        "Operating Income": 211,
        "EBIT": 500,
        "Net Income": 115
    },
    "2020-09-30": {
        "Diluted EPS": 1.47,
        "Total Revenue": NaN,
        "Gross Profit": NaN,
        "Operating Income": 494,
        "EBIT": 792,
        "Net Income": 367
    },
    "2020-06-30": {
        "Diluted EPS": 0.98,
        "Total Revenue": NaN,
        "Gross Profit": NaN,
        "Operating Income": 354,
        "EBIT": 651,
        "Net Income": 243
    },
    "2020-03-31": {
        "Diluted EPS": 0.59,
        "Total Revenue": NaN,
        "Gross Profit": NaN,
        "Operating Income": 241,
        "EBIT": 532,
        "Net Income": 146
    },
    "2019-12-31": {
        "Diluted EPS": 0.38,
        "Total Revenue": NaN,
        "Gross Profit": 979,
        "Operating Income": 179,
        "EBIT": 464,
        "Net Income": 94
    },
    "2019-09-30": {
        "Diluted EPS": 1.47,
        "Total Revenue": NaN,
        "Gross Profit": NaN,
        "Operating Income": 520,
        "EBIT": 799,
        "Net Income": 364
    },
    "2019-06-30": {
        "Diluted EPS": 0.72,
        "Total Revenue": NaN,
        "Gross Profit": NaN,
        "Operating Income": 280,
        "EBIT": 543,
        "Net Income": 179
    },
    "2019-03-31": {
        "Diluted EPS": 0.78,
        "Total Revenue": NaN,
        "Gross Profit": NaN,
        "Operating Income": 288,
        "EBIT": 561,
        "Net Income": 191
    },
    "2018-12-31": {
        "Diluted EPS": 0.28,
        "Total Revenue": NaN,
        "Gross Profit": 990,
        "Operating Income": 166,
        "EBIT": 433,
        "Net Income": 68
    },
    "2018-09-30": {
        "Diluted EPS": 1.45,
        "Total Revenue": NaN,
        "Gross Profit": NaN,
        "Operating Income": 533,
        "EBIT": 797,
        "Net Income": 357
    },
    "2018-06-30": {
        "Diluted EPS": 0.97,
        "Total Revenue": NaN,
        "Gross Profit": NaN,
        "Operating Income": 385,
        "EBIT": 648,
        "Net Income": 239
    },
    "2018-03-31": {
        "Diluted EPS": 0.62,
        "Total Revenue": NaN,
        "Gross Profit": NaN,
        "Operating Income": 273,
        "EBIT": 532,
        "Net Income": 151
    },
    "2017-12-31": {
        "Diluted EPS": -0.25,
        "Total Revenue": NaN,
        "Gross Profit": 996,
        "Operating Income": 212,
        "EBIT": 446,
        "Net Income": -60
    },
    "2017-09-30": {
        "Diluted EPS": 1.18,
        "Total Revenue": NaN,
        "Gross Profit": NaN,
        "Operating Income": 569,
        "EBIT": 817,
        "Net Income": 288
    },
    "2017-06-30": {
        "Diluted EPS": 0.79,
        "Total Revenue": NaN,
        "Gross Profit": NaN,
        "Operating Income": 387,
        "EBIT": 632,
        "Net Income": 193
    },
    "2017-03-31": {
        "Diluted EPS": 0.42,
        "Total Revenue": NaN,
        "Gross Profit": 999,
        "Operating Income": 242,
        "EBIT": 489,
        "Net Income": 102
    },
    "2016-12-31": {
        "Diluted EPS": 0.12,
        "Total Revenue": NaN,
        "Gross Profit": 899,
        "Operating Income": 86,
        "EBIT": 326,
        "Net Income": 32
    },
    "2016-09-30": {
        "Diluted EPS": 1.52,
        "Total Revenue": NaN,
        "Gross Profit": NaN,
        "Operating Income": 691,
        "EBIT": 928,
        "Net Income": 369
    },
    "2016-06-30": {
        "Diluted EPS": 0.61,
        "Total Revenue": NaN,
        "Gross Profit": NaN,
        "Operating Income": 325,
        "EBIT": 553,
        "Net Income": 147
    },
    "2016-03-31": {
        "Diluted EPS": 0.43,
        "Total Revenue": NaN,
        "Gross Profit": 941,
        "Operating Income": 220,
        "EBIT": 460,
        "Net Income": 105
    },
    "2015-12-31": {
        "Diluted EPS": 0.12,
        "Total Revenue": NaN,
        "Gross Profit": 884,
        "Operating Income": 140,
        "EBIT": 367,
        "Net Income": 29
    },
    "2015-09-30": {
        "Diluted EPS": 1.41,
        "Total Revenue": NaN,
        "Gross Profit": NaN,
        "Operating Income": 626,
        "EBIT": 850,
        "Net Income": 343
    },
    "2015-06-30": {
        "Diluted EPS": 0.61,
        "Total Revenue": NaN,
        "Gross Profit": NaN,
        "Operating Income": 237,
        "EBIT": 459,
        "Net Income": 150
    },
    "2015-03-31": {
        "Diluted EPS": 0.45,
        "Total Revenue": NaN,
        "Gross Profit": 975,
        "Operating Income": 256,
        "EBIT": 479,
        "Net Income": 108
    },
    "2014-12-31": {
        "Diluted EPS": 0.19,
        "Total Revenue": NaN,
        "Gross Profit": 878,
        "Operating Income": 125,
        "EBIT": 326,
        "Net Income": 48
    },
    "2014-09-30": {
        "Diluted EPS": 1.2,
        "Total Revenue": NaN,
        "Gross Profit": NaN,
        "Operating Income": 561,
        "EBIT": 766,
        "Net Income": 293
    },
    "2014-06-30": {
        "Diluted EPS": 0.61,
        "Total Revenue": NaN,
        "Gross Profit": NaN,
        "Operating Income": 322,
        "EBIT": 524,
        "Net Income": 149
    },
    "2014-03-31": {
        "Diluted EPS": 0.4,
        "Total Revenue": NaN,
        "Gross Profit": 972,
        "Operating Income": 246,
        "EBIT": 451,
        "Net Income": 96
    },
    "2013-12-31": {
        "Diluted EPS": 0.15,
        "Total Revenue": NaN,
        "Gross Profit": 835,
        "Operating Income": 171,
        "EBIT": 368,
        "Net Income": 37
    },
    "2013-09-30": {
        "Diluted EPS": 1.24,
        "Total Revenue": NaN,
        "Gross Profit": NaN,
        "Operating Income": 567,
        "EBIT": 756,
        "Net Income": 302
    },
    "2013-06-30": {
        "Diluted EPS": 0.39,
        "Total Revenue": NaN,
        "Gross Profit": 997,
        "Operating Income": 261,
        "EBIT": 444,
        "Net Income": 95
    },
    "2013-03-31": {
        "Diluted EPS": -0.6,
        "Total Revenue": NaN,
        "Gross Profit": 881,
        "Operating Income": 185,
        "EBIT": 377,
        "Net Income": -145
    },
    "2012-12-31": {
        "Diluted EPS": -4.76,
        "Total Revenue": NaN,
        "Gross Profit": 776,
        "Operating Income": 108,
        "EBIT": 302,
        "Net Income": NaN
    },
    "2012-09-30": {
        "Diluted EPS": 1.54,
        "Total Revenue": NaN,
        "Gross Profit": NaN,
        "Operating Income": 578,
        "EBIT": 757,
        "Net Income": 374
    },
    "2012-06-30": {
        "Diluted EPS": 0.87,
        "Total Revenue": NaN,
        "Gross Profit": NaN,
        "Operating Income": 344,
        "EBIT": 526,
        "Net Income": 211
    },
    "2012-03-31": {
        "Diluted EPS": -1.66,
        "Total Revenue": NaN,
        "Gross Profit": 807,
        "Operating Income": 158,
        "EBIT": 339,
        "Net Income": -403
    },
    "2011-12-31": {
        "Diluted EPS": 0.11,
        "Total Revenue": 195,
        "Gross Profit": 233,
        "Operating Income": -60,
        "EBIT": -7,
        "Net Income": 25
    },
    "2011-09-30": {
        "Diluted EPS": 1.18,
        "Total Revenue": NaN,
        "Gross Profit": NaN,
        "Operating Income": 550,
        "EBIT": 757,
        "Net Income": 285
    },
    "2011-06-30": {
        "Diluted EPS": 0.57,
        "Total Revenue": NaN,
        "Gross Profit": NaN,
        "Operating Income": 316,
        "EBIT": 526,
        "Net Income": 138
    },
    "2011-03-31": {
        "Diluted EPS": 0.29,
        "Total Revenue": NaN,
        "Gross Profit": NaN,
        "Operating Income": 227,
        "EBIT": 436,
        "Net Income": 71
    },
    "2010-12-31": {
        "Diluted EPS": 0.21,
        "Total Revenue": NaN,
        "Gross Profit": 963,
        "Operating Income": 198,
        "EBIT": 378,
        "Net Income": 52
    },
    "2010-09-30": {
        "Diluted EPS": -0.7,
        "Total Revenue": NaN,
        "Gross Profit": NaN,
        "Operating Income": 89,
        "EBIT": 314,
        "Net Income": -167
    },
    "2010-06-30": {
        "Diluted EPS": 0.64,
        "Total Revenue": NaN,
        "Gross Profit": NaN,
        "Operating Income": 331,
        "EBIT": 537,
        "Net Income": 152
    },
    "2010-03-31": {
        "Diluted EPS": 0.43,
        "Total Revenue": NaN,
        "Gross Profit": NaN,
        "Operating Income": 298,
        "EBIT": 510,
        "Net Income": 102
    },
    "2009-12-31": {
        "Diluted EPS": 0.31,
        "Total Revenue": NaN,
        "Gross Profit": NaN,
        "Operating Income": 245,
        "EBIT": 418,
        "Net Income": 79
    },
    "2009-09-30": {
        "Diluted EPS": 1.04,
        "Total Revenue": NaN,
        "Gross Profit": NaN,
        "Operating Income": 485,
        "EBIT": 702,
        "Net Income": 227
    },
    "2009-06-30": {
        "Diluted EPS": 0.77,
        "Total Revenue": NaN,
        "Gross Profit": NaN,
        "Operating Income": 365,
        "EBIT": 569,
        "Net Income": 165
    },
    "2009-03-31": {
        "Diluted EPS": 0.66,
        "Total Revenue": NaN,
        "Gross Profit": NaN,
        "Operating Income": 321,
        "EBIT": 513,
        "Net Income": 141
    },
    "2023-09-30": {
        "Tax Effect Of Unusual Items": NaN,
        "Tax Rate For Calcs": NaN,
        "Normalized EBITDA": NaN,
        "Total Unusual Items": NaN,
        "Total Unusual Items Excluding Goodwill": NaN,
        "Net Income From Continuing Operation Net Minority Interest": NaN,
        "Reconciled Depreciation": NaN,
        "Reconciled Cost Of Revenue": NaN,
        "EBITDA": NaN,
        "EBIT": NaN,
        "Net Interest Income": NaN,
        "Interest Expense": NaN,
        "Interest Income": NaN,
        "Normalized Income": NaN,
        "Net Income From Continuing And Discontinued Operation": NaN,
        "Total Expenses": NaN,
        "Total Operating Income As Reported": NaN,
        "Diluted Average Shares": NaN,
        "Basic Average Shares": NaN,
        "Diluted EPS": NaN,
        "Basic EPS": NaN,
        "Diluted NI Availto Com Stockholders": NaN,
        "Net Income Common Stockholders": NaN,
        "Net Income": NaN,
        "Minority Interests": NaN,
        "Net Income Including Noncontrolling Interests": NaN,
        "Net Income Continuous Operations": NaN,
        "Tax Provision": NaN,
        "Pretax Income": NaN,
        "Other Income Expense": NaN,
        "Other Non Operating Income Expenses": NaN,
        "Special Income Charges": NaN,
        "Other Special Charges": NaN,
        "Earnings From Equity Interest": NaN,
        "Net Non Operating Interest Income Expense": NaN,
        "Interest Expense Non Operating": NaN,
        "Interest Income Non Operating": NaN,
        "Operating Income": NaN,
        "Operating Expense": NaN,
        "Other Taxes": NaN,
        "Depreciation Amortization Depletion Income Statement": NaN,
        "Depreciation And Amortization In Income Statement": NaN,
        "Selling General And Administration": -84000000.0,
        "General And Administrative Expense": -84000000.0,
        "Salaries And Wages": -84000000.0,
        "Gross Profit": NaN,
        "Cost Of Revenue": NaN,
        "Total Revenue": NaN,
        "Operating Revenue": NaN
    },
    "2023-12-31": {
        "Tax Effect Of Unusual Items": NaN,
        "Tax Rate For Calcs": NaN,
        "Normalized EBITDA": NaN,
        "Total Unusual Items": NaN,
        "Total Unusual Items Excluding Goodwill": NaN,
        "Net Income From Continuing Operation Net Minority Interest": NaN,
        "Reconciled Depreciation": NaN,
        "Reconciled Cost Of Revenue": NaN,
        "EBITDA": NaN,
        "EBIT": NaN,
        "Net Interest Income": NaN,
        "Interest Expense": NaN,
        "Interest Income": NaN,
        "Normalized Income": NaN,
        "Net Income From Continuing And Discontinued Operation": NaN,
        "Total Expenses": NaN,
        "Total Operating Income As Reported": NaN,
        "Diluted Average Shares": NaN,
        "Basic Average Shares": NaN,
        "Diluted EPS": NaN,
        "Basic EPS": NaN,
        "Diluted NI Availto Com Stockholders": NaN,
        "Net Income Common Stockholders": NaN,
        "Net Income": NaN,
        "Minority Interests": NaN,
        "Net Income Including Noncontrolling Interests": NaN,
        "Net Income Continuous Operations": NaN,
        "Tax Provision": NaN,
        "Pretax Income": NaN,
        "Other Income Expense": NaN,
        "Other Non Operating Income Expenses": NaN,
        "Special Income Charges": NaN,
        "Other Special Charges": NaN,
        "Earnings From Equity Interest": NaN,
        "Net Non Operating Interest Income Expense": NaN,
        "Interest Expense Non Operating": NaN,
        "Interest Income Non Operating": NaN,
        "Operating Income": NaN,
        "Operating Expense": NaN,
        "Other Taxes": NaN,
        "Depreciation Amortization Depletion Income Statement": NaN,
        "Depreciation And Amortization In Income Statement": NaN,
        "Selling General And Administration": -84000000.0,
        "General And Administrative Expense": -84000000.0,
        "Salaries And Wages": -84000000.0,
        "Gross Profit": NaN,
        "Cost Of Revenue": NaN,
        "Total Revenue": NaN,
        "Operating Revenue": NaN
    },
    "2024-03-31": {
        "Tax Effect Of Unusual Items": NaN,
        "Tax Rate For Calcs": NaN,
        "Normalized EBITDA": NaN,
        "Total Unusual Items": NaN,
        "Total Unusual Items Excluding Goodwill": NaN,
        "Net Income From Continuing Operation Net Minority Interest": NaN,
        "Reconciled Depreciation": NaN,
        "Reconciled Cost Of Revenue": NaN,
        "EBITDA": NaN,
        "EBIT": NaN,
        "Net Interest Income": NaN,
        "Interest Expense": NaN,
        "Interest Income": NaN,
        "Normalized Income": NaN,
        "Net Income From Continuing And Discontinued Operation": NaN,
        "Total Expenses": NaN,
        "Total Operating Income As Reported": NaN,
        "Diluted Average Shares": NaN,
        "Basic Average Shares": NaN,
        "Diluted EPS": NaN,
        "Basic EPS": NaN,
        "Diluted NI Availto Com Stockholders": NaN,
        "Net Income Common Stockholders": NaN,
        "Net Income": NaN,
        "Minority Interests": NaN,
        "Net Income Including Noncontrolling Interests": NaN,
        "Net Income Continuous Operations": NaN,
        "Tax Provision": NaN,
        "Pretax Income": NaN,
        "Other Income Expense": NaN,
        "Other Non Operating Income Expenses": NaN,
        "Special Income Charges": NaN,
        "Other Special Charges": NaN,
        "Earnings From Equity Interest": NaN,
        "Net Non Operating Interest Income Expense": NaN,
        "Interest Expense Non Operating": NaN,
        "Interest Income Non Operating": NaN,
        "Operating Income": NaN,
        "Operating Expense": NaN,
        "Other Taxes": NaN,
        "Depreciation Amortization Depletion Income Statement": NaN,
        "Depreciation And Amortization In Income Statement": NaN,
        "Selling General And Administration": -76000000.0,
        "General And Administrative Expense": -76000000.0,
        "Salaries And Wages": -76000000.0,
        "Gross Profit": NaN,
        "Cost Of Revenue": NaN,
        "Total Revenue": NaN,
        "Operating Revenue": NaN
    },
    "2024-06-30": {
        "Tax Effect Of Unusual Items": 2086956.521739,
        "Tax Rate For Calcs": 0.130435,
        "Normalized EBITDA": 849000000.0,
        "Total Unusual Items": 16000000.0,
        "Total Unusual Items Excluding Goodwill": 16000000.0,
        "Net Income From Continuing Operation Net Minority Interest": 258000000.0,
        "Reconciled Depreciation": 401000000.0,
        "Reconciled Cost Of Revenue": 800000000.0,
        "EBITDA": 865000000.0,
        "EBIT": 464000000.0,
        "Net Interest Income": -152000000.0,
        "Interest Expense": 165000000.0,
        "Interest Income": 13000000.0,
        "Normalized Income": 244086956.521739,
        "Net Income From Continuing And Discontinued Operation": 258000000.0,
        "Total Expenses": 1332000000.0,
        "Total Operating Income As Reported": 361000000.0,
        "Diluted Average Shares": 266800000.0,
        "Basic Average Shares": 266700000.0,
        "Diluted EPS": 0.97,
        "Basic EPS": 0.97,
        "Diluted NI Availto Com Stockholders": 258000000.0,
        "Net Income Common Stockholders": 258000000.0,
        "Net Income": 258000000.0,
        "Minority Interests": -2000000.0,
        "Net Income Including Noncontrolling Interests": 260000000.0,
        "Net Income Continuous Operations": 260000000.0,
        "Tax Provision": 39000000.0,
        "Pretax Income": 299000000.0,
        "Other Income Expense": 90000000.0,
        "Other Non Operating Income Expenses": 73000000.0,
        "Special Income Charges": 16000000.0,
        "Other Special Charges": -16000000.0,
        "Earnings From Equity Interest": 1000000.0,
        "Net Non Operating Interest Income Expense": -152000000.0,
        "Interest Expense Non Operating": 165000000.0,
        "Interest Income Non Operating": 13000000.0,
        "Operating Income": 361000000.0,
        "Operating Expense": 507000000.0,
        "Other Taxes": 131000000.0,
        "Depreciation Amortization Depletion Income Statement": 376000000.0,
        "Depreciation And Amortization In Income Statement": 376000000.0,
        "Selling General And Administration": -76000000.0,
        "General And Administrative Expense": -76000000.0,
        "Salaries And Wages": -76000000.0,
        "Gross Profit": 868000000.0,
        "Cost Of Revenue": 825000000.0,
        "Total Revenue": 1693000000.0,
        "Operating Revenue": 1693000000.0
    },
    "2024-09-30": {
        "Tax Effect Of Unusual Items": 2550583.657588,
        "Tax Rate For Calcs": 0.110895,
        "Normalized EBITDA": 1067000000.0,
        "Total Unusual Items": 23000000.0,
        "Total Unusual Items Excluding Goodwill": 23000000.0,
        "Net Income From Continuing Operation Net Minority Interest": 456000000.0,
        "Reconciled Depreciation": 403000000.0,
        "Reconciled Cost Of Revenue": 1034000000.0,
        "EBITDA": 1090000000.0,
        "EBIT": 687000000.0,
        "Net Interest Income": -165000000.0,
        "Interest Expense": 173000000.0,
        "Interest Income": 8000000.0,
        "Normalized Income": 435550583.657588,
        "Net Income From Continuing And Discontinued Operation": 456000000.0,
        "Total Expenses": 1587000000.0,
        "Total Operating Income As Reported": 586000000.0,
        "Diluted Average Shares": 267300000.0,
        "Basic Average Shares": 266800000.0,
        "Diluted EPS": 1.7,
        "Basic EPS": 1.71,
        "Diluted NI Availto Com Stockholders": 456000000.0,
        "Net Income Common Stockholders": 456000000.0,
        "Net Income": 456000000.0,
        "Minority Interests": -1000000.0,
        "Net Income Including Noncontrolling Interests": 457000000.0,
        "Net Income Continuous Operations": 457000000.0,
        "Tax Provision": 57000000.0,
        "Pretax Income": 514000000.0,
        "Other Income Expense": 93000000.0,
        "Other Non Operating Income Expenses": 72000000.0,
        "Special Income Charges": 23000000.0,
        "Other Special Charges": -23000000.0,
        "Earnings From Equity Interest": -2000000.0,
        "Net Non Operating Interest Income Expense": -165000000.0,
        "Interest Expense Non Operating": 173000000.0,
        "Interest Income Non Operating": 8000000.0,
        "Operating Income": 586000000.0,
        "Operating Expense": 538000000.0,
        "Other Taxes": 150000000.0,
        "Depreciation Amortization Depletion Income Statement": 388000000.0,
        "Depreciation And Amortization In Income Statement": 388000000.0,
        "Selling General And Administration": -76000000.0,
        "General And Administrative Expense": -76000000.0,
        "Salaries And Wages": -76000000.0,
        "Gross Profit": 1124000000.0,
        "Cost Of Revenue": 1049000000.0,
        "Total Revenue": 2173000000.0,
        "Operating Revenue": 2173000000.0
    },
    "2024-12-31": {
        "Tax Effect Of Unusual Items": 9240000.0,
        "Tax Rate For Calcs": 0.21,
        "Normalized EBITDA": 743000000.0,
        "Total Unusual Items": 44000000.0,
        "Total Unusual Items Excluding Goodwill": 44000000.0,
        "Net Income From Continuing Operation Net Minority Interest": 207000000.0,
        "Reconciled Depreciation": 404000000.0,
        "Reconciled Cost Of Revenue": 1208000000.0,
        "EBITDA": 787000000.0,
        "EBIT": 322000000.0,
        "Net Interest Income": -159000000.0,
        "Interest Expense": 171000000.0,
        "Interest Income": 12000000.0,
        "Normalized Income": 172240000.0,
        "Net Income From Continuing And Discontinued Operation": 207000000.0,
        "Total Expenses": 1743000000.0,
        "Total Operating Income As Reported": 198000000.0,
        "Diluted Average Shares": 268900000.0,
        "Basic Average Shares": 267400000.0,
        "Diluted EPS": 0.77,
        "Basic EPS": 0.77,
        "Diluted NI Availto Com Stockholders": 207000000.0,
        "Net Income Common Stockholders": 207000000.0,
        "Net Income": 207000000.0,
        "Minority Interests": -1000000.0,
        "Net Income Including Noncontrolling Interests": 208000000.0,
        "Net Income Continuous Operations": 208000000.0,
        "Tax Provision": -57000000.0,
        "Pretax Income": 151000000.0,
        "Other Income Expense": 112000000.0,
        "Other Non Operating Income Expenses": 71000000.0,
        "Special Income Charges": 44000000.0,
        "Other Special Charges": -44000000.0,
        "Earnings From Equity Interest": -3000000.0,
        "Net Non Operating Interest Income Expense": -159000000.0,
        "Interest Expense Non Operating": 171000000.0,
        "Interest Income Non Operating": 12000000.0,
        "Operating Income": 198000000.0,
        "Operating Expense": 596000000.0,
        "Other Taxes": 131000000.0,
        "Depreciation Amortization Depletion Income Statement": 465000000.0,
        "Depreciation And Amortization In Income Statement": 465000000.0,
        "Selling General And Administration": NaN,
        "General And Administrative Expense": NaN,
        "Salaries And Wages": NaN,
        "Gross Profit": 794000000.0,
        "Cost Of Revenue": 1147000000.0,
        "Total Revenue": 1941000000.0,
        "Operating Revenue": 1941000000.0
    },
    "2025-03-31": {
        "Tax Effect Of Unusual Items": 2240000.0,
        "Tax Rate For Calcs": 0.14,
        "Normalized EBITDA": 914000000.0,
        "Total Unusual Items": 16000000.0,
        "Total Unusual Items Excluding Goodwill": 16000000.0,
        "Net Income From Continuing Operation Net Minority Interest": 289000000.0,
        "Reconciled Depreciation": 415000000.0,
        "Reconciled Cost Of Revenue": 1108000000.0,
        "EBITDA": 930000000.0,
        "EBIT": 515000000.0,
        "Net Interest Income": -164000000.0,
        "Interest Expense": 175000000.0,
        "Interest Income": 11000000.0,
        "Normalized Income": 275240000.0,
        "Net Income From Continuing And Discontinued Operation": 289000000.0,
        "Total Expenses": 1667000000.0,
        "Total Operating Income As Reported": 430000000.0,
        "Diluted Average Shares": 271400000.0,
        "Basic Average Shares": 270000000.0,
        "Diluted EPS": 1.07,
        "Basic EPS": 1.07,
        "Diluted NI Availto Com Stockholders": 289000000.0,
        "Net Income Common Stockholders": 289000000.0,
        "Net Income": 289000000.0,
        "Minority Interests": -1000000.0,
        "Net Income Including Noncontrolling Interests": 290000000.0,
        "Net Income Continuous Operations": 290000000.0,
        "Tax Provision": 50000000.0,
        "Pretax Income": 340000000.0,
        "Other Income Expense": 74000000.0,
        "Other Non Operating Income Expenses": 62000000.0,
        "Special Income Charges": 16000000.0,
        "Other Special Charges": -16000000.0,
        "Earnings From Equity Interest": -4000000.0,
        "Net Non Operating Interest Income Expense": -164000000.0,
        "Interest Expense Non Operating": 175000000.0,
        "Interest Income Non Operating": 11000000.0,
        "Operating Income": 430000000.0,
        "Operating Expense": 511000000.0,
        "Other Taxes": 144000000.0,
        "Depreciation Amortization Depletion Income Statement": 367000000.0,
        "Depreciation And Amortization In Income Statement": 367000000.0,
        "Selling General And Administration": NaN,
        "General And Administrative Expense": NaN,
        "Salaries And Wages": NaN,
        "Gross Profit": 941000000.0,
        "Cost Of Revenue": 1156000000.0,
        "Total Revenue": 2097000000.0,
        "Operating Revenue": 2097000000.0
    },
    "2025-06-30": {
        "Tax Effect Of Unusual Items": 4165625.0,
        "Tax Rate For Calcs": 0.134375,
        "Normalized EBITDA": 874000000.0,
        "Total Unusual Items": 31000000.0,
        "Total Unusual Items Excluding Goodwill": 31000000.0,
        "Net Income From Continuing Operation Net Minority Interest": 275000000.0,
        "Reconciled Depreciation": 398000000.0,
        "Reconciled Cost Of Revenue": 1281000000.0,
        "EBITDA": 905000000.0,
        "EBIT": 507000000.0,
        "Net Interest Income": -177000000.0,
        "Interest Expense": 187000000.0,
        "Interest Income": 10000000.0,
        "Normalized Income": 248165625.0,
        "Net Income From Continuing And Discontinued Operation": 275000000.0,
        "Total Expenses": 1810000000.0,
        "Total Operating Income As Reported": 411000000.0,
        "Diluted Average Shares": 271600000.0,
        "Basic Average Shares": 270300000.0,
        "Diluted EPS": 1.01,
        "Basic EPS": 1.02,
        "Diluted NI Availto Com Stockholders": 275000000.0,
        "Net Income Common Stockholders": 275000000.0,
        "Net Income": 275000000.0,
        "Minority Interests": -2000000.0,
        "Net Income Including Noncontrolling Interests": 277000000.0,
        "Net Income Continuous Operations": 277000000.0,
        "Tax Provision": 43000000.0,
        "Pretax Income": 320000000.0,
        "Other Income Expense": 86000000.0,
        "Other Non Operating Income Expenses": 61000000.0,
        "Special Income Charges": 31000000.0,
        "Other Special Charges": -31000000.0,
        "Earnings From Equity Interest": -6000000.0,
        "Net Non Operating Interest Income Expense": -177000000.0,
        "Interest Expense Non Operating": 187000000.0,
        "Interest Income Non Operating": 10000000.0,
        "Operating Income": 411000000.0,
        "Operating Expense": 517000000.0,
        "Other Taxes": 131000000.0,
        "Depreciation Amortization Depletion Income Statement": 386000000.0,
        "Depreciation And Amortization In Income Statement": 386000000.0,
        "Selling General And Administration": NaN,
        "General And Administrative Expense": NaN,
        "Salaries And Wages": NaN,
        "Gross Profit": 928000000.0,
        "Cost Of Revenue": 1293000000.0,
        "Total Revenue": 2221000000.0,
        "Operating Revenue": 2221000000.0
    }
}