{
    "2022-12-31": {
        "Tax Effect Of Unusual Items": -4078740.15748,
        "Tax Rate For Calcs": 0.226597,
        "Total Unusual Items": -18000000.0,
        "Total Unusual Items Excluding Goodwill": -18000000.0,
        "Net Income From Continuing Operation Net Minority Interest": -873000000.0,
        "Reconciled Depreciation": 339000000.0,
        "EBIT": -1111000000.0,
        "Net Interest Income": -32000000.0,
        "Interest Expense": 32000000.0,
        "Interest Income": -45000000.0,
        "Normalized Income": -859078740.15748,
        "Net Income From Continuing And Discontinued Operation": -1252000000.0,
        "Total Expenses": 21703000000.0,
        "Diluted Average Shares": NaN,
        "Basic Average Shares": NaN,
        "Diluted EPS": NaN,
        "Basic EPS": NaN,
        "Diluted NI Availto Com Stockholders": -1269000000.0,
        "Net Income Common Stockholders": -1269000000.0,
        "Otherunder Preferred Stock Dividend": 17000000.0,
        "Net Income": -1252000000.0,
        "Minority Interests": 10000000.0,
        "Net Income Including Noncontrolling Interests": -1263000000.0,
        "Net Income Discontinuous Operations": NaN,
        "Net Income Continuous Operations": -884000000.0,
        "Tax Provision": -259000000.0,
        "Pretax Income": -1143000000.0,
        "Other Income Expense": -50000000.0,
        "Special Income Charges": -18000000.0,
        "Write Off": 18000000.0,
        "Net Non Operating Interest Income Expense": -32000000.0,
        "Interest Expense Non Operating": 32000000.0,
        "Other Operating Expenses": 544000000.0,
        "Depreciation And Amortization In Income Statement": -712000000.0,
        "Amortization": -712000000.0,
        "Selling General And Administration": 256000000.0,
        "General And Administrative Expense": 256000000.0,
        "Other Gand A": 122000000.0,
        "Salaries And Wages": 134000000.0,
        "Total Revenue": 20558000000.0,
        "Operating Revenue": 20558000000.0,
        "Loss Adjustment Expense": 20298000000.0,
        "Net Policyholder Benefits And Claims": 20298000000.0,
        "Policyholder Benefits Gross": 21504000000.0,
        "Policyholder Benefits Ceded": 1206000000.0
    },
    "2022-09-30": {
        "Tax Effect Of Unusual Items": 1771159.874608,
        "Tax Rate For Calcs": 0.354232,
        "Total Unusual Items": 5000000.0,
        "Total Unusual Items Excluding Goodwill": 5000000.0,
        "Net Income From Continuing Operation Net Minority Interest": -200000000.0,
        "Reconciled Depreciation": 751000000.0,
        "EBIT": -202000000.0,
        "Net Interest Income": -117000000.0,
        "Interest Expense": 117000000.0,
        "Interest Income": 1751000000.0,
        "Normalized Income": -203228840.125392,
        "Net Income From Continuing And Discontinued Operation": -200000000.0,
        "Total Expenses": -3576000000.0,
        "Diluted Average Shares": 2551000000.0,
        "Basic Average Shares": 2551000000.0,
        "Diluted EPS": -0.1,
        "Basic EPS": -0.1,
        "Diluted NI Availto Com Stockholders": -204000000.0,
        "Net Income Common Stockholders": -204000000.0,
        "Otherunder Preferred Stock Dividend": 4000000.0,
        "Net Income": -200000000.0,
        "Minority Interests": 6000000.0,
        "Net Income Including Noncontrolling Interests": -206000000.0,
        "Net Income Discontinuous Operations": NaN,
        "Net Income Continuous Operations": -206000000.0,
        "Tax Provision": -113000000.0,
        "Pretax Income": -319000000.0,
        "Other Income Expense": 29000000.0,
        "Special Income Charges": 5000000.0,
        "Write Off": -5000000.0,
        "Net Non Operating Interest Income Expense": -117000000.0,
        "Interest Expense Non Operating": 117000000.0,
        "Other Operating Expenses": -7000000.0,
        "Depreciation And Amortization In Income Statement": 259000000.0,
        "Amortization": 259000000.0,
        "Selling General And Administration": 913000000.0,
        "General And Administrative Expense": 913000000.0,
        "Other Gand A": 374000000.0,
        "Salaries And Wages": 539000000.0,
        "Total Revenue": -3896000000.0,
        "Operating Revenue": -3896000000.0
    },
    "2022-06-30": {
        "Tax Effect Of Unusual Items": -6070484.581498,
        "Tax Rate For Calcs": 0.23348,
        "Total Unusual Items": -26000000.0,
        "Total Unusual Items Excluding Goodwill": -26000000.0,
        "Net Income From Continuing Operation Net Minority Interest": -365000000.0,
        "Reconciled Depreciation": 279000000.0,
        "EBIT": -356000000.0,
        "Net Interest Income": -98000000.0,
        "Interest Expense": 98000000.0,
        "Interest Income": 1844000000.0,
        "Normalized Income": -345070484.581498,
        "Net Income From Continuing And Discontinued Operation": -365000000.0,
        "Total Expenses": -22810000000.0,
        "Diluted Average Shares": 1810000000.0,
        "Basic Average Shares": 1810000000.0,
        "Diluted EPS": -0.1,
        "Basic EPS": -0.1,
        "Diluted NI Availto Com Stockholders": -379000000.0,
        "Net Income Common Stockholders": -379000000.0,
        "Otherunder Preferred Stock Dividend": 14000000.0,
        "Net Income": -365000000.0,
        "Minority Interests": -18000000.0,
        "Net Income Including Noncontrolling Interests": -348000000.0,
        "Net Income Discontinuous Operations": NaN,
        "Net Income Continuous Operations": -348000000.0,
        "Tax Provision": -106000000.0,
        "Pretax Income": -454000000.0,
        "Other Income Expense": 31000000.0,
        "Special Income Charges": -26000000.0,
        "Write Off": 26000000.0,
        "Net Non Operating Interest Income Expense": -98000000.0,
        "Interest Expense Non Operating": 98000000.0,
        "Other Operating Expenses": 67000000.0,
        "Depreciation And Amortization In Income Statement": 327000000.0,
        "Amortization": 327000000.0,
        "Selling General And Administration": 886000000.0,
        "General And Administrative Expense": 886000000.0,
        "Other Gand A": 363000000.0,
        "Salaries And Wages": 523000000.0,
        "Total Revenue": -23265000000.0,
        "Operating Revenue": -23265000000.0
    },
    "2022-03-31": {
        "Diluted EPS": 0.21,
        "Total Revenue": NaN,
        "Gross Profit": NaN,
        "Operating Income": 413,
        "EBIT": 783,
        "Net Income": 432
    },
    "2021-12-31": {
        "Diluted EPS": 0.23,
        "Total Revenue": NaN,
        "Gross Profit": NaN,
        "Operating Income": NaN,
        "EBIT": NaN,
        "Net Income": 913
    },
    "2021-09-30": {
        "Diluted EPS": -0.05,
        "Total Revenue": NaN,
        "Gross Profit": NaN,
        "Operating Income": -153,
        "EBIT": 538,
        "Net Income": -93
    },
    "2021-06-30": {
        "Diluted EPS": 0.48,
        "Total Revenue": NaN,
        "Gross Profit": NaN,
        "Operating Income": NaN,
        "EBIT": NaN,
        "Net Income": NaN
    },
    "2021-03-31": {
        "Diluted EPS": 0.22,
        "Total Revenue": NaN,
        "Gross Profit": NaN,
        "Operating Income": 610,
        "EBIT": 940,
        "Net Income": 462
    },
    "2020-06-30": {
        "Diluted EPS": 0.0,
        "Total Revenue": NaN,
        "Gross Profit": NaN,
        "Operating Income": NaN,
        "Net Income": NaN
    },
    "2017-12-31": {
        "Diluted EPS": 0.3,
        "Total Revenue": NaN,
        "Gross Profit": -507,
        "Operating Income": NaN,
        "EBIT": NaN,
        "Net Income": NaN
    },
    "2017-09-30": {
        "Diluted EPS": 0.26,
        "Total Revenue": NaN,
        "Gross Profit": NaN,
        "Operating Income": 824,
        "EBIT": 824,
        "Net Income": 551
    },
    "2017-06-30": {
        "Diluted EPS": 0.28,
        "Total Revenue": NaN,
        "Gross Profit": NaN,
        "Operating Income": 896,
        "EBIT": 896,
        "Net Income": 549
    },
    "2017-03-31": {
        "Diluted EPS": 0.18,
        "Total Revenue": NaN,
        "Gross Profit": NaN,
        "Operating Income": 634,
        "EBIT": 634,
        "Net Income": 366
    },
    "2016-12-31": {
        "Diluted EPS": 0.1,
        "Total Revenue": NaN,
        "Gross Profit": NaN,
        "Operating Income": 539,
        "EBIT": 539,
        "Net Income": 288
    },
    "2016-09-30": {
        "Diluted EPS": 0.14,
        "Total Revenue": NaN,
        "Gross Profit": NaN,
        "Operating Income": 597,
        "EBIT": 597,
        "Net Income": 359
    },
    "2016-06-30": {
        "Diluted EPS": -0.17,
        "Total Revenue": NaN,
        "Gross Profit": NaN,
        "Operating Income": 433,
        "EBIT": 433,
        "Net Income": -469
    },
    "2016-03-31": {
        "Diluted EPS": 0.06,
        "Total Revenue": NaN,
        "Gross Profit": NaN,
        "Operating Income": 268,
        "EBIT": 268,
        "Net Income": 158
    },
    "2015-12-31": {
        "Diluted EPS": 0.2,
        "Total Revenue": NaN,
        "Gross Profit": NaN,
        "Operating Income": 799,
        "EBIT": 799,
        "Net Income": 705
    },
    "2015-09-30": {
        "Diluted EPS": -0.22,
        "Total Revenue": NaN,
        "Gross Profit": NaN,
        "Operating Income": 289,
        "EBIT": 289,
        "Net Income": -583
    },
    "2015-06-30": {
        "Diluted EPS": 0.17,
        "Total Revenue": NaN,
        "Gross Profit": NaN,
        "Operating Income": 456,
        "EBIT": 456,
        "Net Income": 352
    },
    "2015-03-31": {
        "Diluted EPS": 0.15,
        "Total Revenue": NaN,
        "Gross Profit": NaN,
        "Operating Income": 588,
        "EBIT": 588,
        "Net Income": 316
    },
    "2014-12-31": {
        "Diluted EPS": 0.22,
        "Total Revenue": NaN,
        "Gross Profit": NaN,
        "Operating Income": NaN,
        "EBIT": NaN,
        "Net Income": 454
    },
    "2014-09-30": {
        "Diluted EPS": 0.01,
        "Total Revenue": NaN,
        "Gross Profit": NaN,
        "Operating Income": NaN,
        "EBIT": NaN,
        "Net Income": 65
    },
    "2014-06-30": {
        "Diluted EPS": 0.2,
        "Total Revenue": NaN,
        "Gross Profit": NaN,
        "Operating Income": NaN,
        "EBIT": NaN,
        "Net Income": 458
    },
    "2014-03-31": {
        "Diluted EPS": 0.26,
        "Total Revenue": NaN,
        "Gross Profit": NaN,
        "Operating Income": NaN,
        "EBIT": NaN,
        "Net Income": 537
    },
    "2013-12-31": {
        "Diluted EPS": 0.08,
        "Total Revenue": NaN,
        "Gross Profit": NaN,
        "Operating Income": NaN,
        "EBIT": NaN,
        "Net Income": 237
    },
    "2013-09-30": {
        "Diluted EPS": 0.11,
        "Total Revenue": NaN,
        "Gross Profit": NaN,
        "Operating Income": NaN,
        "EBIT": NaN,
        "Net Income": 307
    },
    "2013-06-30": {
        "Diluted EPS": 0.09,
        "Total Revenue": NaN,
        "Gross Profit": NaN,
        "Operating Income": NaN,
        "EBIT": NaN,
        "Net Income": 322
    },
    "2013-03-31": {
        "Diluted EPS": 0.14,
        "Total Revenue": NaN,
        "Gross Profit": NaN,
        "Operating Income": NaN,
        "EBIT": NaN,
        "Net Income": 267
    },
    "2012-12-31": {
        "Diluted EPS": 0.29,
        "Total Revenue": NaN,
        "Gross Profit": NaN,
        "Operating Income": NaN,
        "EBIT": NaN,
        "Net Income": 564
    },
    "2012-09-30": {
        "Diluted EPS": 0.22,
        "Total Revenue": NaN,
        "Gross Profit": NaN,
        "Operating Income": NaN,
        "EBIT": NaN,
        "Net Income": 475
    },
    "2012-06-30": {
        "Diluted EPS": 0.1,
        "Total Revenue": NaN,
        "Gross Profit": NaN,
        "Operating Income": NaN,
        "EBIT": NaN,
        "Net Income": 315
    },
    "2012-03-31": {
        "Diluted EPS": 0.32,
        "Total Revenue": NaN,
        "Gross Profit": NaN,
        "Operating Income": NaN,
        "EBIT": NaN,
        "Net Income": 675
    },
    "2011-12-31": {
        "Diluted EPS": 0.02,
        "Total Revenue": NaN,
        "Gross Profit": 355,
        "Operating Income": NaN,
        "EBIT": NaN,
        "Net Income": 103
    },
    "2011-09-30": {
        "Diluted EPS": 0.01,
        "Total Revenue": NaN,
        "Gross Profit": NaN,
        "Operating Income": NaN,
        "EBIT": NaN,
        "Net Income": 85
    },
    "2011-06-30": {
        "Diluted EPS": -0.06,
        "Total Revenue": NaN,
        "Gross Profit": NaN,
        "Operating Income": NaN,
        "EBIT": NaN,
        "Net Income": 579
    },
    "2011-03-31": {
        "Diluted EPS": -0.07,
        "Total Revenue": NaN,
        "Gross Profit": -784,
        "Operating Income": -822,
        "EBIT": -822,
        "Net Income": -132
    },
    "2010-12-31": {
        "Diluted EPS": 0.22,
        "Total Revenue": NaN,
        "Gross Profit": NaN,
        "Operating Income": NaN,
        "EBIT": NaN,
        "Net Income": 432
    },
    "2010-09-30": {
        "Diluted EPS": 0.41,
        "Total Revenue": NaN,
        "Gross Profit": NaN,
        "Operating Income": NaN,
        "EBIT": NaN,
        "Net Income": 848
    },
    "2010-06-30": {
        "Diluted EPS": 0.2,
        "Total Revenue": NaN,
        "Gross Profit": NaN,
        "Operating Income": NaN,
        "EBIT": NaN,
        "Net Income": 527
    },
    "2010-03-31": {
        "Diluted EPS": 0.24,
        "Total Revenue": NaN,
        "Gross Profit": NaN,
        "Operating Income": NaN,
        "EBIT": NaN,
        "Net Income": 473
    },
    "2009-12-31": {
        "Diluted EPS": 0.17,
        "Total Revenue": NaN,
        "Gross Profit": NaN,
        "Operating Income": NaN,
        "EBIT": NaN,
        "Net Income": 580
    },
    "2009-09-30": {
        "Diluted EPS": 0.09,
        "Total Revenue": NaN,
        "Gross Profit": NaN,
        "Operating Income": NaN,
        "EBIT": NaN,
        "Net Income": 207
    },
    "2009-06-30": {
        "Diluted EPS": -0.29,
        "Total Revenue": NaN,
        "Gross Profit": NaN,
        "Operating Income": NaN,
        "EBIT": NaN,
        "Net Income": -219
    },
    "2009-03-31": {
        "Diluted EPS": -0.2,
        "Total Revenue": NaN,
        "Gross Profit": NaN,
        "Operating Income": NaN,
        "EBIT": NaN,
        "Net Income": -236
    },
    "2023-06-30": {
        "Tax Effect Of Unusual Items": 0.0,
        "Tax Rate For Calcs": 0.265985,
        "Total Unusual Items": -32000000.0,
        "Total Unusual Items Excluding Goodwill": -32000000.0,
        "Net Income From Continuing Operation Net Minority Interest": -283000000.0,
        "EBIT": -285000000.0,
        "Net Interest Income": 0.0,
        "Interest Expense": 106000000.0,
        "Interest Income": 921000000.0,
        "Normalized Income": -283000000.0,
        "Net Income From Continuing And Discontinued Operation": 67000000.0,
        "Total Expenses": 6487000000.0,
        "Diluted Average Shares": 2233333333.0,
        "Basic Average Shares": 2233333333.0,
        "Diluted EPS": 0.03,
        "Basic EPS": 0.03,
        "Diluted NI Availto Com Stockholders": 67000000.0,
        "Net Income Common Stockholders": 67000000.0,
        "Net Income": 67000000.0,
        "Minority Interests": 3000000.0,
        "Net Income Including Noncontrolling Interests": 64000000.0,
        "Net Income Discontinuous Operations": 350000000.0,
        "Net Income Continuous Operations": -287000000.0,
        "Tax Provision": -104000000.0,
        "Pretax Income": -391000000.0,
        "Special Income Charges": -32000000.0,
        "Write Off": 32000000.0,
        "Net Non Operating Interest Income Expense": 0.0,
        "Interest Expense Non Operating": 106000000.0,
        "Other Operating Expenses": 977000000.0,
        "Total Revenue": 6097000000.0,
        "Operating Revenue": 6097000000.0,
        "Loss Adjustment Expense": 5559000000.0,
        "Net Policyholder Benefits And Claims": 5559000000.0,
        "Policyholder Benefits Gross": 5710000000.0,
        "Policyholder Benefits Ceded": 151000000.0
    }
}