{
    "2023-05-31": {
        "Tax Effect Of Unusual Items": NaN,
        "Tax Rate For Calcs": NaN,
        "Normalized EBITDA": NaN,
        "Total Unusual Items": -3000.0,
        "Total Unusual Items Excluding Goodwill": -3000.0,
        "Net Income From Continuing Operation Net Minority Interest": NaN,
        "Reconciled Depreciation": NaN,
        "Reconciled Cost Of Revenue": NaN,
        "EBITDA": NaN,
        "EBIT": NaN,
        "Net Interest Income": NaN,
        "Interest Income": NaN,
        "Normalized Income": NaN,
        "Net Income From Continuing And Discontinued Operation": NaN,
        "Total Expenses": NaN,
        "Total Operating Income As Reported": NaN,
        "Diluted Average Shares": NaN,
        "Basic Average Shares": NaN,
        "Diluted EPS": NaN,
        "Basic EPS": NaN,
        "Diluted NI Availto Com Stockholders": NaN,
        "Net Income Common Stockholders": NaN,
        "Net Income": NaN,
        "Net Income Including Noncontrolling Interests": NaN,
        "Net Income Continuous Operations": NaN,
        "Tax Provision": NaN,
        "Pretax Income": NaN,
        "Other Income Expense": NaN,
        "Other Non Operating Income Expenses": NaN,
        "Special Income Charges": 0.0,
        "Net Non Operating Interest Income Expense": NaN,
        "Total Other Finance Cost": -487000.0,
        "Interest Income Non Operating": NaN,
        "Operating Income": NaN,
        "Operating Expense": NaN,
        "Research And Development": NaN,
        "Selling General And Administration": NaN,
        "Gross Profit": NaN,
        "Cost Of Revenue": NaN,
        "Total Revenue": NaN,
        "Operating Revenue": NaN
    },
    "2023-02-28": {
        "Tax Effect Of Unusual Items": NaN,
        "Tax Rate For Calcs": NaN,
        "Normalized EBITDA": NaN,
        "Total Unusual Items": 0.0,
        "Total Unusual Items Excluding Goodwill": 0.0,
        "Net Income From Continuing Operation Net Minority Interest": NaN,
        "Reconciled Depreciation": NaN,
        "Reconciled Cost Of Revenue": NaN,
        "EBITDA": NaN,
        "EBIT": NaN,
        "Net Interest Income": NaN,
        "Interest Income": NaN,
        "Normalized Income": NaN,
        "Net Income From Continuing And Discontinued Operation": NaN,
        "Total Expenses": NaN,
        "Total Operating Income As Reported": NaN,
        "Diluted Average Shares": NaN,
        "Basic Average Shares": NaN,
        "Diluted EPS": NaN,
        "Basic EPS": NaN,
        "Diluted NI Availto Com Stockholders": NaN,
        "Net Income Common Stockholders": NaN,
        "Net Income": NaN,
        "Net Income Including Noncontrolling Interests": NaN,
        "Net Income Continuous Operations": NaN,
        "Tax Provision": NaN,
        "Pretax Income": NaN,
        "Other Income Expense": NaN,
        "Other Non Operating Income Expenses": NaN,
        "Special Income Charges": 0.0,
        "Net Non Operating Interest Income Expense": NaN,
        "Total Other Finance Cost": -374000.0,
        "Interest Income Non Operating": NaN,
        "Operating Income": NaN,
        "Operating Expense": NaN,
        "Research And Development": NaN,
        "Selling General And Administration": NaN,
        "Gross Profit": NaN,
        "Cost Of Revenue": NaN,
        "Total Revenue": NaN,
        "Operating Revenue": NaN
    },
    "2022-11-30": {
        "Tax Effect Of Unusual Items": NaN,
        "Tax Rate For Calcs": NaN,
        "Normalized EBITDA": NaN,
        "Total Unusual Items": 0.0,
        "Total Unusual Items Excluding Goodwill": 0.0,
        "Net Income From Continuing Operation Net Minority Interest": NaN,
        "Reconciled Depreciation": NaN,
        "Reconciled Cost Of Revenue": NaN,
        "EBITDA": NaN,
        "EBIT": NaN,
        "Net Interest Income": NaN,
        "Interest Income": 263000.0,
        "Normalized Income": NaN,
        "Net Income From Continuing And Discontinued Operation": NaN,
        "Total Expenses": NaN,
        "Total Operating Income As Reported": NaN,
        "Diluted Average Shares": NaN,
        "Basic Average Shares": NaN,
        "Diluted EPS": NaN,
        "Basic EPS": NaN,
        "Diluted NI Availto Com Stockholders": NaN,
        "Net Income Common Stockholders": NaN,
        "Net Income": NaN,
        "Net Income Including Noncontrolling Interests": NaN,
        "Net Income Continuous Operations": NaN,
        "Tax Provision": NaN,
        "Pretax Income": NaN,
        "Other Income Expense": NaN,
        "Other Non Operating Income Expenses": NaN,
        "Special Income Charges": 0.0,
        "Net Non Operating Interest Income Expense": NaN,
        "Total Other Finance Cost": -263000.0,
        "Interest Income Non Operating": 263000.0,
        "Operating Income": NaN,
        "Operating Expense": NaN,
        "Research And Development": NaN,
        "Selling General And Administration": NaN,
        "Gross Profit": NaN,
        "Cost Of Revenue": NaN,
        "Total Revenue": NaN,
        "Operating Revenue": NaN
    },
    "2022-08-31": {
        "Tax Effect Of Unusual Items": NaN,
        "Tax Rate For Calcs": NaN,
        "Normalized EBITDA": NaN,
        "Total Unusual Items": 0.0,
        "Total Unusual Items Excluding Goodwill": 0.0,
        "Net Income From Continuing Operation Net Minority Interest": NaN,
        "Reconciled Depreciation": NaN,
        "Reconciled Cost Of Revenue": NaN,
        "EBITDA": NaN,
        "EBIT": NaN,
        "Net Interest Income": NaN,
        "Interest Income": NaN,
        "Normalized Income": NaN,
        "Net Income From Continuing And Discontinued Operation": NaN,
        "Total Expenses": NaN,
        "Total Operating Income As Reported": NaN,
        "Diluted Average Shares": NaN,
        "Basic Average Shares": NaN,
        "Diluted EPS": NaN,
        "Basic EPS": NaN,
        "Diluted NI Availto Com Stockholders": NaN,
        "Net Income Common Stockholders": NaN,
        "Net Income": NaN,
        "Net Income Including Noncontrolling Interests": NaN,
        "Net Income Continuous Operations": NaN,
        "Tax Provision": NaN,
        "Pretax Income": NaN,
        "Other Income Expense": NaN,
        "Other Non Operating Income Expenses": NaN,
        "Special Income Charges": 0.0,
        "Net Non Operating Interest Income Expense": NaN,
        "Total Other Finance Cost": -121000.0,
        "Interest Income Non Operating": NaN,
        "Operating Income": NaN,
        "Operating Expense": NaN,
        "Research And Development": NaN,
        "Selling General And Administration": NaN,
        "Gross Profit": NaN,
        "Cost Of Revenue": NaN,
        "Total Revenue": NaN,
        "Operating Revenue": NaN
    },
    "2022-05-31": {
        "Tax Effect Of Unusual Items": 0.0,
        "Tax Rate For Calcs": 0.001723,
        "Normalized EBITDA": 5820000.0,
        "Total Unusual Items": 0.0,
        "Total Unusual Items Excluding Goodwill": 0.0,
        "Net Income From Continuing Operation Net Minority Interest": 5794000.0,
        "Reconciled Depreciation": 81000.0,
        "Reconciled Cost Of Revenue": 9821000.0,
        "EBIT": 5820000.0,
        "Net Interest Income": 22000.0,
        "Normalized Income": 5794000.0,
        "Net Income From Continuing And Discontinued Operation": 5794000.0,
        "Total Expenses": 14469000.0,
        "Total Operating Income As Reported": 5820000.0,
        "Diluted Average Shares": 28566000.0,
        "Basic Average Shares": 27004000.0,
        "Diluted EPS": 0.2,
        "Basic EPS": 0.21,
        "Diluted NI Availto Com Stockholders": 5794000.0,
        "Net Income Common Stockholders": 5794000.0,
        "Net Income": 5794000.0,
        "Net Income Including Noncontrolling Interests": 5794000.0,
        "Net Income Continuous Operations": 5794000.0,
        "Tax Provision": 10000.0,
        "Pretax Income": 5804000.0,
        "Other Income Expense": -38000.0,
        "Other Non Operating Income Expenses": -38000.0,
        "Special Income Charges": 0.0,
        "Gain On Sale Of Business": 0.0,
        "Other Special Charges": 0.0,
        "Net Non Operating Interest Income Expense": 22000.0,
        "Total Other Finance Cost": -22000.0,
        "Operating Income": 5820000.0,
        "Operating Expense": 4648000.0,
        "Research And Development": 1655000.0,
        "Selling General And Administration": 2993000.0,
        "Gross Profit": 10468000.0,
        "Cost Of Revenue": 9821000.0,
        "Total Revenue": 20289000.0,
        "Operating Revenue": 20289000.0
    },
    "2022-02-28": {
        "Diluted EPS": 0.08,
        "Total Revenue": 15,
        "Gross Profit": 6,
        "Operating Income": 2,
        "EBIT": 2,
        "Net Income": 2
    },
    "2021-11-30": {
        "Diluted EPS": 0.03,
        "Total Revenue": 10,
        "Gross Profit": 5,
        "Operating Income": 1,
        "EBIT": 1,
        "Net Income": 1
    },
    "2021-08-31": {
        "Diluted EPS": 0.03,
        "Total Revenue": 6,
        "Gross Profit": 2,
        "Operating Income": -1,
        "EBIT": -1,
        "Net Income": 1
    },
    "2021-05-31": {
        "Diluted EPS": 0.02,
        "Total Revenue": 8,
        "Gross Profit": 4,
        "Operating Income": 1,
        "EBIT": 1,
        "Net Income": 1
    },
    "2021-02-28": {
        "Diluted EPS": -0.03,
        "Total Revenue": 5,
        "Gross Profit": 2,
        "Operating Income": -1,
        "EBIT": -1,
        "Net Income": -1
    },
    "2020-11-30": {
        "Diluted EPS": -0.08,
        "Total Revenue": 2,
        "Gross Profit": 0,
        "Operating Income": -2,
        "EBIT": -2,
        "Net Income": -2
    },
    "2020-08-31": {
        "Diluted EPS": 0.0,
        "Total Revenue": 2,
        "Gross Profit": 0,
        "Operating Income": -2,
        "EBIT": -2,
        "Net Income": 0
    },
    "2020-05-31": {
        "Diluted EPS": -0.12,
        "Total Revenue": 4,
        "Gross Profit": 0,
        "Operating Income": -3,
        "EBIT": -3,
        "Net Income": -3
    },
    "2020-02-29": {
        "Diluted EPS": 0.01,
        "Total Revenue": 6,
        "Gross Profit": 3,
        "Operating Income": 0,
        "EBIT": 0,
        "Net Income": 0
    },
    "2019-11-30": {
        "Diluted EPS": 0.01,
        "Total Revenue": 7,
        "Gross Profit": 3,
        "Operating Income": 0,
        "EBIT": 0,
        "Net Income": 0
    },
    "2019-08-31": {
        "Diluted EPS": -0.02,
        "Total Revenue": 6,
        "Gross Profit": 2,
        "Operating Income": 0,
        "EBIT": 0,
        "Net Income": 0
    },
    "2019-05-31": {
        "Diluted EPS": 0.01,
        "Total Revenue": 7,
        "Gross Profit": 3,
        "Operating Income": 0,
        "EBIT": 0,
        "Net Income": 0
    },
    "2019-02-28": {
        "Diluted EPS": -0.14,
        "Total Revenue": 3,
        "Gross Profit": 0,
        "Operating Income": -3,
        "EBIT": -3,
        "Net Income": -3
    },
    "2018-11-30": {
        "Diluted EPS": -0.03,
        "Total Revenue": 6,
        "Gross Profit": 2,
        "Operating Income": -1,
        "EBIT": 0,
        "Net Income": -1
    },
    "2018-08-31": {
        "Diluted EPS": -0.07,
        "Total Revenue": 5,
        "Gross Profit": 2,
        "Operating Income": -1,
        "EBIT": -1,
        "Net Income": -2
    },
    "2018-05-31": {
        "Diluted EPS": 0.01,
        "Total Revenue": 7,
        "Gross Profit": 3,
        "Operating Income": 0,
        "EBIT": 0,
        "Net Income": 0
    },
    "2018-02-28": {
        "Diluted EPS": 0.01,
        "Total Revenue": 7,
        "Gross Profit": 3,
        "Operating Income": 0,
        "EBIT": 0,
        "Net Income": 0
    },
    "2017-11-30": {
        "Diluted EPS": 0.0,
        "Total Revenue": 8,
        "Gross Profit": 3,
        "Operating Income": 0,
        "EBIT": 0,
        "Net Income": 0
    },
    "2017-08-31": {
        "Diluted EPS": 0.0,
        "Total Revenue": 7,
        "Gross Profit": 3,
        "Operating Income": 0,
        "EBIT": 0,
        "Net Income": 0
    },
    "2017-05-31": {
        "Diluted EPS": -0.04,
        "Total Revenue": 7,
        "Gross Profit": 3,
        "Operating Income": -1,
        "EBIT": -1,
        "Net Income": -1
    },
    "2017-02-28": {
        "Diluted EPS": -0.16,
        "Total Revenue": 3,
        "Gross Profit": 1,
        "Operating Income": -2,
        "EBIT": -2,
        "Net Income": -3
    },
    "2016-11-30": {
        "Diluted EPS": -0.09,
        "Total Revenue": 4,
        "Gross Profit": 1,
        "Operating Income": -1,
        "EBIT": -1,
        "Net Income": -1
    },
    "2016-08-31": {
        "Diluted EPS": -0.06,
        "Total Revenue": 5,
        "Gross Profit": 2,
        "Operating Income": -1,
        "EBIT": 0,
        "Net Income": -1
    },
    "2016-05-31": {
        "Diluted EPS": -0.23,
        "Total Revenue": 2,
        "Gross Profit": 0,
        "Operating Income": -3,
        "EBIT": -3,
        "Net Income": -3
    },
    "2016-02-29": {
        "Diluted EPS": -0.23,
        "Total Revenue": 2,
        "Gross Profit": 0,
        "Operating Income": -3,
        "EBIT": -3,
        "Net Income": -3
    },
    "2015-11-30": {
        "Diluted EPS": -0.08,
        "Total Revenue": 5,
        "Gross Profit": 2,
        "Operating Income": -1,
        "EBIT": -1,
        "Net Income": -1
    },
    "2015-08-31": {
        "Diluted EPS": 0.02,
        "Total Revenue": 7,
        "Gross Profit": 3,
        "Operating Income": 0,
        "EBIT": 1,
        "Net Income": 0
    },
    "2015-05-31": {
        "Diluted EPS": -0.15,
        "Total Revenue": 2,
        "Gross Profit": 1,
        "Operating Income": -2,
        "EBIT": -2,
        "Net Income": -2
    },
    "2015-02-28": {
        "Diluted EPS": -0.14,
        "Total Revenue": 2,
        "Gross Profit": 1,
        "Operating Income": -2,
        "EBIT": -2,
        "Net Income": -2
    },
    "2014-11-30": {
        "Diluted EPS": -0.18,
        "Total Revenue": 3,
        "Gross Profit": 1,
        "Operating Income": -2,
        "EBIT": -2,
        "Net Income": -2
    },
    "2014-08-31": {
        "Diluted EPS": -0.08,
        "Total Revenue": 4,
        "Gross Profit": 2,
        "Operating Income": -1,
        "EBIT": -1,
        "Net Income": -1
    },
    "2014-05-31": {
        "Diluted EPS": 0.03,
        "Total Revenue": 5,
        "Gross Profit": 3,
        "Operating Income": 0,
        "EBIT": 0,
        "Net Income": 0
    },
    "2014-02-28": {
        "Diluted EPS": 0.02,
        "Total Revenue": 6,
        "Gross Profit": 3,
        "Operating Income": 0,
        "EBIT": 0,
        "Net Income": 0
    },
    "2013-11-30": {
        "Diluted EPS": 0.01,
        "Total Revenue": 5,
        "Gross Profit": 2,
        "Operating Income": 0,
        "EBIT": 0,
        "Net Income": 0
    },
    "2013-08-31": {
        "Diluted EPS": -0.02,
        "Total Revenue": 4,
        "Gross Profit": 2,
        "Operating Income": 0,
        "EBIT": 0,
        "Net Income": 0
    },
    "2013-05-31": {
        "Diluted EPS": -0.08,
        "Total Revenue": 3,
        "Gross Profit": 1,
        "Operating Income": -1,
        "EBIT": -1,
        "Net Income": -1
    },
    "2013-02-28": {
        "Diluted EPS": -0.16,
        "Total Revenue": 3,
        "Gross Profit": 1,
        "Operating Income": -1,
        "EBIT": -1,
        "Net Income": -1
    },
    "2012-11-30": {
        "Diluted EPS": -0.09,
        "Total Revenue": 5,
        "Gross Profit": 2,
        "Operating Income": -1,
        "EBIT": -1,
        "Net Income": -1
    },
    "2012-08-31": {
        "Diluted EPS": -0.03,
        "Total Revenue": 5,
        "Gross Profit": 2,
        "Operating Income": 0,
        "EBIT": 0,
        "Net Income": 0
    },
    "2012-05-31": {
        "Diluted EPS": -0.09,
        "Total Revenue": 5,
        "Gross Profit": 2,
        "Operating Income": -1,
        "EBIT": -1,
        "Net Income": -1
    },
    "2012-02-29": {
        "Diluted EPS": -0.15,
        "Total Revenue": 3,
        "Gross Profit": 1,
        "Operating Income": -1,
        "EBIT": -1,
        "Net Income": -1
    },
    "2011-11-30": {
        "Diluted EPS": -0.15,
        "Total Revenue": 4,
        "Gross Profit": 1,
        "Operating Income": -1,
        "EBIT": -1,
        "Net Income": -1
    },
    "2011-08-31": {
        "Diluted EPS": 0.01,
        "Total Revenue": 4,
        "Gross Profit": 2,
        "Operating Income": -1,
        "EBIT": -1,
        "Net Income": 0
    },
    "2011-05-31": {
        "Diluted EPS": -0.02,
        "Total Revenue": 4,
        "Gross Profit": 2,
        "Operating Income": 0,
        "EBIT": 0,
        "Net Income": 0
    },
    "2011-02-28": {
        "Diluted EPS": -0.11,
        "Total Revenue": 4,
        "Gross Profit": 2,
        "Operating Income": -1,
        "EBIT": -1,
        "Net Income": -1
    },
    "2010-11-30": {
        "Diluted EPS": -0.09,
        "Total Revenue": 4,
        "Gross Profit": 1,
        "Operating Income": -1,
        "EBIT": -1,
        "Net Income": -1
    },
    "2010-08-31": {
        "Diluted EPS": -0.17,
        "Total Revenue": 2,
        "Gross Profit": 1,
        "Operating Income": -2,
        "EBIT": -1,
        "Net Income": -2
    },
    "2010-05-31": {
        "Diluted EPS": -0.1,
        "Total Revenue": 4,
        "Gross Profit": 2,
        "Operating Income": -1,
        "EBIT": -1,
        "Net Income": -1
    },
    "2010-02-28": {
        "Diluted EPS": 0.18,
        "Total Revenue": 5,
        "Gross Profit": 4,
        "Operating Income": 1,
        "EBIT": 2,
        "Net Income": 2
    },
    "2009-11-30": {
        "Diluted EPS": -0.25,
        "Total Revenue": 2,
        "Gross Profit": 0,
        "Operating Income": -2,
        "EBIT": -2,
        "Net Income": -2
    },
    "2009-08-31": {
        "Diluted EPS": 0.11,
        "Total Revenue": 1,
        "Gross Profit": 0,
        "Operating Income": 1,
        "EBIT": 1,
        "Net Income": 1
    },
    "2009-05-31": {
        "Diluted EPS": -0.47,
        "Total Revenue": 1,
        "Gross Profit": -2,
        "Operating Income": -4,
        "EBIT": -4,
        "Net Income": -4
    },
    "2009-02-28": {
        "Diluted EPS": -3.28,
        "Total Revenue": 1,
        "Gross Profit": -7,
        "Operating Income": -24,
        "EBIT": -24,
        "Net Income": -28
    },
    "2023-08-31": {
        "Tax Effect Of Unusual Items": NaN,
        "Tax Rate For Calcs": NaN,
        "Normalized EBITDA": NaN,
        "Net Income From Continuing Operation Net Minority Interest": NaN,
        "Reconciled Depreciation": NaN,
        "Reconciled Cost Of Revenue": NaN,
        "EBITDA": NaN,
        "EBIT": NaN,
        "Net Interest Income": NaN,
        "Interest Income": NaN,
        "Normalized Income": NaN,
        "Net Income From Continuing And Discontinued Operation": NaN,
        "Total Expenses": NaN,
        "Total Operating Income As Reported": NaN,
        "Diluted Average Shares": NaN,
        "Basic Average Shares": NaN,
        "Diluted EPS": NaN,
        "Basic EPS": NaN,
        "Diluted NI Availto Com Stockholders": NaN,
        "Net Income Common Stockholders": NaN,
        "Net Income": NaN,
        "Net Income Including Noncontrolling Interests": NaN,
        "Net Income Continuous Operations": NaN,
        "Tax Provision": NaN,
        "Pretax Income": NaN,
        "Other Income Expense": NaN,
        "Other Non Operating Income Expenses": NaN,
        "Net Non Operating Interest Income Expense": NaN,
        "Total Other Finance Cost": -581000.0,
        "Interest Income Non Operating": NaN,
        "Operating Income": NaN,
        "Operating Expense": NaN,
        "Research And Development": NaN,
        "Selling General And Administration": NaN,
        "Gross Profit": NaN,
        "Cost Of Revenue": NaN,
        "Total Revenue": NaN,
        "Operating Revenue": NaN
    },
    "2023-11-30": {
        "Tax Effect Of Unusual Items": 0.0,
        "Tax Rate For Calcs": 0.003,
        "Normalized EBITDA": 5778000.0,
        "Net Income From Continuing Operation Net Minority Interest": 6089000.0,
        "Reconciled Depreciation": 310000.0,
        "Reconciled Cost Of Revenue": 10473000.0,
        "EBITDA": 5778000.0,
        "EBIT": 5468000.0,
        "Net Interest Income": 631000.0,
        "Interest Income": 631000.0,
        "Normalized Income": 6089000.0,
        "Net Income From Continuing And Discontinued Operation": 6089000.0,
        "Total Expenses": 15963000.0,
        "Total Operating Income As Reported": 5468000.0,
        "Diluted Average Shares": 29769000.0,
        "Basic Average Shares": 28801000.0,
        "Diluted EPS": 0.2,
        "Basic EPS": 0.21,
        "Diluted NI Availto Com Stockholders": 6089000.0,
        "Net Income Common Stockholders": 6089000.0,
        "Net Income": 6089000.0,
        "Net Income Including Noncontrolling Interests": 6089000.0,
        "Net Income Continuous Operations": 6089000.0,
        "Tax Provision": 20000.0,
        "Pretax Income": 6109000.0,
        "Other Income Expense": 10000.0,
        "Other Non Operating Income Expenses": 10000.0,
        "Net Non Operating Interest Income Expense": 631000.0,
        "Total Other Finance Cost": NaN,
        "Interest Income Non Operating": 631000.0,
        "Operating Income": 5468000.0,
        "Operating Expense": 5490000.0,
        "Research And Development": 1972000.0,
        "Selling General And Administration": 3518000.0,
        "Gross Profit": 10958000.0,
        "Cost Of Revenue": 10473000.0,
        "Total Revenue": 21431000.0,
        "Operating Revenue": 21431000.0
    },
    "2024-02-29": {
        "Tax Effect Of Unusual Items": NaN,
        "Tax Rate For Calcs": NaN,
        "Normalized EBITDA": NaN,
        "Net Income From Continuing Operation Net Minority Interest": NaN,
        "Reconciled Depreciation": NaN,
        "Reconciled Cost Of Revenue": NaN,
        "EBITDA": NaN,
        "EBIT": NaN,
        "Net Interest Income": NaN,
        "Interest Income": NaN,
        "Normalized Income": NaN,
        "Net Income From Continuing And Discontinued Operation": NaN,
        "Total Expenses": NaN,
        "Total Operating Income As Reported": NaN,
        "Diluted Average Shares": 28866000.0,
        "Basic Average Shares": 28866000.0,
        "Diluted EPS": -0.05,
        "Basic EPS": -0.05,
        "Diluted NI Availto Com Stockholders": NaN,
        "Net Income Common Stockholders": NaN,
        "Net Income": NaN,
        "Net Income Including Noncontrolling Interests": NaN,
        "Net Income Continuous Operations": NaN,
        "Tax Provision": NaN,
        "Pretax Income": NaN,
        "Other Income Expense": NaN,
        "Other Non Operating Income Expenses": NaN,
        "Net Non Operating Interest Income Expense": NaN,
        "Interest Income Non Operating": NaN,
        "Operating Income": NaN,
        "Operating Expense": NaN,
        "Research And Development": NaN,
        "Selling General And Administration": NaN,
        "Gross Profit": NaN,
        "Cost Of Revenue": NaN,
        "Total Revenue": NaN,
        "Operating Revenue": NaN
    },
    "2024-05-31": {
        "Tax Effect Of Unusual Items": 0.0,
        "Tax Rate For Calcs": 0.21,
        "Normalized EBITDA": 2913000.0,
        "Net Income From Continuing Operation Net Minority Interest": 23864000.0,
        "Reconciled Depreciation": 372000.0,
        "Reconciled Cost Of Revenue": 8152000.0,
        "EBITDA": 2913000.0,
        "EBIT": 2541000.0,
        "Net Interest Income": 592000.0,
        "Interest Income": 592000.0,
        "Normalized Income": 23864000.0,
        "Net Income From Continuing And Discontinued Operation": 23864000.0,
        "Total Expenses": 14059000.0,
        "Total Operating Income As Reported": 2541000.0,
        "Diluted Average Shares": 29459000.0,
        "Basic Average Shares": 28953000.0,
        "Diluted EPS": 0.81,
        "Basic EPS": 0.82,
        "Diluted NI Availto Com Stockholders": 23864000.0,
        "Net Income Common Stockholders": 23864000.0,
        "Net Income": 23864000.0,
        "Net Income Including Noncontrolling Interests": 23864000.0,
        "Net Income Continuous Operations": 23864000.0,
        "Tax Provision": -20741000.0,
        "Pretax Income": 3123000.0,
        "Other Income Expense": -10000.0,
        "Other Non Operating Income Expenses": -10000.0,
        "Net Non Operating Interest Income Expense": 592000.0,
        "Interest Income Non Operating": 592000.0,
        "Operating Income": 2541000.0,
        "Operating Expense": 5907000.0,
        "Research And Development": 2151000.0,
        "Selling General And Administration": 3756000.0,
        "Gross Profit": 8448000.0,
        "Cost Of Revenue": 8152000.0,
        "Total Revenue": 16600000.0,
        "Operating Revenue": 16600000.0
    },
    "2024-08-31": {
        "Tax Effect Of Unusual Items": 0.0,
        "Tax Rate For Calcs": 0.189,
        "Normalized EBITDA": 725000.0,
        "Total Unusual Items": NaN,
        "Total Unusual Items Excluding Goodwill": NaN,
        "Net Income From Continuing Operation Net Minority Interest": 660000.0,
        "Reconciled Depreciation": 566000.0,
        "Reconciled Cost Of Revenue": 6041000.0,
        "EBITDA": 725000.0,
        "EBIT": 159000.0,
        "Net Interest Income": 681000.0,
        "Interest Income": 681000.0,
        "Normalized Income": 660000.0,
        "Net Income From Continuing And Discontinued Operation": 660000.0,
        "Total Expenses": 12960000.0,
        "Total Operating Income As Reported": 159000.0,
        "Diluted Average Shares": NaN,
        "Basic Average Shares": NaN,
        "Diluted EPS": NaN,
        "Basic EPS": NaN,
        "Diluted NI Availto Com Stockholders": 660000.0,
        "Net Income Common Stockholders": 660000.0,
        "Net Income": 660000.0,
        "Net Income Including Noncontrolling Interests": 660000.0,
        "Net Income Continuous Operations": 660000.0,
        "Tax Provision": 154000.0,
        "Pretax Income": 814000.0,
        "Other Income Expense": -26000.0,
        "Other Non Operating Income Expenses": -26000.0,
        "Special Income Charges": NaN,
        "Restructuring And Mergern Acquisition": NaN,
        "Net Non Operating Interest Income Expense": 681000.0,
        "Interest Income Non Operating": 681000.0,
        "Operating Income": 159000.0,
        "Operating Expense": 6919000.0,
        "Research And Development": 2361000.0,
        "Selling General And Administration": 4558000.0,
        "Gross Profit": 7078000.0,
        "Cost Of Revenue": 6041000.0,
        "Total Revenue": 13119000.0,
        "Operating Revenue": 13119000.0
    },
    "2024-11-30": {
        "Tax Effect Of Unusual Items": 0.0,
        "Tax Rate For Calcs": 0.174297,
        "Normalized EBITDA": -620000.0,
        "Total Unusual Items": 0.0,
        "Total Unusual Items Excluding Goodwill": 0.0,
        "Net Income From Continuing Operation Net Minority Interest": -1028000.0,
        "Reconciled Depreciation": 893000.0,
        "Reconciled Cost Of Revenue": 8053000.0,
        "EBITDA": -620000.0,
        "EBIT": -1513000.0,
        "Net Interest Income": 228000.0,
        "Interest Income": 228000.0,
        "Normalized Income": -1028000.0,
        "Net Income From Continuing And Discontinued Operation": -1028000.0,
        "Total Expenses": 14966000.0,
        "Total Operating Income As Reported": -1513000.0,
        "Diluted Average Shares": 29659000.0,
        "Basic Average Shares": 29659000.0,
        "Diluted EPS": -0.03,
        "Basic EPS": -0.03,
        "Diluted NI Availto Com Stockholders": -1028000.0,
        "Net Income Common Stockholders": -1028000.0,
        "Net Income": -1028000.0,
        "Net Income Including Noncontrolling Interests": -1028000.0,
        "Net Income Continuous Operations": -1028000.0,
        "Tax Provision": -217000.0,
        "Pretax Income": -1245000.0,
        "Other Income Expense": 40000.0,
        "Other Non Operating Income Expenses": 40000.0,
        "Special Income Charges": 0.0,
        "Restructuring And Mergern Acquisition": 0.0,
        "Net Non Operating Interest Income Expense": 228000.0,
        "Interest Income Non Operating": 228000.0,
        "Operating Income": -1513000.0,
        "Operating Expense": 6913000.0,
        "Research And Development": 2276000.0,
        "Selling General And Administration": 4637000.0,
        "Gross Profit": 5400000.0,
        "Cost Of Revenue": 8053000.0,
        "Total Revenue": 13453000.0,
        "Operating Revenue": 13453000.0
    },
    "2025-02-28": {
        "Tax Effect Of Unusual Items": 0.0,
        "Tax Rate For Calcs": 0.264,
        "Normalized EBITDA": -210000.0,
        "Total Unusual Items": NaN,
        "Total Unusual Items Excluding Goodwill": NaN,
        "Net Income From Continuing Operation Net Minority Interest": -643000.0,
        "Reconciled Depreciation": 909000.0,
        "Reconciled Cost Of Revenue": 11124000.0,
        "EBITDA": -210000.0,
        "EBIT": -1119000.0,
        "Net Interest Income": 270000.0,
        "Interest Income": 270000.0,
        "Normalized Income": -643000.0,
        "Net Income From Continuing And Discontinued Operation": -643000.0,
        "Total Expenses": 19426000.0,
        "Total Operating Income As Reported": -1119000.0,
        "Diluted Average Shares": 29733000.0,
        "Basic Average Shares": 29733000.0,
        "Diluted EPS": -0.02,
        "Basic EPS": -0.02,
        "Diluted NI Availto Com Stockholders": -643000.0,
        "Net Income Common Stockholders": -643000.0,
        "Net Income": -643000.0,
        "Net Income Including Noncontrolling Interests": -643000.0,
        "Net Income Continuous Operations": -643000.0,
        "Tax Provision": -231000.0,
        "Pretax Income": -874000.0,
        "Other Income Expense": -25000.0,
        "Other Non Operating Income Expenses": -25000.0,
        "Special Income Charges": NaN,
        "Restructuring And Mergern Acquisition": NaN,
        "Net Non Operating Interest Income Expense": 270000.0,
        "Interest Income Non Operating": 270000.0,
        "Operating Income": -1119000.0,
        "Operating Expense": 8302000.0,
        "Research And Development": 3140000.0,
        "Selling General And Administration": 5162000.0,
        "Gross Profit": 7183000.0,
        "Cost Of Revenue": 11124000.0,
        "Total Revenue": 18307000.0,
        "Operating Revenue": 18307000.0
    },
    "2025-05-31": {
        "Tax Effect Of Unusual Items": 0.0,
        "Tax Rate For Calcs": 0.029136,
        "Normalized EBITDA": -1320000.0,
        "Total Unusual Items": NaN,
        "Total Unusual Items Excluding Goodwill": NaN,
        "Net Income From Continuing Operation Net Minority Interest": -2899000.0,
        "Reconciled Depreciation": 1020000.0,
        "Reconciled Cost Of Revenue": 9817000.0,
        "EBITDA": -1320000.0,
        "EBIT": -2340000.0,
        "Net Interest Income": 222000.0,
        "Interest Income": 222000.0,
        "Normalized Income": -2899000.0,
        "Net Income From Continuing And Discontinued Operation": -2899000.0,
        "Total Expenses": 16429000.0,
        "Total Operating Income As Reported": -3204000.0,
        "Diluted Average Shares": 29823000.0,
        "Basic Average Shares": 29823000.0,
        "Diluted EPS": -0.1,
        "Basic EPS": -0.1,
        "Diluted NI Availto Com Stockholders": -2899000.0,
        "Net Income Common Stockholders": -2899000.0,
        "Net Income": -2899000.0,
        "Net Income Including Noncontrolling Interests": -2899000.0,
        "Net Income Continuous Operations": -2899000.0,
        "Tax Provision": -87000.0,
        "Pretax Income": -2986000.0,
        "Other Income Expense": -868000.0,
        "Other Non Operating Income Expenses": -4000.0,
        "Special Income Charges": NaN,
        "Restructuring And Mergern Acquisition": NaN,
        "Net Non Operating Interest Income Expense": 222000.0,
        "Interest Income Non Operating": 222000.0,
        "Operating Income": -2340000.0,
        "Operating Expense": 6612000.0,
        "Research And Development": 2686000.0,
        "Selling General And Administration": 3926000.0,
        "Gross Profit": 4272000.0,
        "Cost Of Revenue": 9817000.0,
        "Total Revenue": 14089000.0,
        "Operating Revenue": 14089000.0
    },
    "2025-08-31": {
        "Tax Effect Of Unusual Items": -58035.0,
        "Tax Rate For Calcs": 0.265,
        "Normalized EBITDA": -2706000.0,
        "Total Unusual Items": -219000.0,
        "Total Unusual Items Excluding Goodwill": -219000.0,
        "Net Income From Continuing Operation Net Minority Interest": -2084000.0,
        "Reconciled Depreciation": 922000.0,
        "Reconciled Cost Of Revenue": 7250000.0,
        "EBITDA": -2925000.0,
        "EBIT": -3847000.0,
        "Net Interest Income": 179000.0,
        "Interest Income": 179000.0,
        "Normalized Income": -1923035.0,
        "Net Income From Continuing And Discontinued Operation": -2084000.0,
        "Total Expenses": 14816000.0,
        "Total Operating Income As Reported": -4066000.0,
        "Diluted Average Shares": 29923000.0,
        "Basic Average Shares": 29923000.0,
        "Diluted EPS": -0.07,
        "Basic EPS": -0.07,
        "Diluted NI Availto Com Stockholders": -2084000.0,
        "Net Income Common Stockholders": -2084000.0,
        "Net Income": -2084000.0,
        "Net Income Including Noncontrolling Interests": -2084000.0,
        "Net Income Continuous Operations": -2084000.0,
        "Tax Provision": -752000.0,
        "Pretax Income": -2836000.0,
        "Other Income Expense": 832000.0,
        "Other Non Operating Income Expenses": 1051000.0,
        "Special Income Charges": -219000.0,
        "Restructuring And Mergern Acquisition": 219000.0,
        "Net Non Operating Interest Income Expense": 179000.0,
        "Interest Income Non Operating": 179000.0,
        "Operating Income": -3847000.0,
        "Operating Expense": 7566000.0,
        "Research And Development": 2849000.0,
        "Selling General And Administration": 4717000.0,
        "Gross Profit": 3719000.0,
        "Cost Of Revenue": 7250000.0,
        "Total Revenue": 10969000.0,
        "Operating Revenue": 10969000.0
    },
    "2025-11-30": {
        "Tax Effect Of Unusual Items": 58186.768677,
        "Tax Rate For Calcs": 0.273177,
        "Normalized EBITDA": -4203000.0,
        "Total Unusual Items": 213000.0,
        "Total Unusual Items Excluding Goodwill": 213000.0,
        "Net Income From Continuing Operation Net Minority Interest": -3230000.0,
        "Reconciled Depreciation": 871000.0,
        "Reconciled Cost Of Revenue": 7339000.0,
        "EBITDA": -3990000.0,
        "EBIT": -4861000.0,
        "Net Interest Income": 194000.0,
        "Interest Income": 194000.0,
        "Normalized Income": -3384813.231323,
        "Net Income From Continuing And Discontinued Operation": -3230000.0,
        "Total Expenses": 14745000.0,
        "Total Operating Income As Reported": -4648000.0,
        "Diluted Average Shares": 30177000.0,
        "Basic Average Shares": 30177000.0,
        "Diluted EPS": -0.11,
        "Basic EPS": -0.11,
        "Diluted NI Availto Com Stockholders": -3230000.0,
        "Net Income Common Stockholders": -3230000.0,
        "Net Income": -3230000.0,
        "Net Income Including Noncontrolling Interests": -3230000.0,
        "Net Income Continuous Operations": -3230000.0,
        "Tax Provision": -1214000.0,
        "Pretax Income": -4444000.0,
        "Other Income Expense": 223000.0,
        "Other Non Operating Income Expenses": 10000.0,
        "Special Income Charges": 213000.0,
        "Restructuring And Mergern Acquisition": -213000.0,
        "Net Non Operating Interest Income Expense": 194000.0,
        "Interest Income Non Operating": 194000.0,
        "Operating Income": -4861000.0,
        "Operating Expense": 7406000.0,
        "Research And Development": 2972000.0,
        "Selling General And Administration": 4434000.0,
        "Gross Profit": 2545000.0,
        "Cost Of Revenue": 7339000.0,
        "Total Revenue": 9884000.0,
        "Operating Revenue": 9884000.0
    }
}