{
    "2023-06-30": {
        "Tax Effect Of Unusual Items": NaN,
        "Tax Rate For Calcs": NaN,
        "Normalized EBITDA": NaN,
        "Total Unusual Items": NaN,
        "Total Unusual Items Excluding Goodwill": NaN,
        "Net Income From Continuing Operation Net Minority Interest": NaN,
        "Reconciled Depreciation": NaN,
        "Reconciled Cost Of Revenue": NaN,
        "EBITDA": NaN,
        "EBIT": NaN,
        "Net Interest Income": NaN,
        "Interest Expense": NaN,
        "Normalized Income": NaN,
        "Net Income From Continuing And Discontinued Operation": NaN,
        "Total Expenses": NaN,
        "Total Operating Income As Reported": NaN,
        "Diluted Average Shares": 516242919.0,
        "Basic Average Shares": 514879144.0,
        "Diluted EPS": 1.01,
        "Basic EPS": 1.01,
        "Diluted NI Availto Com Stockholders": NaN,
        "Net Income Common Stockholders": NaN,
        "Net Income": NaN,
        "Minority Interests": NaN,
        "Net Income Including Noncontrolling Interests": NaN,
        "Net Income Continuous Operations": NaN,
        "Earnings From Equity Interest Net Of Tax": NaN,
        "Tax Provision": NaN,
        "Pretax Income": NaN,
        "Other Income Expense": NaN,
        "Other Non Operating Income Expenses": NaN,
        "Special Income Charges": NaN,
        "Gain On Sale Of Ppe": 0.0,
        "Gain On Sale Of Business": 0.0,
        "Other Special Charges": NaN,
        "Write Off": NaN,
        "Gain On Sale Of Security": NaN,
        "Net Non Operating Interest Income Expense": NaN,
        "Interest Expense Non Operating": NaN,
        "Operating Income": NaN,
        "Operating Expense": NaN,
        "Other Operating Expenses": NaN,
        "Other Taxes": NaN,
        "Depreciation Amortization Depletion Income Statement": NaN,
        "Depreciation And Amortization In Income Statement": NaN,
        "Gross Profit": NaN,
        "Cost Of Revenue": NaN,
        "Total Revenue": NaN,
        "Operating Revenue": NaN
    },
    "2023-03-31": {
        "Tax Effect Of Unusual Items": NaN,
        "Tax Rate For Calcs": NaN,
        "Normalized EBITDA": NaN,
        "Total Unusual Items": NaN,
        "Total Unusual Items Excluding Goodwill": NaN,
        "Net Income From Continuing Operation Net Minority Interest": NaN,
        "Reconciled Depreciation": NaN,
        "Reconciled Cost Of Revenue": NaN,
        "EBITDA": NaN,
        "EBIT": NaN,
        "Net Interest Income": NaN,
        "Interest Expense": NaN,
        "Normalized Income": NaN,
        "Net Income From Continuing And Discontinued Operation": NaN,
        "Total Expenses": NaN,
        "Total Operating Income As Reported": NaN,
        "Diluted Average Shares": NaN,
        "Basic Average Shares": NaN,
        "Diluted EPS": NaN,
        "Basic EPS": NaN,
        "Diluted NI Availto Com Stockholders": NaN,
        "Net Income Common Stockholders": NaN,
        "Net Income": NaN,
        "Minority Interests": NaN,
        "Net Income Including Noncontrolling Interests": NaN,
        "Net Income Continuous Operations": NaN,
        "Earnings From Equity Interest Net Of Tax": NaN,
        "Tax Provision": NaN,
        "Pretax Income": NaN,
        "Other Income Expense": NaN,
        "Other Non Operating Income Expenses": NaN,
        "Special Income Charges": NaN,
        "Gain On Sale Of Ppe": NaN,
        "Gain On Sale Of Business": -112000000.0,
        "Other Special Charges": NaN,
        "Write Off": NaN,
        "Gain On Sale Of Security": -112000000.0,
        "Net Non Operating Interest Income Expense": NaN,
        "Interest Expense Non Operating": NaN,
        "Operating Income": NaN,
        "Operating Expense": NaN,
        "Other Operating Expenses": NaN,
        "Other Taxes": NaN,
        "Depreciation Amortization Depletion Income Statement": NaN,
        "Depreciation And Amortization In Income Statement": NaN,
        "Gross Profit": NaN,
        "Cost Of Revenue": NaN,
        "Total Revenue": NaN,
        "Operating Revenue": NaN
    },
    "2022-12-31": {
        "Tax Effect Of Unusual Items": NaN,
        "Tax Rate For Calcs": NaN,
        "Normalized EBITDA": NaN,
        "Total Unusual Items": NaN,
        "Total Unusual Items Excluding Goodwill": NaN,
        "Net Income From Continuing Operation Net Minority Interest": NaN,
        "Reconciled Depreciation": NaN,
        "Reconciled Cost Of Revenue": NaN,
        "EBITDA": NaN,
        "EBIT": NaN,
        "Net Interest Income": NaN,
        "Interest Expense": NaN,
        "Normalized Income": NaN,
        "Net Income From Continuing And Discontinued Operation": NaN,
        "Total Expenses": NaN,
        "Total Operating Income As Reported": NaN,
        "Diluted Average Shares": NaN,
        "Basic Average Shares": NaN,
        "Diluted EPS": NaN,
        "Basic EPS": NaN,
        "Diluted NI Availto Com Stockholders": NaN,
        "Net Income Common Stockholders": NaN,
        "Net Income": NaN,
        "Minority Interests": NaN,
        "Net Income Including Noncontrolling Interests": NaN,
        "Net Income Continuous Operations": NaN,
        "Earnings From Equity Interest Net Of Tax": NaN,
        "Tax Provision": NaN,
        "Pretax Income": NaN,
        "Other Income Expense": NaN,
        "Other Non Operating Income Expenses": NaN,
        "Special Income Charges": NaN,
        "Gain On Sale Of Ppe": 0.0,
        "Gain On Sale Of Business": -100000000.0,
        "Other Special Charges": NaN,
        "Write Off": 23900000.0,
        "Gain On Sale Of Security": NaN,
        "Net Non Operating Interest Income Expense": NaN,
        "Interest Expense Non Operating": NaN,
        "Operating Income": NaN,
        "Operating Expense": NaN,
        "Other Operating Expenses": NaN,
        "Other Taxes": NaN,
        "Depreciation Amortization Depletion Income Statement": NaN,
        "Depreciation And Amortization In Income Statement": NaN,
        "Gross Profit": NaN,
        "Cost Of Revenue": NaN,
        "Total Revenue": NaN,
        "Operating Revenue": NaN
    },
    "2022-09-30": {
        "Tax Effect Of Unusual Items": NaN,
        "Tax Rate For Calcs": NaN,
        "Normalized EBITDA": NaN,
        "Total Unusual Items": NaN,
        "Total Unusual Items Excluding Goodwill": NaN,
        "Net Income From Continuing Operation Net Minority Interest": NaN,
        "Reconciled Depreciation": NaN,
        "Reconciled Cost Of Revenue": NaN,
        "EBITDA": NaN,
        "EBIT": NaN,
        "Net Interest Income": NaN,
        "Interest Expense": NaN,
        "Normalized Income": NaN,
        "Net Income From Continuing And Discontinued Operation": NaN,
        "Total Expenses": NaN,
        "Total Operating Income As Reported": NaN,
        "Diluted Average Shares": 515315994.0,
        "Basic Average Shares": 513730196.0,
        "Diluted EPS": 1.33,
        "Basic EPS": 1.33,
        "Diluted NI Availto Com Stockholders": NaN,
        "Net Income Common Stockholders": NaN,
        "Net Income": NaN,
        "Minority Interests": NaN,
        "Net Income Including Noncontrolling Interests": NaN,
        "Net Income Continuous Operations": NaN,
        "Earnings From Equity Interest Net Of Tax": NaN,
        "Tax Provision": NaN,
        "Pretax Income": NaN,
        "Other Income Expense": NaN,
        "Other Non Operating Income Expenses": NaN,
        "Special Income Charges": NaN,
        "Gain On Sale Of Ppe": 0.0,
        "Gain On Sale Of Business": NaN,
        "Other Special Charges": NaN,
        "Write Off": 24900000.0,
        "Net Non Operating Interest Income Expense": NaN,
        "Interest Expense Non Operating": NaN,
        "Operating Income": NaN,
        "Operating Expense": NaN,
        "Other Operating Expenses": NaN,
        "Other Taxes": NaN,
        "Depreciation Amortization Depletion Income Statement": NaN,
        "Depreciation And Amortization In Income Statement": NaN,
        "Gross Profit": NaN,
        "Cost Of Revenue": NaN,
        "Total Revenue": NaN,
        "Operating Revenue": NaN
    },
    "2022-06-30": {
        "Tax Effect Of Unusual Items": 5554744.525547,
        "Tax Rate For Calcs": 0.072993,
        "Normalized EBITDA": 1793900000.0,
        "Total Unusual Items": 76100000.0,
        "Total Unusual Items Excluding Goodwill": 76100000.0,
        "Net Income From Continuing Operation Net Minority Interest": 524500000.0,
        "Reconciled Depreciation": 779700000.0,
        "Reconciled Cost Of Revenue": 1913800000.0,
        "EBITDA": 1870000000.0,
        "EBIT": 1067400000.0,
        "Net Interest Income": -327600000.0,
        "Interest Expense": 327600000.0,
        "Normalized Income": 453954744.525547,
        "Net Income From Continuing And Discontinued Operation": 524500000.0,
        "Total Expenses": 3682800000.0,
        "Total Operating Income As Reported": 1004400000.0,
        "Diluted Average Shares": 515162210.0,
        "Basic Average Shares": 513623431.0,
        "Diluted EPS": 1.02,
        "Basic EPS": 1.02,
        "Diluted NI Availto Com Stockholders": 524500000.0,
        "Net Income Common Stockholders": 524500000.0,
        "Net Income": 524500000.0,
        "Minority Interests": 3700000.0,
        "Net Income Including Noncontrolling Interests": 520800000.0,
        "Net Income Continuous Operations": 520800000.0,
        "Earnings From Equity Interest Net Of Tax": -165000000.0,
        "Tax Provision": 54000000.0,
        "Pretax Income": 739800000.0,
        "Other Income Expense": 110500000.0,
        "Other Non Operating Income Expenses": 34400000.0,
        "Special Income Charges": 76100000.0,
        "Gain On Sale Of Ppe": 116300000.0,
        "Gain On Sale Of Business": -68800000.0,
        "Other Special Charges": -28600000.0,
        "Write Off": NaN,
        "Net Non Operating Interest Income Expense": -327600000.0,
        "Interest Expense Non Operating": 327600000.0,
        "Operating Income": 956900000.0,
        "Operating Expense": 1791900000.0,
        "Other Operating Expenses": 619800000.0,
        "Other Taxes": 369500000.0,
        "Depreciation Amortization Depletion Income Statement": 802600000.0,
        "Depreciation And Amortization In Income Statement": 802600000.0,
        "Gross Profit": 2748800000.0,
        "Cost Of Revenue": 1890900000.0,
        "Total Revenue": 4639700000.0,
        "Operating Revenue": 4546200000.0
    },
    "2022-03-31": {
        "Diluted EPS": 1.41,
        "Total Revenue": NaN,
        "Gross Profit": NaN,
        "Operating Income": 988,
        "EBIT": NaN,
        "Net Income": 715
    },
    "2021-12-31": {
        "Diluted EPS": 1.08,
        "Total Revenue": NaN,
        "Gross Profit": NaN,
        "Operating Income": 684,
        "EBIT": NaN,
        "Net Income": 539
    },
    "2021-09-30": {
        "Diluted EPS": 1.58,
        "Total Revenue": NaN,
        "Gross Profit": NaN,
        "Operating Income": NaN,
        "EBIT": NaN,
        "Net Income": 796
    },
    "2021-06-30": {
        "Diluted EPS": 1.15,
        "Total Revenue": NaN,
        "Gross Profit": NaN,
        "Operating Income": 810,
        "EBIT": NaN,
        "Net Income": 578
    },
    "2021-03-31": {
        "Diluted EPS": 1.15,
        "Total Revenue": NaN,
        "Gross Profit": NaN,
        "Operating Income": 810,
        "EBIT": NaN,
        "Net Income": 575
    },
    "2020-12-31": {
        "Diluted EPS": 0.87,
        "Total Revenue": NaN,
        "Gross Profit": NaN,
        "Operating Income": 570,
        "EBIT": NaN,
        "Net Income": 436
    },
    "2020-09-30": {
        "Diluted EPS": 1.5,
        "Total Revenue": NaN,
        "Gross Profit": NaN,
        "Operating Income": 943,
        "EBIT": NaN,
        "Net Income": 749
    },
    "2020-06-30": {
        "Diluted EPS": 1.05,
        "Total Revenue": NaN,
        "Gross Profit": NaN,
        "Operating Income": 723,
        "EBIT": NaN,
        "Net Income": 521
    },
    "2020-03-31": {
        "Diluted EPS": 1.0,
        "Total Revenue": NaN,
        "Gross Profit": NaN,
        "Operating Income": 752,
        "EBIT": NaN,
        "Net Income": 495
    },
    "2019-12-31": {
        "Diluted EPS": 0.31,
        "Total Revenue": NaN,
        "Gross Profit": NaN,
        "Operating Income": 295,
        "EBIT": NaN,
        "Net Income": 154
    },
    "2019-09-30": {
        "Diluted EPS": 1.48,
        "Total Revenue": NaN,
        "Gross Profit": NaN,
        "Operating Income": 958,
        "EBIT": NaN,
        "Net Income": 734
    },
    "2019-06-30": {
        "Diluted EPS": 0.93,
        "Total Revenue": NaN,
        "Gross Profit": NaN,
        "Operating Income": 551,
        "EBIT": NaN,
        "Net Income": 461
    },
    "2019-03-31": {
        "Diluted EPS": 1.16,
        "Total Revenue": NaN,
        "Gross Profit": NaN,
        "Operating Income": 788,
        "EBIT": NaN,
        "Net Income": 573
    },
    "2018-12-31": {
        "Diluted EPS": 0.74,
        "Total Revenue": NaN,
        "Gross Profit": NaN,
        "Operating Income": 551,
        "EBIT": NaN,
        "Net Income": 363
    },
    "2018-09-30": {
        "Diluted EPS": 1.17,
        "Total Revenue": NaN,
        "Gross Profit": NaN,
        "Operating Income": 669,
        "EBIT": NaN,
        "Net Income": 578
    },
    "2018-06-30": {
        "Diluted EPS": 1.07,
        "Total Revenue": NaN,
        "Gross Profit": NaN,
        "Operating Income": 757,
        "EBIT": NaN,
        "Net Income": 528
    },
    "2018-03-31": {
        "Diluted EPS": 0.92,
        "Total Revenue": NaN,
        "Gross Profit": NaN,
        "Operating Income": 706,
        "EBIT": NaN,
        "Net Income": 454
    },
    "2017-12-31": {
        "Diluted EPS": 0.82,
        "Total Revenue": NaN,
        "Gross Profit": NaN,
        "Operating Income": 731,
        "EBIT": NaN,
        "Net Income": 401
    },
    "2017-09-30": {
        "Diluted EPS": 1.1,
        "Total Revenue": NaN,
        "Gross Profit": NaN,
        "Operating Income": 975,
        "EBIT": NaN,
        "Net Income": 545
    },
    "2017-06-30": {
        "Diluted EPS": 0.76,
        "Total Revenue": NaN,
        "Gross Profit": NaN,
        "Operating Income": 733,
        "EBIT": NaN,
        "Net Income": 375
    },
    "2017-03-31": {
        "Diluted EPS": 1.2,
        "Total Revenue": NaN,
        "Gross Profit": NaN,
        "Operating Income": NaN,
        "EBIT": NaN,
        "Net Income": 592
    },
    "2016-12-31": {
        "Diluted EPS": 0.76,
        "Total Revenue": NaN,
        "Gross Profit": NaN,
        "Operating Income": 533,
        "EBIT": 964,
        "Net Income": 373
    },
    "2016-09-30": {
        "Diluted EPS": -1.56,
        "Total Revenue": NaN,
        "Gross Profit": NaN,
        "Operating Income": NaN,
        "EBIT": -552,
        "Net Income": -766
    },
    "2016-06-30": {
        "Diluted EPS": 1.02,
        "Total Revenue": NaN,
        "Gross Profit": NaN,
        "Operating Income": 866,
        "EBIT": NaN,
        "Net Income": 502
    },
    "2016-03-31": {
        "Diluted EPS": 1.02,
        "Total Revenue": NaN,
        "Gross Profit": NaN,
        "Operating Income": 893,
        "EBIT": NaN,
        "Net Income": 501
    },
    "2015-12-31": {
        "Diluted EPS": 0.94,
        "Total Revenue": NaN,
        "Gross Profit": NaN,
        "Operating Income": 466,
        "EBIT": 991,
        "Net Income": 470
    },
    "2015-09-30": {
        "Diluted EPS": 1.06,
        "Total Revenue": NaN,
        "Gross Profit": NaN,
        "Operating Income": 960,
        "EBIT": NaN,
        "Net Income": 518
    },
    "2015-06-30": {
        "Diluted EPS": 0.88,
        "Total Revenue": NaN,
        "Gross Profit": NaN,
        "Operating Income": 804,
        "EBIT": NaN,
        "Net Income": 430
    },
    "2015-03-31": {
        "Diluted EPS": 1.29,
        "Total Revenue": NaN,
        "Gross Profit": NaN,
        "Operating Income": NaN,
        "EBIT": NaN,
        "Net Income": 629
    },
    "2014-12-31": {
        "Diluted EPS": 0.38,
        "Total Revenue": NaN,
        "Gross Profit": NaN,
        "Operating Income": 414,
        "EBIT": 924,
        "Net Income": 191
    },
    "2014-09-30": {
        "Diluted EPS": 1.01,
        "Total Revenue": NaN,
        "Gross Profit": NaN,
        "Operating Income": 905,
        "EBIT": NaN,
        "Net Income": 493
    },
    "2014-06-30": {
        "Diluted EPS": 0.8,
        "Total Revenue": NaN,
        "Gross Profit": NaN,
        "Operating Income": 767,
        "EBIT": NaN,
        "Net Income": 390
    },
    "2014-03-31": {
        "Diluted EPS": 1.15,
        "Total Revenue": NaN,
        "Gross Profit": NaN,
        "Operating Income": NaN,
        "EBIT": NaN,
        "Net Income": 560
    },
    "2013-12-31": {
        "Diluted EPS": 0.71,
        "Total Revenue": NaN,
        "Gross Profit": NaN,
        "Operating Income": 645,
        "EBIT": NaN,
        "Net Income": 347
    },
    "2013-09-30": {
        "Diluted EPS": 0.89,
        "Total Revenue": NaN,
        "Gross Profit": NaN,
        "Operating Income": 875,
        "EBIT": NaN,
        "Net Income": 433
    },
    "2013-06-30": {
        "Diluted EPS": 0.69,
        "Total Revenue": NaN,
        "Gross Profit": NaN,
        "Operating Income": 547,
        "EBIT": NaN,
        "Net Income": 338
    },
    "2013-03-31": {
        "Diluted EPS": 0.75,
        "Total Revenue": NaN,
        "Gross Profit": NaN,
        "Operating Income": 755,
        "EBIT": NaN,
        "Net Income": 363
    },
    "2012-12-31": {
        "Diluted EPS": 0.05,
        "Total Revenue": NaN,
        "Gross Profit": NaN,
        "Operating Income": 249,
        "EBIT": 714,
        "Net Income": 21
    },
    "2012-09-30": {
        "Diluted EPS": 1.0,
        "Total Revenue": NaN,
        "Gross Profit": NaN,
        "Operating Income": 912,
        "EBIT": NaN,
        "Net Income": 487
    },
    "2012-06-30": {
        "Diluted EPS": 0.75,
        "Total Revenue": NaN,
        "Gross Profit": NaN,
        "Operating Income": 741,
        "EBIT": NaN,
        "Net Income": 362
    },
    "2012-03-31": {
        "Diluted EPS": 0.8,
        "Total Revenue": NaN,
        "Gross Profit": NaN,
        "Operating Income": 754,
        "EBIT": NaN,
        "Net Income": 389
    },
    "2011-12-31": {
        "Diluted EPS": 0.64,
        "Total Revenue": NaN,
        "Gross Profit": NaN,
        "Operating Income": 343,
        "EBIT": 769,
        "Net Income": 308
    },
    "2011-09-30": {
        "Diluted EPS": 1.92,
        "Total Revenue": NaN,
        "Gross Profit": NaN,
        "Operating Income": 890,
        "EBIT": NaN,
        "Net Income": 928
    },
    "2011-06-30": {
        "Diluted EPS": 0.73,
        "Total Revenue": NaN,
        "Gross Profit": NaN,
        "Operating Income": 717,
        "EBIT": NaN,
        "Net Income": 352
    },
    "2011-03-31": {
        "Diluted EPS": 0.73,
        "Total Revenue": NaN,
        "Gross Profit": NaN,
        "Operating Income": 832,
        "EBIT": NaN,
        "Net Income": 353
    },
    "2010-12-31": {
        "Diluted EPS": 0.37,
        "Total Revenue": NaN,
        "Gross Profit": NaN,
        "Operating Income": 486,
        "EBIT": 916,
        "Net Income": 176
    },
    "2010-09-30": {
        "Diluted EPS": 1.16,
        "Total Revenue": NaN,
        "Gross Profit": NaN,
        "Operating Income": NaN,
        "EBIT": NaN,
        "Net Income": 555
    },
    "2010-06-30": {
        "Diluted EPS": 0.28,
        "Total Revenue": NaN,
        "Gross Profit": NaN,
        "Operating Income": 394,
        "EBIT": 838,
        "Net Income": 136
    },
    "2010-03-31": {
        "Diluted EPS": 0.72,
        "Total Revenue": NaN,
        "Gross Profit": NaN,
        "Operating Income": 758,
        "EBIT": NaN,
        "Net Income": 344
    },
    "2009-12-31": {
        "Diluted EPS": 0.47,
        "Total Revenue": NaN,
        "Gross Profit": NaN,
        "Operating Income": 481,
        "EBIT": 900,
        "Net Income": 238
    },
    "2009-09-30": {
        "Diluted EPS": 0.93,
        "Total Revenue": NaN,
        "Gross Profit": NaN,
        "Operating Income": 858,
        "EBIT": NaN,
        "Net Income": 443
    },
    "2009-06-30": {
        "Diluted EPS": 0.67,
        "Total Revenue": NaN,
        "Gross Profit": NaN,
        "Operating Income": 682,
        "EBIT": NaN,
        "Net Income": 316
    },
    "2009-03-31": {
        "Diluted EPS": 0.89,
        "Total Revenue": NaN,
        "Gross Profit": NaN,
        "Operating Income": 750,
        "EBIT": NaN,
        "Net Income": 360
    },
    "2023-09-30": {
        "Tax Effect Of Unusual Items": NaN,
        "Tax Rate For Calcs": NaN,
        "Normalized EBITDA": NaN,
        "Total Unusual Items": NaN,
        "Total Unusual Items Excluding Goodwill": NaN,
        "Net Income From Continuing Operation Net Minority Interest": NaN,
        "Reconciled Depreciation": NaN,
        "Reconciled Cost Of Revenue": NaN,
        "EBITDA": NaN,
        "EBIT": NaN,
        "Net Interest Income": NaN,
        "Interest Expense": NaN,
        "Normalized Income": NaN,
        "Net Income From Continuing And Discontinued Operation": NaN,
        "Total Expenses": NaN,
        "Total Operating Income As Reported": NaN,
        "Diluted Average Shares": 521444125.0,
        "Basic Average Shares": 520459880.0,
        "Diluted EPS": 1.83,
        "Basic EPS": 1.83,
        "Diluted NI Availto Com Stockholders": NaN,
        "Net Income Common Stockholders": NaN,
        "Net Income": NaN,
        "Minority Interests": NaN,
        "Net Income Including Noncontrolling Interests": NaN,
        "Net Income Continuous Operations": NaN,
        "Earnings From Equity Interest Net Of Tax": NaN,
        "Tax Provision": NaN,
        "Pretax Income": NaN,
        "Other Income Expense": NaN,
        "Other Non Operating Income Expenses": NaN,
        "Special Income Charges": NaN,
        "Gain On Sale Of Ppe": 0.0,
        "Gain On Sale Of Business": 0.0,
        "Other Special Charges": NaN,
        "Write Off": 0.0,
        "Gain On Sale Of Security": NaN,
        "Net Non Operating Interest Income Expense": NaN,
        "Interest Expense Non Operating": NaN,
        "Operating Income": NaN,
        "Operating Expense": NaN,
        "Other Operating Expenses": NaN,
        "Other Taxes": NaN,
        "Depreciation Amortization Depletion Income Statement": NaN,
        "Depreciation And Amortization In Income Statement": NaN,
        "Gross Profit": NaN,
        "Cost Of Revenue": NaN,
        "Total Revenue": NaN,
        "Operating Revenue": NaN
    },
    "2023-12-31": {
        "Tax Effect Of Unusual Items": NaN,
        "Tax Rate For Calcs": NaN,
        "Normalized EBITDA": NaN,
        "Total Unusual Items": NaN,
        "Total Unusual Items Excluding Goodwill": NaN,
        "Net Income From Continuing Operation Net Minority Interest": NaN,
        "Reconciled Depreciation": NaN,
        "Reconciled Cost Of Revenue": NaN,
        "EBITDA": NaN,
        "EBIT": NaN,
        "Net Interest Income": NaN,
        "Interest Expense": NaN,
        "Normalized Income": NaN,
        "Net Income From Continuing And Discontinued Operation": NaN,
        "Total Expenses": NaN,
        "Total Operating Income As Reported": NaN,
        "Diluted Average Shares": NaN,
        "Basic Average Shares": NaN,
        "Diluted EPS": NaN,
        "Basic EPS": NaN,
        "Diluted NI Availto Com Stockholders": NaN,
        "Net Income Common Stockholders": NaN,
        "Net Income": NaN,
        "Minority Interests": NaN,
        "Net Income Including Noncontrolling Interests": NaN,
        "Net Income Continuous Operations": NaN,
        "Earnings From Equity Interest Net Of Tax": NaN,
        "Tax Provision": NaN,
        "Pretax Income": NaN,
        "Other Income Expense": NaN,
        "Other Non Operating Income Expenses": NaN,
        "Special Income Charges": NaN,
        "Gain On Sale Of Ppe": 0.0,
        "Gain On Sale Of Business": 0.0,
        "Other Special Charges": NaN,
        "Write Off": 85600000.0,
        "Gain On Sale Of Security": 19300000.0,
        "Net Non Operating Interest Income Expense": NaN,
        "Interest Expense Non Operating": NaN,
        "Operating Income": NaN,
        "Operating Expense": NaN,
        "Other Operating Expenses": NaN,
        "Other Taxes": NaN,
        "Depreciation Amortization Depletion Income Statement": NaN,
        "Depreciation And Amortization In Income Statement": NaN,
        "Gross Profit": NaN,
        "Cost Of Revenue": NaN,
        "Total Revenue": NaN,
        "Operating Revenue": NaN
    },
    "2024-03-31": {
        "Tax Effect Of Unusual Items": NaN,
        "Tax Rate For Calcs": NaN,
        "Normalized EBITDA": NaN,
        "Total Unusual Items": NaN,
        "Total Unusual Items Excluding Goodwill": NaN,
        "Net Income From Continuing Operation Net Minority Interest": NaN,
        "Reconciled Depreciation": NaN,
        "Reconciled Cost Of Revenue": NaN,
        "EBITDA": NaN,
        "EBIT": NaN,
        "Net Interest Income": NaN,
        "Interest Expense": NaN,
        "Normalized Income": NaN,
        "Net Income From Continuing And Discontinued Operation": NaN,
        "Total Expenses": NaN,
        "Total Operating Income As Reported": NaN,
        "Diluted Average Shares": 527596395.0,
        "Basic Average Shares": 526552036.0,
        "Diluted EPS": 1.9,
        "Basic EPS": 1.91,
        "Diluted NI Availto Com Stockholders": NaN,
        "Net Income Common Stockholders": NaN,
        "Net Income": NaN,
        "Minority Interests": NaN,
        "Net Income Including Noncontrolling Interests": NaN,
        "Net Income Continuous Operations": NaN,
        "Earnings From Equity Interest Net Of Tax": NaN,
        "Tax Provision": NaN,
        "Pretax Income": NaN,
        "Other Income Expense": NaN,
        "Other Non Operating Income Expenses": NaN,
        "Special Income Charges": NaN,
        "Other Special Charges": NaN,
        "Write Off": NaN,
        "Net Non Operating Interest Income Expense": NaN,
        "Interest Expense Non Operating": NaN,
        "Operating Income": NaN,
        "Operating Expense": NaN,
        "Other Operating Expenses": NaN,
        "Other Taxes": NaN,
        "Depreciation Amortization Depletion Income Statement": NaN,
        "Depreciation And Amortization In Income Statement": NaN,
        "Gross Profit": NaN,
        "Cost Of Revenue": NaN,
        "Total Revenue": NaN,
        "Operating Revenue": NaN
    },
    "2024-06-30": {
        "Tax Effect Of Unusual Items": NaN,
        "Tax Rate For Calcs": NaN,
        "Normalized EBITDA": NaN,
        "Total Unusual Items": NaN,
        "Total Unusual Items Excluding Goodwill": NaN,
        "Net Income From Continuing Operation Net Minority Interest": NaN,
        "Reconciled Depreciation": NaN,
        "Reconciled Cost Of Revenue": NaN,
        "EBITDA": NaN,
        "EBIT": NaN,
        "Net Interest Income": NaN,
        "Interest Expense": NaN,
        "Normalized Income": NaN,
        "Net Income From Continuing And Discontinued Operation": NaN,
        "Total Expenses": NaN,
        "Total Operating Income As Reported": NaN,
        "Diluted Average Shares": 530140990.0,
        "Basic Average Shares": 528898816.0,
        "Diluted EPS": 0.64,
        "Basic EPS": 0.64,
        "Diluted NI Availto Com Stockholders": NaN,
        "Net Income Common Stockholders": NaN,
        "Net Income": NaN,
        "Minority Interests": NaN,
        "Net Income Including Noncontrolling Interests": NaN,
        "Net Income Continuous Operations": NaN,
        "Earnings From Equity Interest Net Of Tax": NaN,
        "Tax Provision": NaN,
        "Pretax Income": NaN,
        "Other Income Expense": NaN,
        "Other Non Operating Income Expenses": NaN,
        "Special Income Charges": NaN,
        "Other Special Charges": NaN,
        "Write Off": 142500000.0,
        "Net Non Operating Interest Income Expense": NaN,
        "Interest Expense Non Operating": NaN,
        "Operating Income": NaN,
        "Operating Expense": NaN,
        "Other Operating Expenses": NaN,
        "Other Taxes": NaN,
        "Depreciation Amortization Depletion Income Statement": NaN,
        "Depreciation And Amortization In Income Statement": NaN,
        "Gross Profit": NaN,
        "Cost Of Revenue": NaN,
        "Total Revenue": NaN,
        "Operating Revenue": NaN
    },
    "2024-09-30": {
        "Tax Effect Of Unusual Items": 2059600.0,
        "Tax Rate For Calcs": 0.038,
        "Normalized EBITDA": 2279200000.0,
        "Total Unusual Items": 54200000.0,
        "Total Unusual Items Excluding Goodwill": 54200000.0,
        "Net Income From Continuing Operation Net Minority Interest": 959600000.0,
        "Reconciled Depreciation": 852700000.0,
        "Reconciled Cost Of Revenue": 2002900000.0,
        "EBITDA": 2333400000.0,
        "EBIT": 1480700000.0,
        "Net Interest Income": -498800000.0,
        "Interest Expense": 498800000.0,
        "Normalized Income": 907459600.0,
        "Net Income From Continuing And Discontinued Operation": 959600000.0,
        "Total Expenses": 4068600000.0,
        "Total Operating Income As Reported": 1351500000.0,
        "Diluted Average Shares": 533600842.0,
        "Basic Average Shares": 532208876.0,
        "Diluted EPS": 1.8,
        "Basic EPS": 1.8,
        "Diluted NI Availto Com Stockholders": 959600000.0,
        "Net Income Common Stockholders": 959600000.0,
        "Net Income": 959600000.0,
        "Minority Interests": -2100000.0,
        "Net Income Including Noncontrolling Interests": 961700000.0,
        "Net Income Continuous Operations": 961700000.0,
        "Earnings From Equity Interest Net Of Tax": 17300000.0,
        "Tax Provision": 37500000.0,
        "Pretax Income": 981900000.0,
        "Other Income Expense": 129200000.0,
        "Other Non Operating Income Expenses": 75000000.0,
        "Special Income Charges": 54200000.0,
        "Other Special Charges": -54200000.0,
        "Write Off": 0.0,
        "Net Non Operating Interest Income Expense": -498800000.0,
        "Interest Expense Non Operating": 498800000.0,
        "Operating Income": 1351500000.0,
        "Operating Expense": 2065700000.0,
        "Other Operating Expenses": 805800000.0,
        "Other Taxes": 407200000.0,
        "Depreciation Amortization Depletion Income Statement": 852700000.0,
        "Depreciation And Amortization In Income Statement": 852700000.0,
        "Gross Profit": 3417200000.0,
        "Cost Of Revenue": 2002900000.0,
        "Total Revenue": 5420100000.0,
        "Operating Revenue": 5301000000.0
    },
    "2024-12-31": {
        "Tax Effect Of Unusual Items": 4863121.685538,
        "Tax Rate For Calcs": 0.083847,
        "Normalized EBITDA": 2033600000.0,
        "Total Unusual Items": 58000000.0,
        "Total Unusual Items Excluding Goodwill": 58000000.0,
        "Net Income From Continuing Operation Net Minority Interest": 664100000.0,
        "Reconciled Depreciation": 931100000.0,
        "Reconciled Cost Of Revenue": 1542300000.0,
        "EBITDA": 2091600000.0,
        "EBIT": 1160500000.0,
        "Net Interest Income": -462800000.0,
        "Interest Expense": 462800000.0,
        "Normalized Income": 610963121.685538,
        "Net Income From Continuing And Discontinued Operation": 664100000.0,
        "Total Expenses": 3600700000.0,
        "Total Operating Income As Reported": 1095600000.0,
        "Diluted Average Shares": NaN,
        "Basic Average Shares": NaN,
        "Diluted EPS": NaN,
        "Basic EPS": NaN,
        "Diluted NI Availto Com Stockholders": 664100000.0,
        "Net Income Common Stockholders": 664100000.0,
        "Net Income": 664100000.0,
        "Minority Interests": -1800000.0,
        "Net Income Including Noncontrolling Interests": 665900000.0,
        "Net Income Continuous Operations": 665900000.0,
        "Earnings From Equity Interest Net Of Tax": 26700000.0,
        "Tax Provision": 58500000.0,
        "Pretax Income": 697700000.0,
        "Other Income Expense": 64900000.0,
        "Other Non Operating Income Expenses": 6900000.0,
        "Special Income Charges": 58000000.0,
        "Other Special Charges": -58000000.0,
        "Write Off": 0.0,
        "Net Non Operating Interest Income Expense": -462800000.0,
        "Interest Expense Non Operating": 462800000.0,
        "Operating Income": 1095600000.0,
        "Operating Expense": 1955500000.0,
        "Other Operating Expenses": 742200000.0,
        "Other Taxes": 385100000.0,
        "Depreciation Amortization Depletion Income Statement": 828200000.0,
        "Depreciation And Amortization In Income Statement": 828200000.0,
        "Gross Profit": 3051100000.0,
        "Cost Of Revenue": 1645200000.0,
        "Total Revenue": 4696300000.0,
        "Operating Revenue": 4593700000.0
    },
    "2025-03-31": {
        "Tax Effect Of Unusual Items": 8084485.666105,
        "Tax Rate For Calcs": 0.141091,
        "Normalized EBITDA": 2160500000.0,
        "Total Unusual Items": 57300000.0,
        "Total Unusual Items Excluding Goodwill": 57300000.0,
        "Net Income From Continuing Operation Net Minority Interest": 800200000.0,
        "Reconciled Depreciation": 833400000.0,
        "Reconciled Cost Of Revenue": 2171400000.0,
        "EBITDA": 2217800000.0,
        "EBIT": 1384400000.0,
        "Net Interest Income": -494900000.0,
        "Interest Expense": 494900000.0,
        "Normalized Income": 750984485.666105,
        "Net Income From Continuing And Discontinued Operation": 800200000.0,
        "Total Expenses": 4179200000.0,
        "Total Operating Income As Reported": 1284200000.0,
        "Diluted Average Shares": 534663493.0,
        "Basic Average Shares": 533391487.0,
        "Diluted EPS": 1.5,
        "Basic EPS": 1.5,
        "Diluted NI Availto Com Stockholders": 800200000.0,
        "Net Income Common Stockholders": 800200000.0,
        "Net Income": 800200000.0,
        "Minority Interests": -2000000.0,
        "Net Income Including Noncontrolling Interests": 802200000.0,
        "Net Income Continuous Operations": 802200000.0,
        "Earnings From Equity Interest Net Of Tax": 38200000.0,
        "Tax Provision": 125500000.0,
        "Pretax Income": 889500000.0,
        "Other Income Expense": 100200000.0,
        "Other Non Operating Income Expenses": 42900000.0,
        "Special Income Charges": 57300000.0,
        "Other Special Charges": -57300000.0,
        "Write Off": NaN,
        "Net Non Operating Interest Income Expense": -494900000.0,
        "Interest Expense Non Operating": 494900000.0,
        "Operating Income": 1284200000.0,
        "Operating Expense": 2007800000.0,
        "Other Operating Expenses": 752400000.0,
        "Other Taxes": 422000000.0,
        "Depreciation Amortization Depletion Income Statement": 833400000.0,
        "Depreciation And Amortization In Income Statement": 833400000.0,
        "Gross Profit": 3292000000.0,
        "Cost Of Revenue": 2171400000.0,
        "Total Revenue": 5463400000.0,
        "Operating Revenue": 5331600000.0
    },
    "2025-06-30": {
        "Tax Effect Of Unusual Items": 11991000.0,
        "Tax Rate For Calcs": 0.21,
        "Normalized EBITDA": 2302300000.0,
        "Total Unusual Items": 57100000.0,
        "Total Unusual Items Excluding Goodwill": 57100000.0,
        "Net Income From Continuing Operation Net Minority Interest": 1225800000.0,
        "Reconciled Depreciation": 853100000.0,
        "Reconciled Cost Of Revenue": 1932100000.0,
        "EBITDA": 2359400000.0,
        "EBIT": 1506300000.0,
        "Net Interest Income": -489500000.0,
        "Interest Expense": 489500000.0,
        "Normalized Income": 1180691000.0,
        "Net Income From Continuing And Discontinued Operation": 1225800000.0,
        "Total Expenses": 3687800000.0,
        "Total Operating Income As Reported": 1399100000.0,
        "Diluted Average Shares": 536425635.0,
        "Basic Average Shares": 534283554.0,
        "Diluted EPS": 2.29,
        "Basic EPS": 2.29,
        "Diluted NI Availto Com Stockholders": 1225800000.0,
        "Net Income Common Stockholders": 1225800000.0,
        "Net Income": 1225800000.0,
        "Minority Interests": -62500000.0,
        "Net Income Including Noncontrolling Interests": 1288300000.0,
        "Net Income Continuous Operations": 1288300000.0,
        "Earnings From Equity Interest Net Of Tax": 20600000.0,
        "Tax Provision": -250900000.0,
        "Pretax Income": 1016800000.0,
        "Other Income Expense": 107200000.0,
        "Other Non Operating Income Expenses": 50100000.0,
        "Special Income Charges": 57100000.0,
        "Other Special Charges": -57100000.0,
        "Write Off": 0.0,
        "Net Non Operating Interest Income Expense": -489500000.0,
        "Interest Expense Non Operating": 489500000.0,
        "Operating Income": 1399100000.0,
        "Operating Expense": 1755700000.0,
        "Other Operating Expenses": 537600000.0,
        "Other Taxes": 365000000.0,
        "Depreciation Amortization Depletion Income Statement": 853100000.0,
        "Depreciation And Amortization In Income Statement": 853100000.0,
        "Gross Profit": 3154800000.0,
        "Cost Of Revenue": 1932100000.0,
        "Total Revenue": 5086900000.0,
        "Operating Revenue": 4928100000.0
    },
    "2025-09-30": {
        "Tax Effect Of Unusual Items": 7137000.0,
        "Tax Rate For Calcs": 0.122,
        "Normalized EBITDA": 2447500000.0,
        "Total Unusual Items": 58500000.0,
        "Total Unusual Items Excluding Goodwill": 58500000.0,
        "Net Income From Continuing Operation Net Minority Interest": 972000000.0,
        "Reconciled Depreciation": 879600000.0,
        "Reconciled Cost Of Revenue": 2385300000.0,
        "EBITDA": 2506000000.0,
        "EBIT": 1626400000.0,
        "Net Interest Income": -508500000.0,
        "Interest Expense": 508500000.0,
        "Normalized Income": 920637000.0,
        "Net Income From Continuing And Discontinued Operation": 972000000.0,
        "Total Expenses": 4489000000.0,
        "Total Operating Income As Reported": 1521400000.0,
        "Diluted Average Shares": 537988799.0,
        "Basic Average Shares": 534867357.0,
        "Diluted EPS": 1.81,
        "Basic EPS": 1.82,
        "Diluted NI Availto Com Stockholders": 972000000.0,
        "Net Income Common Stockholders": 972000000.0,
        "Net Income": 972000000.0,
        "Minority Interests": -28300000.0,
        "Net Income Including Noncontrolling Interests": 1000300000.0,
        "Net Income Continuous Operations": 1000300000.0,
        "Earnings From Equity Interest Net Of Tax": 21100000.0,
        "Tax Provision": 138700000.0,
        "Pretax Income": 1117900000.0,
        "Other Income Expense": 105000000.0,
        "Other Non Operating Income Expenses": 46500000.0,
        "Special Income Charges": 58500000.0,
        "Other Special Charges": -58500000.0,
        "Write Off": 0.0,
        "Net Non Operating Interest Income Expense": -508500000.0,
        "Interest Expense Non Operating": 508500000.0,
        "Operating Income": 1521400000.0,
        "Operating Expense": 2103700000.0,
        "Other Operating Expenses": 797800000.0,
        "Other Taxes": 426300000.0,
        "Depreciation Amortization Depletion Income Statement": 879600000.0,
        "Depreciation And Amortization In Income Statement": 879600000.0,
        "Gross Profit": 3625100000.0,
        "Cost Of Revenue": 2385300000.0,
        "Total Revenue": 6010400000.0,
        "Operating Revenue": 5885200000.0
    }
}