{
    "2023-03-31": {
        "Tax Effect Of Unusual Items": NaN,
        "Tax Rate For Calcs": NaN,
        "Normalized EBITDA": NaN,
        "Total Unusual Items": NaN,
        "Total Unusual Items Excluding Goodwill": NaN,
        "Net Income From Continuing Operation Net Minority Interest": NaN,
        "Reconciled Depreciation": NaN,
        "Reconciled Cost Of Revenue": NaN,
        "EBITDA": NaN,
        "EBIT": NaN,
        "Net Interest Income": NaN,
        "Interest Expense": NaN,
        "Interest Income": NaN,
        "Normalized Income": NaN,
        "Net Income From Continuing And Discontinued Operation": NaN,
        "Total Expenses": NaN,
        "Diluted Average Shares": 712000000.0,
        "Basic Average Shares": 669000000.0,
        "Diluted EPS": 0.21,
        "Basic EPS": 0.22,
        "Diluted NI Availto Com Stockholders": NaN,
        "Net Income Common Stockholders": NaN,
        "Otherunder Preferred Stock Dividend": NaN,
        "Net Income": NaN,
        "Minority Interests": NaN,
        "Net Income Including Noncontrolling Interests": NaN,
        "Net Income Continuous Operations": NaN,
        "Earnings From Equity Interest Net Of Tax": NaN,
        "Tax Provision": NaN,
        "Pretax Income": NaN,
        "Other Income Expense": NaN,
        "Other Non Operating Income Expenses": -3000000.0,
        "Special Income Charges": NaN,
        "Gain On Sale Of Ppe": NaN,
        "Gain On Sale Of Business": NaN,
        "Other Special Charges": NaN,
        "Impairment Of Capital Assets": NaN,
        "Restructuring And Mergern Acquisition": NaN,
        "Gain On Sale Of Security": NaN,
        "Net Non Operating Interest Income Expense": NaN,
        "Interest Expense Non Operating": NaN,
        "Interest Income Non Operating": NaN,
        "Operating Income": NaN,
        "Operating Expense": NaN,
        "Other Operating Expenses": NaN,
        "Provision For Doubtful Accounts": NaN,
        "Selling General And Administration": NaN,
        "General And Administrative Expense": NaN,
        "Other Gand A": NaN,
        "Salaries And Wages": NaN,
        "Gross Profit": NaN,
        "Cost Of Revenue": NaN,
        "Total Revenue": NaN,
        "Operating Revenue": NaN
    },
    "2022-12-31": {
        "Tax Effect Of Unusual Items": NaN,
        "Tax Rate For Calcs": NaN,
        "Normalized EBITDA": NaN,
        "Total Unusual Items": NaN,
        "Total Unusual Items Excluding Goodwill": NaN,
        "Net Income From Continuing Operation Net Minority Interest": NaN,
        "Reconciled Depreciation": NaN,
        "Reconciled Cost Of Revenue": NaN,
        "EBITDA": NaN,
        "EBIT": NaN,
        "Net Interest Income": NaN,
        "Interest Expense": NaN,
        "Interest Income": NaN,
        "Normalized Income": NaN,
        "Net Income From Continuing And Discontinued Operation": NaN,
        "Total Expenses": NaN,
        "Diluted Average Shares": NaN,
        "Basic Average Shares": NaN,
        "Diluted EPS": NaN,
        "Basic EPS": NaN,
        "Diluted NI Availto Com Stockholders": NaN,
        "Net Income Common Stockholders": NaN,
        "Otherunder Preferred Stock Dividend": NaN,
        "Net Income": NaN,
        "Minority Interests": NaN,
        "Net Income Including Noncontrolling Interests": NaN,
        "Net Income Discontinuous Operations": 0.0,
        "Net Income Continuous Operations": NaN,
        "Earnings From Equity Interest Net Of Tax": NaN,
        "Tax Provision": NaN,
        "Pretax Income": NaN,
        "Other Income Expense": NaN,
        "Other Non Operating Income Expenses": -169000000.0,
        "Special Income Charges": NaN,
        "Gain On Sale Of Ppe": NaN,
        "Gain On Sale Of Business": NaN,
        "Other Special Charges": NaN,
        "Impairment Of Capital Assets": NaN,
        "Restructuring And Mergern Acquisition": NaN,
        "Gain On Sale Of Security": NaN,
        "Net Non Operating Interest Income Expense": NaN,
        "Interest Expense Non Operating": NaN,
        "Interest Income Non Operating": NaN,
        "Operating Income": NaN,
        "Operating Expense": NaN,
        "Other Operating Expenses": NaN,
        "Provision For Doubtful Accounts": NaN,
        "Selling General And Administration": NaN,
        "General And Administrative Expense": NaN,
        "Other Gand A": NaN,
        "Salaries And Wages": NaN,
        "Gross Profit": NaN,
        "Cost Of Revenue": NaN,
        "Total Revenue": NaN,
        "Operating Revenue": NaN
    },
    "2022-09-30": {
        "Tax Effect Of Unusual Items": NaN,
        "Tax Rate For Calcs": NaN,
        "Normalized EBITDA": NaN,
        "Total Unusual Items": NaN,
        "Total Unusual Items Excluding Goodwill": NaN,
        "Net Income From Continuing Operation Net Minority Interest": NaN,
        "Reconciled Depreciation": NaN,
        "Reconciled Cost Of Revenue": NaN,
        "EBITDA": NaN,
        "EBIT": NaN,
        "Net Interest Income": NaN,
        "Interest Expense": NaN,
        "Interest Income": NaN,
        "Normalized Income": NaN,
        "Net Income From Continuing And Discontinued Operation": NaN,
        "Total Expenses": NaN,
        "Diluted Average Shares": NaN,
        "Basic Average Shares": NaN,
        "Diluted EPS": NaN,
        "Basic EPS": NaN,
        "Diluted NI Availto Com Stockholders": NaN,
        "Net Income Common Stockholders": NaN,
        "Net Income": NaN,
        "Minority Interests": NaN,
        "Net Income Including Noncontrolling Interests": NaN,
        "Net Income Discontinuous Operations": 0.0,
        "Net Income Continuous Operations": NaN,
        "Earnings From Equity Interest Net Of Tax": NaN,
        "Tax Provision": NaN,
        "Pretax Income": NaN,
        "Other Income Expense": NaN,
        "Other Non Operating Income Expenses": -2000000.0,
        "Special Income Charges": NaN,
        "Gain On Sale Of Ppe": NaN,
        "Gain On Sale Of Business": NaN,
        "Other Special Charges": NaN,
        "Impairment Of Capital Assets": NaN,
        "Restructuring And Mergern Acquisition": NaN,
        "Gain On Sale Of Security": NaN,
        "Net Non Operating Interest Income Expense": NaN,
        "Interest Expense Non Operating": NaN,
        "Interest Income Non Operating": NaN,
        "Operating Income": NaN,
        "Operating Expense": NaN,
        "Other Operating Expenses": NaN,
        "Provision For Doubtful Accounts": 0.0,
        "Selling General And Administration": NaN,
        "General And Administrative Expense": NaN,
        "Other Gand A": NaN,
        "Salaries And Wages": 0.0,
        "Gross Profit": NaN,
        "Cost Of Revenue": NaN,
        "Total Revenue": NaN,
        "Operating Revenue": NaN
    },
    "2022-06-30": {
        "Tax Effect Of Unusual Items": -58320000.0,
        "Tax Rate For Calcs": 0.12,
        "Normalized EBITDA": 869000000.0,
        "Total Unusual Items": -486000000.0,
        "Total Unusual Items Excluding Goodwill": -486000000.0,
        "Net Income From Continuing Operation Net Minority Interest": -179000000.0,
        "Reconciled Depreciation": 264000000.0,
        "Reconciled Cost Of Revenue": 2515000000.0,
        "EBITDA": 383000000.0,
        "EBIT": 119000000.0,
        "Net Interest Income": -184000000.0,
        "Interest Expense": 279000000.0,
        "Interest Income": 95000000.0,
        "Normalized Income": 248680000.0,
        "Net Income From Continuing And Discontinued Operation": -179000000.0,
        "Total Expenses": 2581000000.0,
        "Diluted Average Shares": 668000000.0,
        "Basic Average Shares": 662962963.0,
        "Diluted EPS": -0.27,
        "Basic EPS": -0.27,
        "Diluted NI Availto Com Stockholders": -179000000.0,
        "Net Income Common Stockholders": -179000000.0,
        "Net Income": -179000000.0,
        "Minority Interests": -43000000.0,
        "Net Income Including Noncontrolling Interests": -136000000.0,
        "Net Income Discontinuous Operations": 0.0,
        "Net Income Continuous Operations": -136000000.0,
        "Earnings From Equity Interest Net Of Tax": 5000000.0,
        "Tax Provision": -19000000.0,
        "Pretax Income": -160000000.0,
        "Other Income Expense": -473000000.0,
        "Other Non Operating Income Expenses": 13000000.0,
        "Special Income Charges": -463000000.0,
        "Gain On Sale Of Ppe": -5000000.0,
        "Gain On Sale Of Business": -2000000.0,
        "Other Special Charges": -23000000.0,
        "Impairment Of Capital Assets": 482000000.0,
        "Restructuring And Mergern Acquisition": -3000000.0,
        "Gain On Sale Of Security": -23000000.0,
        "Net Non Operating Interest Income Expense": -184000000.0,
        "Interest Expense Non Operating": 279000000.0,
        "Interest Income Non Operating": 95000000.0,
        "Operating Income": 497000000.0,
        "Operating Expense": 66000000.0,
        "Provision For Doubtful Accounts": 20000000.0,
        "Selling General And Administration": 46000000.0,
        "General And Administrative Expense": 46000000.0,
        "Other Gand A": 46000000.0,
        "Salaries And Wages": NaN,
        "Gross Profit": 563000000.0,
        "Cost Of Revenue": 2515000000.0,
        "Total Revenue": 3078000000.0,
        "Operating Revenue": 3078000000.0
    },
    "2023-06-30": {
        "Tax Effect Of Unusual Items": NaN,
        "Tax Rate For Calcs": NaN,
        "Normalized EBITDA": NaN,
        "Total Unusual Items": NaN,
        "Total Unusual Items Excluding Goodwill": NaN,
        "Net Income From Continuing Operation Net Minority Interest": NaN,
        "Reconciled Depreciation": NaN,
        "Reconciled Cost Of Revenue": NaN,
        "EBITDA": NaN,
        "EBIT": NaN,
        "Net Interest Income": NaN,
        "Interest Expense": NaN,
        "Interest Income": NaN,
        "Normalized Income": NaN,
        "Net Income From Continuing And Discontinued Operation": NaN,
        "Total Expenses": NaN,
        "Diluted Average Shares": 669000000.0,
        "Basic Average Shares": 650000000.0,
        "Diluted EPS": -0.06,
        "Basic EPS": -0.06,
        "Diluted NI Availto Com Stockholders": NaN,
        "Net Income Common Stockholders": NaN,
        "Otherunder Preferred Stock Dividend": 0.0,
        "Net Income": NaN,
        "Minority Interests": NaN,
        "Net Income Including Noncontrolling Interests": NaN,
        "Net Income Discontinuous Operations": NaN,
        "Net Income Continuous Operations": NaN,
        "Earnings From Equity Interest Net Of Tax": NaN,
        "Tax Provision": NaN,
        "Pretax Income": NaN,
        "Other Income Expense": NaN,
        "Other Non Operating Income Expenses": NaN,
        "Special Income Charges": NaN,
        "Gain On Sale Of Ppe": NaN,
        "Gain On Sale Of Business": NaN,
        "Other Special Charges": NaN,
        "Impairment Of Capital Assets": NaN,
        "Restructuring And Mergern Acquisition": NaN,
        "Gain On Sale Of Security": NaN,
        "Net Non Operating Interest Income Expense": NaN,
        "Interest Expense Non Operating": NaN,
        "Interest Income Non Operating": NaN,
        "Operating Income": NaN,
        "Operating Expense": NaN,
        "Other Operating Expenses": NaN,
        "Provision For Doubtful Accounts": 0.0,
        "Selling General And Administration": NaN,
        "General And Administrative Expense": NaN,
        "Other Gand A": NaN,
        "Salaries And Wages": 3000000.0,
        "Gross Profit": NaN,
        "Cost Of Revenue": NaN,
        "Total Revenue": NaN,
        "Operating Revenue": NaN
    },
    "2022-03-31": {
        "Diluted EPS": 0.16,
        "Total Revenue": NaN,
        "Gross Profit": 530,
        "Operating Income": 264,
        "EBIT": 534,
        "Net Income": 115
    },
    "2021-12-31": {
        "Diluted EPS": -0.91,
        "Total Revenue": NaN,
        "Gross Profit": 559,
        "Operating Income": NaN,
        "EBIT": NaN,
        "Net Income": -632
    },
    "2021-09-30": {
        "Diluted EPS": 0.48,
        "Total Revenue": NaN,
        "Gross Profit": 760,
        "Operating Income": 586,
        "EBIT": 843,
        "Net Income": 343
    },
    "2021-06-30": {
        "Diluted EPS": 0.04,
        "Total Revenue": NaN,
        "Gross Profit": 728,
        "Operating Income": -130,
        "EBIT": 133,
        "Net Income": 28
    },
    "2021-03-31": {
        "Diluted EPS": -0.22,
        "Total Revenue": NaN,
        "Gross Profit": 664,
        "Operating Income": 9,
        "EBIT": 284,
        "Net Income": -148
    },
    "2020-12-31": {
        "Diluted EPS": 0.47,
        "Total Revenue": NaN,
        "Gross Profit": 906,
        "Operating Income": 579,
        "EBIT": 844,
        "Net Income": 318
    },
    "2020-09-30": {
        "Diluted EPS": -0.5,
        "Total Revenue": NaN,
        "Gross Profit": 756,
        "Operating Income": -516,
        "EBIT": -252,
        "Net Income": -333
    },
    "2020-06-30": {
        "Diluted EPS": -0.12,
        "Total Revenue": NaN,
        "Gross Profit": 524,
        "Operating Income": 263,
        "EBIT": 534,
        "Net Income": -83
    },
    "2020-03-31": {
        "Diluted EPS": 0.22,
        "Total Revenue": NaN,
        "Gross Profit": 507,
        "Operating Income": 364,
        "EBIT": 632,
        "Net Income": 144
    },
    "2019-12-31": {
        "Diluted EPS": -0.12,
        "Total Revenue": NaN,
        "Gross Profit": 560,
        "Operating Income": 197,
        "EBIT": 468,
        "Net Income": -78
    },
    "2019-09-30": {
        "Diluted EPS": 0.32,
        "Total Revenue": NaN,
        "Gross Profit": 701,
        "Operating Income": 424,
        "EBIT": 686,
        "Net Income": 210
    },
    "2019-06-30": {
        "Diluted EPS": 0.02,
        "Total Revenue": NaN,
        "Gross Profit": 502,
        "Operating Income": 118,
        "EBIT": 384,
        "Net Income": 17
    },
    "2019-03-31": {
        "Diluted EPS": 0.23,
        "Total Revenue": NaN,
        "Gross Profit": 586,
        "Operating Income": 354,
        "EBIT": 600,
        "Net Income": 154
    },
    "2018-12-31": {
        "Diluted EPS": 0.19,
        "Total Revenue": NaN,
        "Gross Profit": 646,
        "Operating Income": 493,
        "EBIT": 726,
        "Net Income": 128
    },
    "2018-09-30": {
        "Diluted EPS": 0.15,
        "Total Revenue": NaN,
        "Gross Profit": 671,
        "Operating Income": 332,
        "EBIT": 590,
        "Net Income": 101
    },
    "2018-06-30": {
        "Diluted EPS": 0.44,
        "Total Revenue": NaN,
        "Gross Profit": 600,
        "Operating Income": 342,
        "EBIT": 600,
        "Net Income": 290
    },
    "2018-03-31": {
        "Diluted EPS": 1.03,
        "Total Revenue": NaN,
        "Gross Profit": 656,
        "Operating Income": 998,
        "EBIT": NaN,
        "Net Income": 684
    },
    "2017-12-31": {
        "Diluted EPS": -2.03,
        "Total Revenue": NaN,
        "Gross Profit": 645,
        "Operating Income": 84,
        "EBIT": 369,
        "Net Income": NaN
    },
    "2017-09-30": {
        "Diluted EPS": 0.23,
        "Total Revenue": NaN,
        "Gross Profit": 640,
        "Operating Income": 304,
        "EBIT": 607,
        "Net Income": 152
    },
    "2017-06-30": {
        "Diluted EPS": 0.08,
        "Total Revenue": NaN,
        "Gross Profit": 623,
        "Operating Income": 226,
        "EBIT": 516,
        "Net Income": 53
    },
    "2017-03-31": {
        "Diluted EPS": -0.04,
        "Total Revenue": NaN,
        "Gross Profit": 557,
        "Operating Income": 157,
        "EBIT": 448,
        "Net Income": -24
    },
    "2016-12-31": {
        "Diluted EPS": -1.44,
        "Total Revenue": 239,
        "Gross Profit": 612,
        "Operating Income": -256,
        "EBIT": 43,
        "Net Income": -949
    },
    "2016-09-30": {
        "Diluted EPS": 0.26,
        "Total Revenue": NaN,
        "Gross Profit": 688,
        "Operating Income": 294,
        "EBIT": 585,
        "Net Income": 175
    },
    "2016-06-30": {
        "Diluted EPS": -0.73,
        "Total Revenue": NaN,
        "Gross Profit": 574,
        "Operating Income": -22,
        "EBIT": 274,
        "Net Income": -482
    },
    "2016-03-31": {
        "Diluted EPS": 0.19,
        "Total Revenue": NaN,
        "Gross Profit": 509,
        "Operating Income": 173,
        "EBIT": 463,
        "Net Income": 126
    },
    "2015-12-31": {
        "Diluted EPS": -0.12,
        "Total Revenue": 98,
        "Gross Profit": 522,
        "Operating Income": 98,
        "EBIT": 362,
        "Net Income": -85
    },
    "2015-09-30": {
        "Diluted EPS": 0.26,
        "Total Revenue": NaN,
        "Gross Profit": 665,
        "Operating Income": 160,
        "EBIT": 443,
        "Net Income": 180
    },
    "2015-06-30": {
        "Diluted EPS": 0.1,
        "Total Revenue": NaN,
        "Gross Profit": 755,
        "Operating Income": 396,
        "EBIT": 695,
        "Net Income": 69
    },
    "2015-03-31": {
        "Diluted EPS": 0.2,
        "Total Revenue": NaN,
        "Gross Profit": 721,
        "Operating Income": 335,
        "EBIT": 633,
        "Net Income": 142
    },
    "2014-12-31": {
        "Diluted EPS": 0.29,
        "Total Revenue": NaN,
        "Gross Profit": 600,
        "Operating Income": 369,
        "EBIT": 677,
        "Net Income": 206
    },
    "2014-09-30": {
        "Diluted EPS": 0.67,
        "Total Revenue": NaN,
        "Gross Profit": 767,
        "Operating Income": 622,
        "EBIT": 934,
        "Net Income": 488
    },
    "2014-06-30": {
        "Diluted EPS": 0.18,
        "Total Revenue": NaN,
        "Gross Profit": 819,
        "Operating Income": 462,
        "EBIT": 781,
        "Net Income": 133
    },
    "2014-03-31": {
        "Diluted EPS": -0.08,
        "Total Revenue": NaN,
        "Gross Profit": 794,
        "Operating Income": 118,
        "EBIT": 424,
        "Net Income": -58
    },
    "2013-12-31": {
        "Diluted EPS": -0.27,
        "Total Revenue": NaN,
        "Gross Profit": 670,
        "Operating Income": -112,
        "EBIT": 200,
        "Net Income": -206
    },
    "2013-09-30": {
        "Diluted EPS": 0.09,
        "Total Revenue": NaN,
        "Gross Profit": 927,
        "Operating Income": 572,
        "EBIT": 893,
        "Net Income": 71
    },
    "2013-06-30": {
        "Diluted EPS": 0.22,
        "Total Revenue": NaN,
        "Gross Profit": 901,
        "Operating Income": 407,
        "EBIT": 739,
        "Net Income": 167
    },
    "2013-03-31": {
        "Diluted EPS": 0.11,
        "Total Revenue": NaN,
        "Gross Profit": 749,
        "Operating Income": 310,
        "EBIT": 639,
        "Net Income": 82
    },
    "2012-12-31": {
        "Diluted EPS": 0.27,
        "Total Revenue": NaN,
        "Gross Profit": 851,
        "Operating Income": 543,
        "EBIT": 899,
        "Net Income": 175
    },
    "2012-09-30": {
        "Diluted EPS": -2.1,
        "Total Revenue": NaN,
        "Gross Profit": 967,
        "Operating Income": NaN,
        "EBIT": -951,
        "Net Income": NaN
    },
    "2012-06-30": {
        "Diluted EPS": 0.18,
        "Total Revenue": NaN,
        "Gross Profit": 693,
        "Operating Income": 202,
        "EBIT": 548,
        "Net Income": 140
    },
    "2012-03-31": {
        "Diluted EPS": 0.44,
        "Total Revenue": NaN,
        "Gross Profit": NaN,
        "Operating Income": 818,
        "EBIT": NaN,
        "Net Income": 341
    },
    "2011-12-31": {
        "Diluted EPS": -0.26,
        "Total Revenue": NaN,
        "Gross Profit": NaN,
        "Operating Income": 685,
        "EBIT": NaN,
        "Net Income": -209
    },
    "2011-09-30": {
        "Diluted EPS": -0.17,
        "Total Revenue": NaN,
        "Gross Profit": NaN,
        "Operating Income": 348,
        "EBIT": 673,
        "Net Income": -131
    },
    "2011-06-30": {
        "Diluted EPS": 0.22,
        "Total Revenue": NaN,
        "Gross Profit": 992,
        "Operating Income": 614,
        "EBIT": 931,
        "Net Income": 174
    },
    "2011-03-31": {
        "Diluted EPS": 0.28,
        "Total Revenue": NaN,
        "Gross Profit": 993,
        "Operating Income": 695,
        "EBIT": NaN,
        "Net Income": 224
    },
    "2010-12-31": {
        "Diluted EPS": -0.58,
        "Total Revenue": NaN,
        "Gross Profit": 890,
        "Operating Income": 415,
        "EBIT": 717,
        "Net Income": -436
    },
    "2010-09-30": {
        "Diluted EPS": 0.14,
        "Total Revenue": NaN,
        "Gross Profit": 967,
        "Operating Income": 367,
        "EBIT": 659,
        "Net Income": 114
    },
    "2010-06-30": {
        "Diluted EPS": 0.18,
        "Total Revenue": NaN,
        "Gross Profit": NaN,
        "Operating Income": 561,
        "EBIT": 852,
        "Net Income": 144
    },
    "2010-03-31": {
        "Diluted EPS": 0.27,
        "Total Revenue": NaN,
        "Gross Profit": 961,
        "Operating Income": 554,
        "EBIT": 847,
        "Net Income": 187
    },
    "2009-12-31": {
        "Diluted EPS": -0.08,
        "Total Revenue": NaN,
        "Gross Profit": 731,
        "Operating Income": 462,
        "EBIT": 744,
        "Net Income": -48
    },
    "2009-09-30": {
        "Diluted EPS": 0.28,
        "Total Revenue": NaN,
        "Gross Profit": 967,
        "Operating Income": 601,
        "EBIT": 870,
        "Net Income": 185
    },
    "2009-06-30": {
        "Diluted EPS": 0.45,
        "Total Revenue": NaN,
        "Gross Profit": 803,
        "Operating Income": 558,
        "EBIT": 811,
        "Net Income": 303
    },
    "2009-03-31": {
        "Diluted EPS": 0.33,
        "Total Revenue": NaN,
        "Gross Profit": 856,
        "Operating Income": 659,
        "EBIT": 904,
        "Net Income": 218
    },
    "2023-09-30": {
        "Tax Effect Of Unusual Items": NaN,
        "Tax Rate For Calcs": NaN,
        "Normalized EBITDA": NaN,
        "Total Unusual Items": NaN,
        "Total Unusual Items Excluding Goodwill": NaN,
        "Net Income From Continuing Operation Net Minority Interest": NaN,
        "Reconciled Depreciation": NaN,
        "Reconciled Cost Of Revenue": NaN,
        "EBITDA": NaN,
        "EBIT": NaN,
        "Net Interest Income": NaN,
        "Interest Expense": NaN,
        "Interest Income": NaN,
        "Normalized Income": NaN,
        "Net Income From Continuing And Discontinued Operation": NaN,
        "Total Expenses": NaN,
        "Diluted Average Shares": NaN,
        "Basic Average Shares": NaN,
        "Diluted EPS": NaN,
        "Basic EPS": NaN,
        "Diluted NI Availto Com Stockholders": NaN,
        "Net Income Common Stockholders": NaN,
        "Otherunder Preferred Stock Dividend": NaN,
        "Net Income": NaN,
        "Minority Interests": NaN,
        "Net Income Including Noncontrolling Interests": NaN,
        "Net Income Discontinuous Operations": 0.0,
        "Net Income Continuous Operations": NaN,
        "Earnings From Equity Interest Net Of Tax": NaN,
        "Tax Provision": NaN,
        "Pretax Income": NaN,
        "Other Income Expense": NaN,
        "Other Non Operating Income Expenses": NaN,
        "Special Income Charges": NaN,
        "Gain On Sale Of Ppe": NaN,
        "Gain On Sale Of Business": NaN,
        "Other Special Charges": NaN,
        "Impairment Of Capital Assets": NaN,
        "Restructuring And Mergern Acquisition": NaN,
        "Gain On Sale Of Security": NaN,
        "Net Non Operating Interest Income Expense": NaN,
        "Interest Expense Non Operating": NaN,
        "Interest Income Non Operating": NaN,
        "Operating Income": NaN,
        "Operating Expense": NaN,
        "Other Operating Expenses": NaN,
        "Provision For Doubtful Accounts": 0.0,
        "Selling General And Administration": NaN,
        "General And Administrative Expense": NaN,
        "Other Gand A": NaN,
        "Salaries And Wages": 2000000.0,
        "Gross Profit": NaN,
        "Cost Of Revenue": NaN,
        "Total Revenue": NaN,
        "Operating Revenue": NaN
    },
    "2023-12-31": {
        "Tax Effect Of Unusual Items": NaN,
        "Tax Rate For Calcs": NaN,
        "Normalized EBITDA": NaN,
        "Total Unusual Items": NaN,
        "Total Unusual Items Excluding Goodwill": NaN,
        "Net Income From Continuing Operation Net Minority Interest": NaN,
        "Reconciled Depreciation": NaN,
        "Reconciled Cost Of Revenue": NaN,
        "EBITDA": NaN,
        "EBIT": NaN,
        "Net Interest Income": NaN,
        "Interest Expense": NaN,
        "Interest Income": NaN,
        "Normalized Income": NaN,
        "Net Income From Continuing And Discontinued Operation": NaN,
        "Total Expenses": NaN,
        "Diluted Average Shares": NaN,
        "Basic Average Shares": NaN,
        "Diluted EPS": NaN,
        "Basic EPS": NaN,
        "Diluted NI Availto Com Stockholders": NaN,
        "Net Income Common Stockholders": NaN,
        "Otherunder Preferred Stock Dividend": NaN,
        "Net Income": NaN,
        "Minority Interests": NaN,
        "Net Income Including Noncontrolling Interests": NaN,
        "Net Income Discontinuous Operations": NaN,
        "Net Income Continuous Operations": NaN,
        "Earnings From Equity Interest Net Of Tax": NaN,
        "Tax Provision": NaN,
        "Pretax Income": NaN,
        "Other Income Expense": NaN,
        "Other Non Operating Income Expenses": NaN,
        "Special Income Charges": NaN,
        "Gain On Sale Of Ppe": NaN,
        "Gain On Sale Of Business": NaN,
        "Other Special Charges": NaN,
        "Write Off": NaN,
        "Impairment Of Capital Assets": NaN,
        "Restructuring And Mergern Acquisition": NaN,
        "Gain On Sale Of Security": NaN,
        "Net Non Operating Interest Income Expense": NaN,
        "Interest Expense Non Operating": NaN,
        "Interest Income Non Operating": NaN,
        "Operating Income": NaN,
        "Operating Expense": NaN,
        "Other Operating Expenses": NaN,
        "Provision For Doubtful Accounts": NaN,
        "Selling General And Administration": NaN,
        "General And Administrative Expense": NaN,
        "Other Gand A": NaN,
        "Salaries And Wages": 3000000.0,
        "Gross Profit": NaN,
        "Cost Of Revenue": NaN,
        "Total Revenue": NaN,
        "Operating Revenue": NaN
    },
    "2024-03-31": {
        "Tax Effect Of Unusual Items": NaN,
        "Tax Rate For Calcs": NaN,
        "Normalized EBITDA": NaN,
        "Total Unusual Items": NaN,
        "Total Unusual Items Excluding Goodwill": NaN,
        "Net Income From Continuing Operation Net Minority Interest": NaN,
        "Reconciled Depreciation": NaN,
        "Reconciled Cost Of Revenue": NaN,
        "EBITDA": NaN,
        "EBIT": NaN,
        "Net Interest Income": NaN,
        "Interest Expense": NaN,
        "Interest Income": NaN,
        "Normalized Income": NaN,
        "Net Income From Continuing And Discontinued Operation": NaN,
        "Total Expenses": NaN,
        "Diluted Average Shares": NaN,
        "Basic Average Shares": NaN,
        "Diluted EPS": NaN,
        "Basic EPS": NaN,
        "Diluted NI Availto Com Stockholders": NaN,
        "Net Income Common Stockholders": NaN,
        "Otherunder Preferred Stock Dividend": 6000000.0,
        "Net Income": NaN,
        "Minority Interests": NaN,
        "Net Income Including Noncontrolling Interests": NaN,
        "Net Income Discontinuous Operations": NaN,
        "Net Income Continuous Operations": NaN,
        "Earnings From Equity Interest Net Of Tax": NaN,
        "Tax Provision": NaN,
        "Pretax Income": NaN,
        "Other Income Expense": NaN,
        "Other Non Operating Income Expenses": NaN,
        "Special Income Charges": NaN,
        "Gain On Sale Of Ppe": NaN,
        "Gain On Sale Of Business": NaN,
        "Other Special Charges": NaN,
        "Write Off": NaN,
        "Impairment Of Capital Assets": 46000000.0,
        "Restructuring And Mergern Acquisition": NaN,
        "Gain On Sale Of Security": NaN,
        "Net Non Operating Interest Income Expense": NaN,
        "Interest Expense Non Operating": NaN,
        "Interest Income Non Operating": NaN,
        "Operating Income": NaN,
        "Operating Expense": NaN,
        "Other Operating Expenses": 6000000.0,
        "Provision For Doubtful Accounts": NaN,
        "Selling General And Administration": NaN,
        "General And Administrative Expense": NaN,
        "Other Gand A": NaN,
        "Salaries And Wages": NaN,
        "Gross Profit": NaN,
        "Cost Of Revenue": NaN,
        "Total Revenue": NaN,
        "Operating Revenue": NaN
    },
    "2024-06-30": {
        "Tax Effect Of Unusual Items": NaN,
        "Tax Rate For Calcs": NaN,
        "Normalized EBITDA": NaN,
        "Total Unusual Items": NaN,
        "Total Unusual Items Excluding Goodwill": NaN,
        "Net Income From Continuing Operation Net Minority Interest": NaN,
        "Reconciled Depreciation": NaN,
        "Reconciled Cost Of Revenue": NaN,
        "EBITDA": NaN,
        "EBIT": NaN,
        "Net Interest Income": NaN,
        "Interest Expense": NaN,
        "Interest Income": NaN,
        "Normalized Income": NaN,
        "Net Income From Continuing And Discontinued Operation": NaN,
        "Total Expenses": NaN,
        "Diluted Average Shares": NaN,
        "Basic Average Shares": NaN,
        "Diluted EPS": NaN,
        "Basic EPS": NaN,
        "Diluted NI Availto Com Stockholders": NaN,
        "Net Income Common Stockholders": NaN,
        "Otherunder Preferred Stock Dividend": -6000000.0,
        "Net Income": NaN,
        "Minority Interests": NaN,
        "Net Income Including Noncontrolling Interests": NaN,
        "Net Income Discontinuous Operations": NaN,
        "Net Income Continuous Operations": NaN,
        "Earnings From Equity Interest Net Of Tax": NaN,
        "Tax Provision": NaN,
        "Pretax Income": NaN,
        "Other Income Expense": NaN,
        "Other Non Operating Income Expenses": NaN,
        "Special Income Charges": NaN,
        "Gain On Sale Of Ppe": NaN,
        "Gain On Sale Of Business": NaN,
        "Other Special Charges": NaN,
        "Write Off": NaN,
        "Impairment Of Capital Assets": 230000000.0,
        "Restructuring And Mergern Acquisition": NaN,
        "Gain On Sale Of Security": NaN,
        "Net Non Operating Interest Income Expense": NaN,
        "Interest Expense Non Operating": NaN,
        "Interest Income Non Operating": NaN,
        "Operating Income": NaN,
        "Operating Expense": NaN,
        "Other Operating Expenses": NaN,
        "Provision For Doubtful Accounts": 1000000.0,
        "Selling General And Administration": NaN,
        "General And Administrative Expense": NaN,
        "Other Gand A": NaN,
        "Salaries And Wages": 3000000.0,
        "Gross Profit": NaN,
        "Cost Of Revenue": NaN,
        "Total Revenue": NaN,
        "Operating Revenue": NaN
    },
    "2024-09-30": {
        "Tax Effect Of Unusual Items": -35030000.0,
        "Tax Rate For Calcs": 0.31,
        "Normalized EBITDA": 1138000000.0,
        "Total Unusual Items": -113000000.0,
        "Total Unusual Items Excluding Goodwill": -113000000.0,
        "Net Income From Continuing Operation Net Minority Interest": 511000000.0,
        "Reconciled Depreciation": 312000000.0,
        "Reconciled Cost Of Revenue": 2567000000.0,
        "EBITDA": 1025000000.0,
        "EBIT": 713000000.0,
        "Net Interest Income": -260000000.0,
        "Interest Expense": 379000000.0,
        "Interest Income": 119000000.0,
        "Normalized Income": 588970000.0,
        "Net Income From Continuing And Discontinued Operation": 504000000.0,
        "Total Expenses": 2624000000.0,
        "Diluted Average Shares": 713000000.0,
        "Basic Average Shares": 711000000.0,
        "Diluted EPS": 0.71,
        "Basic EPS": 0.71,
        "Diluted NI Availto Com Stockholders": 504000000.0,
        "Net Income Common Stockholders": 504000000.0,
        "Otherunder Preferred Stock Dividend": NaN,
        "Net Income": 504000000.0,
        "Minority Interests": 289000000.0,
        "Net Income Including Noncontrolling Interests": 215000000.0,
        "Net Income Discontinuous Operations": -7000000.0,
        "Net Income Continuous Operations": 222000000.0,
        "Earnings From Equity Interest Net Of Tax": -9000000.0,
        "Tax Provision": 103000000.0,
        "Pretax Income": 334000000.0,
        "Other Income Expense": -70000000.0,
        "Other Non Operating Income Expenses": 43000000.0,
        "Special Income Charges": -86000000.0,
        "Gain On Sale Of Ppe": -6000000.0,
        "Gain On Sale Of Business": -1000000.0,
        "Other Special Charges": -2000000.0,
        "Write Off": 74000000.0,
        "Impairment Of Capital Assets": 79000000.0,
        "Restructuring And Mergern Acquisition": 7000000.0,
        "Gain On Sale Of Security": -27000000.0,
        "Net Non Operating Interest Income Expense": -260000000.0,
        "Interest Expense Non Operating": 379000000.0,
        "Interest Income Non Operating": 119000000.0,
        "Operating Income": 665000000.0,
        "Operating Expense": 57000000.0,
        "Other Operating Expenses": NaN,
        "Provision For Doubtful Accounts": NaN,
        "Selling General And Administration": 57000000.0,
        "General And Administrative Expense": 57000000.0,
        "Other Gand A": 57000000.0,
        "Salaries And Wages": NaN,
        "Gross Profit": 722000000.0,
        "Cost Of Revenue": 2567000000.0,
        "Total Revenue": 3289000000.0,
        "Operating Revenue": 3289000000.0
    },
    "2024-12-31": {
        "Tax Effect Of Unusual Items": 6961643.835616,
        "Tax Rate For Calcs": 0.019178,
        "Normalized EBITDA": 700000000.0,
        "Total Unusual Items": 363000000.0,
        "Total Unusual Items Excluding Goodwill": 363000000.0,
        "Net Income From Continuing Operation Net Minority Interest": 560000000.0,
        "Reconciled Depreciation": 338000000.0,
        "Reconciled Cost Of Revenue": 2542000000.0,
        "EBITDA": 1063000000.0,
        "EBIT": 725000000.0,
        "Net Interest Income": -291000000.0,
        "Interest Expense": 360000000.0,
        "Interest Income": 69000000.0,
        "Normalized Income": 203961643.835616,
        "Net Income From Continuing And Discontinued Operation": 560000000.0,
        "Total Expenses": 2632000000.0,
        "Diluted Average Shares": 713000000.0,
        "Basic Average Shares": 708860759.0,
        "Diluted EPS": 0.79,
        "Basic EPS": 0.79,
        "Diluted NI Availto Com Stockholders": 560000000.0,
        "Net Income Common Stockholders": 560000000.0,
        "Otherunder Preferred Stock Dividend": NaN,
        "Net Income": 560000000.0,
        "Minority Interests": 207000000.0,
        "Net Income Including Noncontrolling Interests": 353000000.0,
        "Net Income Discontinuous Operations": 0.0,
        "Net Income Continuous Operations": 353000000.0,
        "Earnings From Equity Interest Net Of Tax": -5000000.0,
        "Tax Provision": 7000000.0,
        "Pretax Income": 365000000.0,
        "Other Income Expense": 326000000.0,
        "Other Non Operating Income Expenses": -37000000.0,
        "Special Income Charges": 330000000.0,
        "Gain On Sale Of Ppe": 2000000.0,
        "Gain On Sale Of Business": 308000000.0,
        "Other Special Charges": -2000000.0,
        "Write Off": 7000000.0,
        "Impairment Of Capital Assets": 19000000.0,
        "Restructuring And Mergern Acquisition": -25000000.0,
        "Gain On Sale Of Security": 33000000.0,
        "Net Non Operating Interest Income Expense": -291000000.0,
        "Interest Expense Non Operating": 360000000.0,
        "Interest Income Non Operating": 69000000.0,
        "Operating Income": 330000000.0,
        "Operating Expense": 90000000.0,
        "Other Operating Expenses": NaN,
        "Provision For Doubtful Accounts": NaN,
        "Selling General And Administration": 90000000.0,
        "General And Administrative Expense": 90000000.0,
        "Other Gand A": 90000000.0,
        "Salaries And Wages": NaN,
        "Gross Profit": 420000000.0,
        "Cost Of Revenue": 2542000000.0,
        "Total Revenue": 2962000000.0,
        "Operating Revenue": 2962000000.0
    },
    "2025-03-31": {
        "Tax Effect Of Unusual Items": -22680000.0,
        "Tax Rate For Calcs": 0.21,
        "Normalized EBITDA": 765000000.0,
        "Total Unusual Items": -108000000.0,
        "Total Unusual Items Excluding Goodwill": -108000000.0,
        "Net Income From Continuing Operation Net Minority Interest": 46000000.0,
        "Reconciled Depreciation": 337000000.0,
        "Reconciled Cost Of Revenue": 2485000000.0,
        "EBITDA": 657000000.0,
        "EBIT": 320000000.0,
        "Net Interest Income": -273000000.0,
        "Interest Expense": 342000000.0,
        "Interest Income": 69000000.0,
        "Normalized Income": 131320000.0,
        "Net Income From Continuing And Discontinued Operation": 46000000.0,
        "Total Expenses": 2562000000.0,
        "Diluted Average Shares": 713000000.0,
        "Basic Average Shares": 711000000.0,
        "Diluted EPS": 0.07,
        "Basic EPS": 0.07,
        "Diluted NI Availto Com Stockholders": 46000000.0,
        "Net Income Common Stockholders": 46000000.0,
        "Otherunder Preferred Stock Dividend": 0.0,
        "Net Income": 46000000.0,
        "Minority Interests": 119000000.0,
        "Net Income Including Noncontrolling Interests": -73000000.0,
        "Net Income Discontinuous Operations": NaN,
        "Net Income Continuous Operations": -73000000.0,
        "Earnings From Equity Interest Net Of Tax": -34000000.0,
        "Tax Provision": 17000000.0,
        "Pretax Income": -22000000.0,
        "Other Income Expense": -113000000.0,
        "Other Non Operating Income Expenses": -5000000.0,
        "Special Income Charges": -98000000.0,
        "Gain On Sale Of Ppe": -3000000.0,
        "Gain On Sale Of Business": -1000000.0,
        "Other Special Charges": 7000000.0,
        "Write Off": 49000000.0,
        "Impairment Of Capital Assets": 49000000.0,
        "Restructuring And Mergern Acquisition": 38000000.0,
        "Gain On Sale Of Security": -10000000.0,
        "Net Non Operating Interest Income Expense": -273000000.0,
        "Interest Expense Non Operating": 342000000.0,
        "Interest Income Non Operating": 69000000.0,
        "Operating Income": 364000000.0,
        "Operating Expense": 77000000.0,
        "Other Operating Expenses": NaN,
        "Provision For Doubtful Accounts": NaN,
        "Selling General And Administration": 77000000.0,
        "General And Administrative Expense": 77000000.0,
        "Other Gand A": 77000000.0,
        "Salaries And Wages": NaN,
        "Gross Profit": 441000000.0,
        "Cost Of Revenue": 2485000000.0,
        "Total Revenue": 2926000000.0,
        "Operating Revenue": 2926000000.0
    },
    "2025-06-30": {
        "Tax Effect Of Unusual Items": 34020000.0,
        "Tax Rate For Calcs": 0.21,
        "Normalized EBITDA": 583000000.0,
        "Total Unusual Items": 162000000.0,
        "Total Unusual Items Excluding Goodwill": 162000000.0,
        "Net Income From Continuing Operation Net Minority Interest": -95000000.0,
        "Reconciled Depreciation": 354000000.0,
        "Reconciled Cost Of Revenue": 2402000000.0,
        "EBITDA": 745000000.0,
        "EBIT": 391000000.0,
        "Net Interest Income": -282000000.0,
        "Interest Expense": 352000000.0,
        "Interest Income": 70000000.0,
        "Normalized Income": -222980000.0,
        "Net Income From Continuing And Discontinued Operation": -95000000.0,
        "Total Expenses": 2451000000.0,
        "Diluted Average Shares": 712000000.0,
        "Basic Average Shares": 700000000.0,
        "Diluted EPS": -0.15,
        "Basic EPS": -0.15,
        "Diluted NI Availto Com Stockholders": -105000000.0,
        "Net Income Common Stockholders": -105000000.0,
        "Otherunder Preferred Stock Dividend": 10000000.0,
        "Net Income": -95000000.0,
        "Minority Interests": 55000000.0,
        "Net Income Including Noncontrolling Interests": -150000000.0,
        "Net Income Discontinuous Operations": NaN,
        "Net Income Continuous Operations": -150000000.0,
        "Earnings From Equity Interest Net Of Tax": -22000000.0,
        "Tax Provision": 167000000.0,
        "Pretax Income": 39000000.0,
        "Other Income Expense": -83000000.0,
        "Other Non Operating Income Expenses": -245000000.0,
        "Special Income Charges": 187000000.0,
        "Gain On Sale Of Ppe": -4000000.0,
        "Gain On Sale Of Business": 70000000.0,
        "Other Special Charges": 5000000.0,
        "Write Off": -106000000.0,
        "Impairment Of Capital Assets": NaN,
        "Restructuring And Mergern Acquisition": -20000000.0,
        "Gain On Sale Of Security": -25000000.0,
        "Net Non Operating Interest Income Expense": -282000000.0,
        "Interest Expense Non Operating": 352000000.0,
        "Interest Income Non Operating": 70000000.0,
        "Operating Income": 404000000.0,
        "Operating Expense": 49000000.0,
        "Other Operating Expenses": NaN,
        "Provision For Doubtful Accounts": NaN,
        "Selling General And Administration": 49000000.0,
        "General And Administrative Expense": 49000000.0,
        "Other Gand A": 49000000.0,
        "Salaries And Wages": NaN,
        "Gross Profit": 453000000.0,
        "Cost Of Revenue": 2402000000.0,
        "Total Revenue": 2855000000.0,
        "Operating Revenue": 2855000000.0
    },
    "2025-09-30": {
        "Tax Effect Of Unusual Items": -12390000.0,
        "Tax Rate For Calcs": 0.21,
        "Normalized EBITDA": 1099000000.0,
        "Total Unusual Items": -59000000.0,
        "Total Unusual Items Excluding Goodwill": -59000000.0,
        "Net Income From Continuing Operation Net Minority Interest": 676000000.0,
        "Reconciled Depreciation": 365000000.0,
        "Reconciled Cost Of Revenue": 2616000000.0,
        "EBITDA": 1040000000.0,
        "EBIT": 675000000.0,
        "Net Interest Income": -272000000.0,
        "Interest Expense": 348000000.0,
        "Interest Income": 76000000.0,
        "Normalized Income": 722610000.0,
        "Net Income From Continuing And Discontinued Operation": 639000000.0,
        "Total Expenses": 2662000000.0,
        "Diluted Average Shares": 714000000.0,
        "Basic Average Shares": 712000000.0,
        "Diluted EPS": 0.89,
        "Basic EPS": 0.89,
        "Diluted NI Availto Com Stockholders": 634000000.0,
        "Net Income Common Stockholders": 634000000.0,
        "Otherunder Preferred Stock Dividend": 5000000.0,
        "Net Income": 639000000.0,
        "Minority Interests": 122000000.0,
        "Net Income Including Noncontrolling Interests": 517000000.0,
        "Net Income Discontinuous Operations": -37000000.0,
        "Net Income Continuous Operations": 554000000.0,
        "Earnings From Equity Interest Net Of Tax": 1000000.0,
        "Tax Provision": -226000000.0,
        "Pretax Income": 327000000.0,
        "Other Income Expense": -90000000.0,
        "Other Non Operating Income Expenses": -31000000.0,
        "Special Income Charges": -41000000.0,
        "Gain On Sale Of Ppe": -6000000.0,
        "Gain On Sale Of Business": 1000000.0,
        "Other Special Charges": 1000000.0,
        "Write Off": 31000000.0,
        "Impairment Of Capital Assets": NaN,
        "Restructuring And Mergern Acquisition": 4000000.0,
        "Gain On Sale Of Security": -18000000.0,
        "Net Non Operating Interest Income Expense": -272000000.0,
        "Interest Expense Non Operating": 348000000.0,
        "Interest Income Non Operating": 76000000.0,
        "Operating Income": 689000000.0,
        "Operating Expense": 46000000.0,
        "Other Operating Expenses": NaN,
        "Provision For Doubtful Accounts": NaN,
        "Selling General And Administration": 46000000.0,
        "General And Administrative Expense": 46000000.0,
        "Other Gand A": 46000000.0,
        "Salaries And Wages": NaN,
        "Gross Profit": 735000000.0,
        "Cost Of Revenue": 2616000000.0,
        "Total Revenue": 3351000000.0,
        "Operating Revenue": 3351000000.0
    }
}