{
    "2024-03-31": {
        "Tax Effect Of Unusual Items": NaN,
        "Tax Rate For Calcs": NaN,
        "Normalized EBITDA": NaN,
        "Total Unusual Items": NaN,
        "Total Unusual Items Excluding Goodwill": NaN,
        "Net Income From Continuing Operation Net Minority Interest": NaN,
        "Reconciled Depreciation": NaN,
        "Reconciled Cost Of Revenue": NaN,
        "EBITDA": NaN,
        "EBIT": NaN,
        "Net Interest Income": NaN,
        "Interest Expense": NaN,
        "Normalized Income": NaN,
        "Net Income From Continuing And Discontinued Operation": NaN,
        "Total Expenses": NaN,
        "Total Operating Income As Reported": NaN,
        "Diluted Average Shares": NaN,
        "Basic Average Shares": NaN,
        "Diluted EPS": NaN,
        "Basic EPS": NaN,
        "Diluted NI Availto Com Stockholders": NaN,
        "Net Income Common Stockholders": NaN,
        "Net Income": NaN,
        "Net Income Including Noncontrolling Interests": NaN,
        "Net Income Continuous Operations": NaN,
        "Tax Provision": NaN,
        "Pretax Income": NaN,
        "Other Income Expense": NaN,
        "Other Non Operating Income Expenses": NaN,
        "Special Income Charges": NaN,
        "Gain On Sale Of Ppe": NaN,
        "Other Special Charges": NaN,
        "Net Non Operating Interest Income Expense": NaN,
        "Interest Expense Non Operating": NaN,
        "Operating Income": NaN,
        "Operating Expense": NaN,
        "Provision For Doubtful Accounts": NaN,
        "Depreciation Amortization Depletion Income Statement": NaN,
        "Depreciation And Amortization In Income Statement": NaN,
        "Amortization": NaN,
        "Amortization Of Intangibles Income Statement": NaN,
        "Selling General And Administration": NaN,
        "General And Administrative Expense": 28008000.0,
        "Other Gand A": 23802000.0,
        "Salaries And Wages": 4206000.0,
        "Gross Profit": NaN,
        "Cost Of Revenue": NaN,
        "Total Revenue": NaN,
        "Operating Revenue": NaN
    },
    "2023-12-31": {
        "Tax Effect Of Unusual Items": NaN,
        "Tax Rate For Calcs": NaN,
        "Normalized EBITDA": NaN,
        "Total Unusual Items": NaN,
        "Total Unusual Items Excluding Goodwill": NaN,
        "Net Income From Continuing Operation Net Minority Interest": NaN,
        "Reconciled Depreciation": NaN,
        "Reconciled Cost Of Revenue": NaN,
        "EBITDA": NaN,
        "EBIT": NaN,
        "Net Interest Income": NaN,
        "Interest Expense": NaN,
        "Normalized Income": NaN,
        "Net Income From Continuing And Discontinued Operation": NaN,
        "Total Expenses": NaN,
        "Total Operating Income As Reported": NaN,
        "Diluted Average Shares": NaN,
        "Basic Average Shares": NaN,
        "Diluted EPS": NaN,
        "Basic EPS": NaN,
        "Diluted NI Availto Com Stockholders": NaN,
        "Net Income Common Stockholders": NaN,
        "Otherunder Preferred Stock Dividend": 0.0,
        "Net Income": NaN,
        "Minority Interests": -313000.0,
        "Net Income Including Noncontrolling Interests": NaN,
        "Net Income Continuous Operations": NaN,
        "Tax Provision": NaN,
        "Pretax Income": NaN,
        "Other Income Expense": NaN,
        "Other Non Operating Income Expenses": NaN,
        "Special Income Charges": NaN,
        "Gain On Sale Of Ppe": NaN,
        "Other Special Charges": NaN,
        "Net Non Operating Interest Income Expense": NaN,
        "Interest Expense Non Operating": NaN,
        "Operating Income": NaN,
        "Operating Expense": NaN,
        "Provision For Doubtful Accounts": NaN,
        "Depreciation Amortization Depletion Income Statement": NaN,
        "Depreciation And Amortization In Income Statement": NaN,
        "Amortization": NaN,
        "Amortization Of Intangibles Income Statement": NaN,
        "Selling General And Administration": NaN,
        "General And Administrative Expense": NaN,
        "Other Gand A": NaN,
        "Salaries And Wages": NaN,
        "Gross Profit": NaN,
        "Cost Of Revenue": NaN,
        "Total Revenue": NaN,
        "Operating Revenue": NaN
    },
    "2023-09-30": {
        "Tax Effect Of Unusual Items": NaN,
        "Tax Rate For Calcs": NaN,
        "Normalized EBITDA": NaN,
        "Total Unusual Items": 0.0,
        "Total Unusual Items Excluding Goodwill": 0.0,
        "Net Income From Continuing Operation Net Minority Interest": NaN,
        "Reconciled Depreciation": NaN,
        "Reconciled Cost Of Revenue": NaN,
        "EBITDA": NaN,
        "EBIT": NaN,
        "Net Interest Income": NaN,
        "Interest Expense": NaN,
        "Normalized Income": NaN,
        "Net Income From Continuing And Discontinued Operation": NaN,
        "Total Expenses": NaN,
        "Total Operating Income As Reported": NaN,
        "Diluted Average Shares": NaN,
        "Basic Average Shares": NaN,
        "Diluted EPS": NaN,
        "Basic EPS": NaN,
        "Diluted NI Availto Com Stockholders": NaN,
        "Net Income Common Stockholders": NaN,
        "Otherunder Preferred Stock Dividend": 0.0,
        "Net Income": NaN,
        "Minority Interests": -26887000.0,
        "Net Income Including Noncontrolling Interests": NaN,
        "Net Income Continuous Operations": NaN,
        "Tax Provision": NaN,
        "Pretax Income": NaN,
        "Other Income Expense": NaN,
        "Other Non Operating Income Expenses": NaN,
        "Special Income Charges": 0.0,
        "Gain On Sale Of Ppe": 0.0,
        "Other Special Charges": NaN,
        "Net Non Operating Interest Income Expense": NaN,
        "Interest Expense Non Operating": NaN,
        "Operating Income": NaN,
        "Operating Expense": NaN,
        "Depreciation Amortization Depletion Income Statement": NaN,
        "Depreciation And Amortization In Income Statement": NaN,
        "Amortization": NaN,
        "Amortization Of Intangibles Income Statement": NaN,
        "Selling General And Administration": NaN,
        "General And Administrative Expense": NaN,
        "Other Gand A": NaN,
        "Salaries And Wages": NaN,
        "Gross Profit": NaN,
        "Cost Of Revenue": NaN,
        "Total Revenue": NaN,
        "Operating Revenue": NaN
    },
    "2023-06-30": {
        "Tax Effect Of Unusual Items": NaN,
        "Tax Rate For Calcs": NaN,
        "Normalized EBITDA": NaN,
        "Total Unusual Items": 0.0,
        "Total Unusual Items Excluding Goodwill": 0.0,
        "Net Income From Continuing Operation Net Minority Interest": NaN,
        "Reconciled Depreciation": NaN,
        "Reconciled Cost Of Revenue": NaN,
        "EBITDA": NaN,
        "EBIT": NaN,
        "Net Interest Income": NaN,
        "Interest Expense": NaN,
        "Normalized Income": NaN,
        "Net Income From Continuing And Discontinued Operation": NaN,
        "Total Expenses": NaN,
        "Total Operating Income As Reported": NaN,
        "Diluted Average Shares": 57420000.0,
        "Basic Average Shares": 57148000.0,
        "Diluted EPS": 0.67,
        "Basic EPS": 0.67,
        "Diluted NI Availto Com Stockholders": NaN,
        "Net Income Common Stockholders": NaN,
        "Otherunder Preferred Stock Dividend": 0.0,
        "Net Income": NaN,
        "Minority Interests": -32693000.0,
        "Net Income Including Noncontrolling Interests": NaN,
        "Net Income Continuous Operations": NaN,
        "Tax Provision": NaN,
        "Pretax Income": NaN,
        "Other Income Expense": NaN,
        "Other Non Operating Income Expenses": NaN,
        "Special Income Charges": 0.0,
        "Gain On Sale Of Ppe": 0.0,
        "Other Special Charges": NaN,
        "Net Non Operating Interest Income Expense": NaN,
        "Interest Expense Non Operating": NaN,
        "Operating Income": NaN,
        "Operating Expense": NaN,
        "Depreciation Amortization Depletion Income Statement": 0.0,
        "Depreciation And Amortization In Income Statement": 0.0,
        "Amortization": 0.0,
        "Amortization Of Intangibles Income Statement": 0.0,
        "Selling General And Administration": NaN,
        "Gross Profit": NaN,
        "Cost Of Revenue": NaN,
        "Total Revenue": NaN,
        "Operating Revenue": NaN
    },
    "2023-03-31": {
        "Tax Effect Of Unusual Items": NaN,
        "Tax Rate For Calcs": NaN,
        "Normalized EBITDA": NaN,
        "Total Unusual Items": NaN,
        "Total Unusual Items Excluding Goodwill": NaN,
        "Net Income From Continuing Operation Net Minority Interest": NaN,
        "Reconciled Depreciation": NaN,
        "Reconciled Cost Of Revenue": NaN,
        "EBITDA": NaN,
        "EBIT": NaN,
        "Net Interest Income": NaN,
        "Interest Expense": NaN,
        "Normalized Income": NaN,
        "Net Income From Continuing And Discontinued Operation": NaN,
        "Total Expenses": NaN,
        "Total Operating Income As Reported": NaN,
        "Diluted Average Shares": NaN,
        "Basic Average Shares": NaN,
        "Diluted EPS": NaN,
        "Basic EPS": NaN,
        "Diluted NI Availto Com Stockholders": NaN,
        "Net Income Common Stockholders": NaN,
        "Otherunder Preferred Stock Dividend": 54561000.0,
        "Net Income": NaN,
        "Minority Interests": -6610000.0,
        "Net Income Including Noncontrolling Interests": NaN,
        "Net Income Continuous Operations": NaN,
        "Tax Provision": NaN,
        "Pretax Income": NaN,
        "Other Income Expense": NaN,
        "Other Non Operating Income Expenses": NaN,
        "Special Income Charges": NaN,
        "Gain On Sale Of Ppe": NaN,
        "Other Special Charges": NaN,
        "Net Non Operating Interest Income Expense": NaN,
        "Interest Expense Non Operating": NaN,
        "Operating Income": NaN,
        "Operating Expense": NaN,
        "Depreciation Amortization Depletion Income Statement": NaN,
        "Depreciation And Amortization In Income Statement": NaN,
        "Amortization": NaN,
        "Amortization Of Intangibles Income Statement": NaN,
        "Selling General And Administration": NaN,
        "General And Administrative Expense": 8504000.0,
        "Other Gand A": 8504000.0,
        "Gross Profit": NaN,
        "Cost Of Revenue": NaN,
        "Total Revenue": NaN,
        "Operating Revenue": NaN
    },
    "2022-12-31": {
        "Tax Effect Of Unusual Items": NaN,
        "Tax Rate For Calcs": NaN,
        "Normalized EBITDA": NaN,
        "Total Unusual Items": NaN,
        "Total Unusual Items Excluding Goodwill": NaN,
        "Net Income From Continuing Operation Net Minority Interest": NaN,
        "Reconciled Depreciation": NaN,
        "Reconciled Cost Of Revenue": NaN,
        "EBITDA": NaN,
        "EBIT": NaN,
        "Net Interest Income": NaN,
        "Interest Expense": NaN,
        "Normalized Income": NaN,
        "Net Income From Continuing And Discontinued Operation": NaN,
        "Total Expenses": NaN,
        "Total Operating Income As Reported": NaN,
        "Diluted Average Shares": NaN,
        "Basic Average Shares": NaN,
        "Diluted EPS": NaN,
        "Basic EPS": NaN,
        "Diluted NI Availto Com Stockholders": NaN,
        "Net Income Common Stockholders": NaN,
        "Otherunder Preferred Stock Dividend": NaN,
        "Net Income": NaN,
        "Minority Interests": NaN,
        "Net Income Including Noncontrolling Interests": NaN,
        "Net Income Continuous Operations": NaN,
        "Tax Provision": NaN,
        "Pretax Income": NaN,
        "Other Income Expense": NaN,
        "Other Non Operating Income Expenses": NaN,
        "Special Income Charges": NaN,
        "Gain On Sale Of Ppe": NaN,
        "Other Special Charges": NaN,
        "Net Non Operating Interest Income Expense": NaN,
        "Interest Expense Non Operating": NaN,
        "Operating Income": NaN,
        "Operating Expense": NaN,
        "Depreciation Amortization Depletion Income Statement": NaN,
        "Depreciation And Amortization In Income Statement": NaN,
        "Amortization": NaN,
        "Amortization Of Intangibles Income Statement": NaN,
        "Selling General And Administration": NaN,
        "General And Administrative Expense": 7903000.0,
        "Other Gand A": 7903000.0,
        "Gross Profit": NaN,
        "Cost Of Revenue": NaN,
        "Total Revenue": NaN,
        "Operating Revenue": NaN
    },
    "2024-06-30": {
        "Tax Effect Of Unusual Items": -187758.0,
        "Tax Rate For Calcs": 0.171,
        "Normalized EBITDA": 59113000.0,
        "Total Unusual Items": -1098000.0,
        "Total Unusual Items Excluding Goodwill": -1098000.0,
        "Net Income From Continuing Operation Net Minority Interest": 14837000.0,
        "Reconciled Depreciation": 29654000.0,
        "Reconciled Cost Of Revenue": 201277000.0,
        "EBITDA": 58015000.0,
        "EBIT": 28361000.0,
        "Net Interest Income": -10458000.0,
        "Interest Expense": 10458000.0,
        "Normalized Income": 15747242.0,
        "Net Income From Continuing And Discontinued Operation": 14837000.0,
        "Total Expenses": 258197000.0,
        "Total Operating Income As Reported": 28223000.0,
        "Diluted Average Shares": 112023000.0,
        "Basic Average Shares": 111064000.0,
        "Diluted EPS": 0.13,
        "Basic EPS": 0.13,
        "Diluted NI Availto Com Stockholders": 14837000.0,
        "Net Income Common Stockholders": 14837000.0,
        "Net Income": 14837000.0,
        "Net Income Including Noncontrolling Interests": 14837000.0,
        "Net Income Continuous Operations": 14837000.0,
        "Tax Provision": 3066000.0,
        "Pretax Income": 17903000.0,
        "Other Income Expense": -960000.0,
        "Other Non Operating Income Expenses": 138000.0,
        "Special Income Charges": -1098000.0,
        "Gain On Sale Of Ppe": -11098000.0,
        "Other Special Charges": -10000000.0,
        "Net Non Operating Interest Income Expense": -10458000.0,
        "Interest Expense Non Operating": 10458000.0,
        "Operating Income": 29321000.0,
        "Operating Expense": 31034000.0,
        "Provision For Doubtful Accounts": 0.0,
        "Depreciation Amortization Depletion Income Statement": 3768000.0,
        "Depreciation And Amortization In Income Statement": 3768000.0,
        "Amortization": 3768000.0,
        "Amortization Of Intangibles Income Statement": 3768000.0,
        "Selling General And Administration": 27266000.0,
        "General And Administrative Expense": NaN,
        "Other Gand A": NaN,
        "Salaries And Wages": NaN,
        "Gross Profit": 60355000.0,
        "Cost Of Revenue": 227163000.0,
        "Total Revenue": 287518000.0,
        "Operating Revenue": 287518000.0
    },
    "2024-09-30": {
        "Tax Effect Of Unusual Items": -823104.0,
        "Tax Rate For Calcs": 0.096,
        "Normalized EBITDA": 54816000.0,
        "Total Unusual Items": -8574000.0,
        "Total Unusual Items Excluding Goodwill": -8574000.0,
        "Net Income From Continuing Operation Net Minority Interest": 3918000.0,
        "Reconciled Depreciation": 30716000.0,
        "Reconciled Cost Of Revenue": 224444000.0,
        "EBITDA": 46242000.0,
        "EBIT": 15526000.0,
        "Net Interest Income": -11193000.0,
        "Interest Expense": 11193000.0,
        "Normalized Income": 11668896.0,
        "Net Income From Continuing And Discontinued Operation": 3918000.0,
        "Total Expenses": 280623000.0,
        "Total Operating Income As Reported": 15237000.0,
        "Diluted Average Shares": 111078000.0,
        "Basic Average Shares": 109883000.0,
        "Diluted EPS": 0.04,
        "Basic EPS": 0.04,
        "Diluted NI Availto Com Stockholders": 3918000.0,
        "Net Income Common Stockholders": 3918000.0,
        "Net Income": 3918000.0,
        "Net Income Including Noncontrolling Interests": 3918000.0,
        "Net Income Continuous Operations": 3918000.0,
        "Tax Provision": 415000.0,
        "Pretax Income": 4333000.0,
        "Other Income Expense": -8285000.0,
        "Other Non Operating Income Expenses": 289000.0,
        "Special Income Charges": -8574000.0,
        "Gain On Sale Of Ppe": -8574000.0,
        "Other Special Charges": NaN,
        "Net Non Operating Interest Income Expense": -11193000.0,
        "Interest Expense Non Operating": 11193000.0,
        "Operating Income": 23811000.0,
        "Operating Expense": 29207000.0,
        "Provision For Doubtful Accounts": NaN,
        "Depreciation Amortization Depletion Income Statement": 3744000.0,
        "Depreciation And Amortization In Income Statement": 3744000.0,
        "Amortization": 3744000.0,
        "Amortization Of Intangibles Income Statement": 3744000.0,
        "Selling General And Administration": 25463000.0,
        "General And Administrative Expense": NaN,
        "Other Gand A": NaN,
        "Salaries And Wages": NaN,
        "Gross Profit": 53018000.0,
        "Cost Of Revenue": 251416000.0,
        "Total Revenue": 304434000.0,
        "Operating Revenue": 304434000.0
    },
    "2024-12-31": {
        "Tax Effect Of Unusual Items": 2371329.295505,
        "Tax Rate For Calcs": 0.234832,
        "Normalized EBITDA": 55827000.0,
        "Total Unusual Items": 10098000.0,
        "Total Unusual Items Excluding Goodwill": 10098000.0,
        "Net Income From Continuing Operation Net Minority Interest": 14402000.0,
        "Reconciled Depreciation": 35085000.0,
        "Reconciled Cost Of Revenue": 190101000.0,
        "EBITDA": 65925000.0,
        "EBIT": 30840000.0,
        "Net Interest Income": -12018000.0,
        "Interest Expense": 12018000.0,
        "Normalized Income": 6675329.295505,
        "Net Income From Continuing And Discontinued Operation": 14402000.0,
        "Total Expenses": 250697000.0,
        "Total Operating Income As Reported": 30739000.0,
        "Diluted Average Shares": 111262000.0,
        "Basic Average Shares": 110216000.0,
        "Diluted EPS": 0.13,
        "Basic EPS": 0.13,
        "Diluted NI Availto Com Stockholders": 14402000.0,
        "Net Income Common Stockholders": 14402000.0,
        "Net Income": 14402000.0,
        "Net Income Including Noncontrolling Interests": 14402000.0,
        "Net Income Continuous Operations": 14402000.0,
        "Tax Provision": 4420000.0,
        "Pretax Income": 18822000.0,
        "Other Income Expense": 10199000.0,
        "Other Non Operating Income Expenses": 101000.0,
        "Special Income Charges": 10098000.0,
        "Gain On Sale Of Ppe": 0.0,
        "Other Special Charges": -10098000.0,
        "Net Non Operating Interest Income Expense": -12018000.0,
        "Interest Expense Non Operating": 12018000.0,
        "Operating Income": 20641000.0,
        "Operating Expense": 29254000.0,
        "Provision For Doubtful Accounts": NaN,
        "Depreciation Amortization Depletion Income Statement": 3743000.0,
        "Depreciation And Amortization In Income Statement": 3743000.0,
        "Amortization": 3743000.0,
        "Amortization Of Intangibles Income Statement": 3743000.0,
        "Selling General And Administration": 25511000.0,
        "General And Administrative Expense": NaN,
        "Other Gand A": NaN,
        "Salaries And Wages": NaN,
        "Gross Profit": 49895000.0,
        "Cost Of Revenue": 221443000.0,
        "Total Revenue": 271338000.0,
        "Operating Revenue": 271338000.0
    },
    "2025-03-31": {
        "Tax Effect Of Unusual Items": 0.0,
        "Tax Rate For Calcs": 0.21,
        "Normalized EBITDA": 58639000.0,
        "Total Unusual Items": NaN,
        "Total Unusual Items Excluding Goodwill": NaN,
        "Net Income From Continuing Operation Net Minority Interest": 1219000.0,
        "Reconciled Depreciation": 43049000.0,
        "Reconciled Cost Of Revenue": 204799000.0,
        "EBITDA": 58639000.0,
        "EBIT": 15590000.0,
        "Net Interest Income": -12078000.0,
        "Interest Expense": 12078000.0,
        "Normalized Income": 1219000.0,
        "Net Income From Continuing And Discontinued Operation": 1219000.0,
        "Total Expenses": 282260000.0,
        "Total Operating Income As Reported": 15331000.0,
        "Diluted Average Shares": 119747000.0,
        "Basic Average Shares": 118245000.0,
        "Diluted EPS": 0.01,
        "Basic EPS": 0.01,
        "Diluted NI Availto Com Stockholders": 1219000.0,
        "Net Income Common Stockholders": 1219000.0,
        "Net Income": 1219000.0,
        "Net Income Including Noncontrolling Interests": 1219000.0,
        "Net Income Continuous Operations": 1219000.0,
        "Tax Provision": 2293000.0,
        "Pretax Income": 3512000.0,
        "Other Income Expense": 259000.0,
        "Other Non Operating Income Expenses": 259000.0,
        "Special Income Charges": NaN,
        "Gain On Sale Of Ppe": NaN,
        "Other Special Charges": NaN,
        "Net Non Operating Interest Income Expense": -12078000.0,
        "Interest Expense Non Operating": 12078000.0,
        "Operating Income": 15331000.0,
        "Operating Expense": 39197000.0,
        "Provision For Doubtful Accounts": NaN,
        "Depreciation Amortization Depletion Income Statement": 4785000.0,
        "Depreciation And Amortization In Income Statement": 4785000.0,
        "Amortization": 4785000.0,
        "Amortization Of Intangibles Income Statement": 4785000.0,
        "Selling General And Administration": 34412000.0,
        "General And Administrative Expense": 34412000.0,
        "Other Gand A": 27894000.0,
        "Salaries And Wages": 6518000.0,
        "Gross Profit": 54528000.0,
        "Cost Of Revenue": 243063000.0,
        "Total Revenue": 297591000.0,
        "Operating Revenue": 297591000.0
    },
    "2025-06-30": {
        "Tax Effect Of Unusual Items": 0.0,
        "Tax Rate For Calcs": 0.232,
        "Normalized EBITDA": 55745000.0,
        "Total Unusual Items": 0.0,
        "Total Unusual Items Excluding Goodwill": 0.0,
        "Net Income From Continuing Operation Net Minority Interest": -5558000.0,
        "Reconciled Depreciation": 48182000.0,
        "Reconciled Cost Of Revenue": 194820000.0,
        "EBITDA": 55745000.0,
        "EBIT": 7563000.0,
        "Net Interest Income": -14798000.0,
        "Interest Expense": 14798000.0,
        "Normalized Income": -5558000.0,
        "Net Income From Continuing And Discontinued Operation": -5558000.0,
        "Total Expenses": 281483000.0,
        "Total Operating Income As Reported": 7193000.0,
        "Diluted Average Shares": 123655000.0,
        "Basic Average Shares": 123655000.0,
        "Diluted EPS": -0.04,
        "Basic EPS": -0.04,
        "Diluted NI Availto Com Stockholders": -5558000.0,
        "Net Income Common Stockholders": -5558000.0,
        "Net Income": -5558000.0,
        "Net Income Including Noncontrolling Interests": -5558000.0,
        "Net Income Continuous Operations": -5558000.0,
        "Tax Provision": -1677000.0,
        "Pretax Income": -7235000.0,
        "Other Income Expense": 370000.0,
        "Other Non Operating Income Expenses": 370000.0,
        "Special Income Charges": 0.0,
        "Gain On Sale Of Ppe": 0.0,
        "Other Special Charges": NaN,
        "Net Non Operating Interest Income Expense": -14798000.0,
        "Interest Expense Non Operating": 14798000.0,
        "Operating Income": 7193000.0,
        "Operating Expense": 44946000.0,
        "Provision For Doubtful Accounts": 4110000.0,
        "Depreciation Amortization Depletion Income Statement": 6465000.0,
        "Depreciation And Amortization In Income Statement": 6465000.0,
        "Amortization": 6465000.0,
        "Amortization Of Intangibles Income Statement": 6465000.0,
        "Selling General And Administration": 34371000.0,
        "General And Administrative Expense": NaN,
        "Other Gand A": NaN,
        "Salaries And Wages": NaN,
        "Gross Profit": 52139000.0,
        "Cost Of Revenue": 236537000.0,
        "Total Revenue": 288676000.0,
        "Operating Revenue": 288676000.0
    }
}