{
    "2023-03-31": {
        "Tax Effect Of Unusual Items": 0.0,
        "Tax Rate For Calcs": 0.0,
        "Normalized EBITDA": -35567000.0,
        "Net Income From Continuing Operation Net Minority Interest": -35174000.0,
        "Reconciled Depreciation": 1699000.0,
        "Reconciled Cost Of Revenue": 2529000.0,
        "EBITDA": -35567000.0,
        "EBIT": -37266000.0,
        "Net Interest Income": 2064000.0,
        "Interest Income": 2064000.0,
        "Normalized Income": -35174000.0,
        "Net Income From Continuing And Discontinued Operation": -35174000.0,
        "Total Expenses": 38414000.0,
        "Total Operating Income As Reported": -37266000.0,
        "Diluted Average Shares": 43925565.0,
        "Basic Average Shares": 43925565.0,
        "Diluted EPS": -0.8,
        "Basic EPS": -0.8,
        "Diluted NI Availto Com Stockholders": -35174000.0,
        "Net Income Common Stockholders": -35174000.0,
        "Net Income": -35174000.0,
        "Net Income Including Noncontrolling Interests": -35174000.0,
        "Net Income Continuous Operations": -35174000.0,
        "Tax Provision": 0.0,
        "Pretax Income": -35174000.0,
        "Other Income Expense": 28000.0,
        "Other Non Operating Income Expenses": 28000.0,
        "Net Non Operating Interest Income Expense": 2064000.0,
        "Interest Income Non Operating": 2064000.0,
        "Operating Income": -37266000.0,
        "Operating Expense": 35885000.0,
        "Research And Development": 25454000.0,
        "Selling General And Administration": 10431000.0,
        "Selling And Marketing Expense": 2598000.0,
        "General And Administrative Expense": 7833000.0,
        "Other Gand A": 7833000.0,
        "Gross Profit": -1381000.0,
        "Cost Of Revenue": 2529000.0,
        "Total Revenue": 1148000.0,
        "Operating Revenue": 1148000.0
    },
    "2022-12-31": {
        "Tax Effect Of Unusual Items": NaN,
        "Tax Rate For Calcs": NaN,
        "Normalized EBITDA": NaN,
        "Net Income From Continuing Operation Net Minority Interest": NaN,
        "Reconciled Depreciation": NaN,
        "Reconciled Cost Of Revenue": NaN,
        "EBITDA": NaN,
        "EBIT": NaN,
        "Net Interest Income": NaN,
        "Interest Income": NaN,
        "Normalized Income": NaN,
        "Net Income From Continuing And Discontinued Operation": NaN,
        "Total Expenses": NaN,
        "Total Operating Income As Reported": NaN,
        "Diluted Average Shares": 43681441.0,
        "Basic Average Shares": 43681441.0,
        "Diluted EPS": -1.0,
        "Basic EPS": -1.0,
        "Diluted NI Availto Com Stockholders": NaN,
        "Net Income Common Stockholders": NaN,
        "Net Income": NaN,
        "Net Income Including Noncontrolling Interests": NaN,
        "Net Income Continuous Operations": NaN,
        "Tax Provision": NaN,
        "Pretax Income": NaN,
        "Other Income Expense": NaN,
        "Other Non Operating Income Expenses": NaN,
        "Net Non Operating Interest Income Expense": NaN,
        "Interest Income Non Operating": NaN,
        "Operating Income": NaN,
        "Operating Expense": NaN,
        "Research And Development": NaN,
        "Selling General And Administration": NaN,
        "Selling And Marketing Expense": NaN,
        "General And Administrative Expense": NaN,
        "Other Gand A": NaN,
        "Gross Profit": NaN,
        "Cost Of Revenue": NaN,
        "Total Revenue": NaN,
        "Operating Revenue": NaN
    },
    "2022-09-30": {
        "Tax Effect Of Unusual Items": 0.0,
        "Tax Rate For Calcs": 0.0,
        "Normalized EBITDA": -36201000.0,
        "Net Income From Continuing Operation Net Minority Interest": -36503000.0,
        "Reconciled Depreciation": 1601000.0,
        "Reconciled Cost Of Revenue": 2765000.0,
        "EBITDA": -36201000.0,
        "EBIT": -37802000.0,
        "Net Interest Income": 1164000.0,
        "Interest Income": 1164000.0,
        "Normalized Income": -36503000.0,
        "Net Income From Continuing And Discontinued Operation": -36503000.0,
        "Total Expenses": 39176000.0,
        "Total Operating Income As Reported": -37802000.0,
        "Diluted Average Shares": 217888470.0,
        "Basic Average Shares": 217888470.0,
        "Diluted EPS": -0.17,
        "Basic EPS": -0.17,
        "Diluted NI Availto Com Stockholders": -36503000.0,
        "Net Income Common Stockholders": -36503000.0,
        "Net Income": -36503000.0,
        "Net Income Including Noncontrolling Interests": -36503000.0,
        "Net Income Continuous Operations": -36503000.0,
        "Tax Provision": 0.0,
        "Pretax Income": -36503000.0,
        "Other Income Expense": 135000.0,
        "Other Non Operating Income Expenses": 135000.0,
        "Net Non Operating Interest Income Expense": 1164000.0,
        "Interest Income Non Operating": 1164000.0,
        "Operating Income": -37802000.0,
        "Operating Expense": 36411000.0,
        "Research And Development": 26123000.0,
        "Selling General And Administration": 10288000.0,
        "Selling And Marketing Expense": 2195000.0,
        "General And Administrative Expense": 8093000.0,
        "Other Gand A": 8093000.0,
        "Salaries And Wages": NaN,
        "Gross Profit": -1391000.0,
        "Cost Of Revenue": 2765000.0,
        "Total Revenue": 1374000.0,
        "Operating Revenue": 1374000.0
    },
    "2022-06-30": {
        "Tax Effect Of Unusual Items": 0.0,
        "Tax Rate For Calcs": 0.0,
        "Normalized EBITDA": -34171000.0,
        "Net Income From Continuing Operation Net Minority Interest": -34971000.0,
        "Reconciled Depreciation": 1514000.0,
        "Reconciled Cost Of Revenue": 991000.0,
        "EBITDA": -34171000.0,
        "EBIT": -35685000.0,
        "Net Interest Income": 586000.0,
        "Interest Income": 586000.0,
        "Normalized Income": -34971000.0,
        "Net Income From Continuing And Discontinued Operation": -34971000.0,
        "Total Expenses": 37178000.0,
        "Total Operating Income As Reported": -35685000.0,
        "Diluted Average Shares": 216886078.0,
        "Basic Average Shares": 216886078.0,
        "Diluted EPS": -0.16,
        "Basic EPS": -0.16,
        "Diluted NI Availto Com Stockholders": -34971000.0,
        "Net Income Common Stockholders": -34971000.0,
        "Net Income": -34971000.0,
        "Net Income Including Noncontrolling Interests": -34971000.0,
        "Net Income Continuous Operations": -34971000.0,
        "Tax Provision": 0.0,
        "Pretax Income": -34971000.0,
        "Other Income Expense": 128000.0,
        "Other Non Operating Income Expenses": 128000.0,
        "Net Non Operating Interest Income Expense": 586000.0,
        "Interest Income Non Operating": 586000.0,
        "Operating Income": -35685000.0,
        "Operating Expense": 36187000.0,
        "Research And Development": 25938000.0,
        "Selling General And Administration": 10249000.0,
        "Selling And Marketing Expense": 1271000.0,
        "General And Administrative Expense": 8978000.0,
        "Other Gand A": 7402000.0,
        "Salaries And Wages": 1576000.0,
        "Gross Profit": 502000.0,
        "Cost Of Revenue": 991000.0,
        "Total Revenue": 1493000.0,
        "Operating Revenue": 1493000.0
    },
    "2022-03-31": {
        "Diluted EPS": -0.15,
        "Total Revenue": 1,
        "Gross Profit": 0,
        "Operating Income": -34,
        "EBIT": -32,
        "Net Income": -33
    },
    "2021-12-31": {
        "Diluted EPS": -0.15,
        "Total Revenue": 3,
        "Gross Profit": 1,
        "Operating Income": -32,
        "EBIT": -30,
        "Net Income": -32
    },
    "2021-09-30": {
        "Diluted EPS": -0.13,
        "Total Revenue": 3,
        "Gross Profit": 1,
        "Operating Income": -27,
        "EBIT": -26,
        "Net Income": -27
    },
    "2021-06-30": {
        "Diluted EPS": -0.11,
        "Total Revenue": 3,
        "Gross Profit": 1,
        "Operating Income": -25,
        "EBIT": -24,
        "Net Income": -24
    },
    "2021-03-31": {
        "Diluted EPS": -0.12,
        "Total Revenue": 0,
        "Gross Profit": 0,
        "Operating Income": -20,
        "EBIT": -20,
        "Net Income": -19
    },
    "2020-12-31": {
        "Diluted EPS": -0.06,
        "Total Revenue": 1,
        "Gross Profit": 0,
        "Operating Income": -9,
        "EBIT": -9,
        "Net Income": -9
    },
    "2020-09-30": {
        "Diluted EPS": -0.03,
        "Total Revenue": 2,
        "Gross Profit": 1,
        "Operating Income": -5,
        "EBIT": -5,
        "Net Income": -5
    },
    "2020-06-30": {
        "Diluted EPS": -0.04,
        "Total Revenue": 2,
        "Gross Profit": 1,
        "Operating Income": -5,
        "EBIT": -5,
        "Net Income": -5
    },
    "2020-03-31": {
        "Diluted EPS": -0.05,
        "Total Revenue": 1,
        "Gross Profit": 0,
        "Operating Income": -7,
        "EBIT": -7,
        "Net Income": -7
    },
    "2019-09-30": {
        "Diluted EPS": 0.0,
        "Total Revenue": NaN,
        "Gross Profit": NaN,
        "Operating Income": 0,
        "EBIT": 0,
        "Net Income": 0
    },
    "2023-06-30": {
        "Tax Effect Of Unusual Items": NaN,
        "Tax Rate For Calcs": NaN,
        "Normalized EBITDA": NaN,
        "Total Unusual Items": 0.0,
        "Total Unusual Items Excluding Goodwill": 0.0,
        "Net Income From Continuing Operation Net Minority Interest": NaN,
        "Reconciled Depreciation": NaN,
        "Reconciled Cost Of Revenue": NaN,
        "EBITDA": NaN,
        "EBIT": NaN,
        "Net Interest Income": NaN,
        "Interest Income": NaN,
        "Normalized Income": NaN,
        "Net Income From Continuing And Discontinued Operation": NaN,
        "Total Expenses": NaN,
        "Total Operating Income As Reported": NaN,
        "Diluted Average Shares": NaN,
        "Basic Average Shares": NaN,
        "Diluted EPS": NaN,
        "Basic EPS": NaN,
        "Diluted NI Availto Com Stockholders": NaN,
        "Net Income Common Stockholders": NaN,
        "Net Income": NaN,
        "Net Income Including Noncontrolling Interests": NaN,
        "Net Income Continuous Operations": NaN,
        "Tax Provision": NaN,
        "Pretax Income": NaN,
        "Other Income Expense": NaN,
        "Other Non Operating Income Expenses": NaN,
        "Special Income Charges": 0.0,
        "Other Special Charges": NaN,
        "Net Non Operating Interest Income Expense": NaN,
        "Interest Income Non Operating": NaN,
        "Operating Income": NaN,
        "Operating Expense": NaN,
        "Research And Development": NaN,
        "Selling General And Administration": NaN,
        "Selling And Marketing Expense": NaN,
        "General And Administrative Expense": NaN,
        "Other Gand A": NaN,
        "Gross Profit": NaN,
        "Cost Of Revenue": NaN,
        "Total Revenue": NaN,
        "Operating Revenue": NaN
    },
    "2023-09-30": {
        "Tax Effect Of Unusual Items": NaN,
        "Tax Rate For Calcs": NaN,
        "Normalized EBITDA": NaN,
        "Total Unusual Items": 0.0,
        "Total Unusual Items Excluding Goodwill": 0.0,
        "Net Income From Continuing Operation Net Minority Interest": NaN,
        "Reconciled Depreciation": NaN,
        "Reconciled Cost Of Revenue": NaN,
        "EBITDA": NaN,
        "EBIT": NaN,
        "Net Interest Income": NaN,
        "Interest Income": NaN,
        "Normalized Income": NaN,
        "Net Income From Continuing And Discontinued Operation": NaN,
        "Total Expenses": NaN,
        "Total Operating Income As Reported": NaN,
        "Diluted Average Shares": NaN,
        "Basic Average Shares": NaN,
        "Diluted EPS": NaN,
        "Basic EPS": NaN,
        "Diluted NI Availto Com Stockholders": NaN,
        "Net Income Common Stockholders": NaN,
        "Net Income": NaN,
        "Net Income Including Noncontrolling Interests": NaN,
        "Net Income Continuous Operations": NaN,
        "Tax Provision": NaN,
        "Pretax Income": NaN,
        "Other Income Expense": NaN,
        "Other Non Operating Income Expenses": NaN,
        "Special Income Charges": 0.0,
        "Other Special Charges": NaN,
        "Net Non Operating Interest Income Expense": NaN,
        "Interest Income Non Operating": NaN,
        "Operating Income": NaN,
        "Operating Expense": NaN,
        "Research And Development": NaN,
        "Selling General And Administration": NaN,
        "Selling And Marketing Expense": NaN,
        "General And Administrative Expense": NaN,
        "Other Gand A": NaN,
        "Gross Profit": NaN,
        "Cost Of Revenue": NaN,
        "Total Revenue": NaN,
        "Operating Revenue": NaN
    },
    "2023-12-31": {
        "Tax Effect Of Unusual Items": 0.0,
        "Tax Rate For Calcs": 0.0,
        "Normalized EBITDA": -34560000.0,
        "Total Unusual Items": NaN,
        "Total Unusual Items Excluding Goodwill": NaN,
        "Net Income From Continuing Operation Net Minority Interest": -44966000.0,
        "Reconciled Depreciation": 2285000.0,
        "Reconciled Cost Of Revenue": 2483000.0,
        "EBITDA": -34560000.0,
        "EBIT": -36845000.0,
        "Net Interest Income": 2417000.0,
        "Interest Income": 2417000.0,
        "Normalized Income": -44966000.0,
        "Net Income From Continuing And Discontinued Operation": -44966000.0,
        "Total Expenses": 38456000.0,
        "Total Operating Income As Reported": -36845000.0,
        "Diluted Average Shares": 49007104.0,
        "Basic Average Shares": 49007104.0,
        "Diluted EPS": -0.9,
        "Basic EPS": -0.9,
        "Diluted NI Availto Com Stockholders": -44966000.0,
        "Net Income Common Stockholders": -44966000.0,
        "Net Income": -44966000.0,
        "Net Income Including Noncontrolling Interests": -44966000.0,
        "Net Income Continuous Operations": -44966000.0,
        "Tax Provision": 0.0,
        "Pretax Income": -44966000.0,
        "Other Income Expense": -10538000.0,
        "Other Non Operating Income Expenses": -10538000.0,
        "Special Income Charges": NaN,
        "Other Special Charges": NaN,
        "Net Non Operating Interest Income Expense": 2417000.0,
        "Interest Income Non Operating": 2417000.0,
        "Operating Income": -36845000.0,
        "Operating Expense": 35973000.0,
        "Research And Development": 26197000.0,
        "Selling General And Administration": 9776000.0,
        "Selling And Marketing Expense": 2035000.0,
        "General And Administrative Expense": 7741000.0,
        "Other Gand A": 7741000.0,
        "Gross Profit": -872000.0,
        "Cost Of Revenue": 2483000.0,
        "Total Revenue": 1611000.0,
        "Operating Revenue": 1611000.0
    },
    "2024-03-31": {
        "Tax Effect Of Unusual Items": 0.0,
        "Tax Rate For Calcs": 0.0,
        "Normalized EBITDA": -35154000.0,
        "Total Unusual Items": NaN,
        "Total Unusual Items Excluding Goodwill": NaN,
        "Net Income From Continuing Operation Net Minority Interest": -35326000.0,
        "Reconciled Depreciation": 2190000.0,
        "Reconciled Cost Of Revenue": 3499000.0,
        "EBITDA": -35154000.0,
        "EBIT": -37344000.0,
        "Net Interest Income": 2457000.0,
        "Interest Income": 2457000.0,
        "Normalized Income": -35326000.0,
        "Net Income From Continuing And Discontinued Operation": -35326000.0,
        "Total Expenses": 39451000.0,
        "Total Operating Income As Reported": -37344000.0,
        "Diluted Average Shares": 52742725.0,
        "Basic Average Shares": 52742725.0,
        "Diluted EPS": -0.67,
        "Basic EPS": -0.67,
        "Diluted NI Availto Com Stockholders": -35326000.0,
        "Net Income Common Stockholders": -35326000.0,
        "Net Income": -35326000.0,
        "Net Income Including Noncontrolling Interests": -35326000.0,
        "Net Income Continuous Operations": -35326000.0,
        "Tax Provision": 0.0,
        "Pretax Income": -35326000.0,
        "Other Income Expense": -439000.0,
        "Other Non Operating Income Expenses": -439000.0,
        "Special Income Charges": NaN,
        "Other Special Charges": NaN,
        "Net Non Operating Interest Income Expense": 2457000.0,
        "Interest Income Non Operating": 2457000.0,
        "Operating Income": -37344000.0,
        "Operating Expense": 35952000.0,
        "Research And Development": 25012000.0,
        "Selling General And Administration": 10940000.0,
        "Selling And Marketing Expense": 2529000.0,
        "General And Administrative Expense": 8411000.0,
        "Other Gand A": 8411000.0,
        "Gross Profit": -1392000.0,
        "Cost Of Revenue": 3499000.0,
        "Total Revenue": 2107000.0,
        "Operating Revenue": 2107000.0
    },
    "2024-06-30": {
        "Tax Effect Of Unusual Items": -2415000.0,
        "Tax Rate For Calcs": 0.21,
        "Normalized EBITDA": -23659000.0,
        "Total Unusual Items": -11500000.0,
        "Total Unusual Items Excluding Goodwill": -11500000.0,
        "Net Income From Continuing Operation Net Minority Interest": -43393000.0,
        "Reconciled Depreciation": 2254000.0,
        "Reconciled Cost Of Revenue": 2860000.0,
        "EBITDA": -35159000.0,
        "EBIT": -37413000.0,
        "Net Interest Income": 2099000.0,
        "Interest Income": 2099000.0,
        "Normalized Income": -34308000.0,
        "Net Income From Continuing And Discontinued Operation": -43393000.0,
        "Total Expenses": 39425000.0,
        "Total Operating Income As Reported": -48913000.0,
        "Diluted Average Shares": 52995093.0,
        "Basic Average Shares": 52995093.0,
        "Diluted EPS": -0.82,
        "Basic EPS": -0.82,
        "Diluted NI Availto Com Stockholders": -43393000.0,
        "Net Income Common Stockholders": -43393000.0,
        "Net Income": -43393000.0,
        "Net Income Including Noncontrolling Interests": -43393000.0,
        "Net Income Continuous Operations": -43393000.0,
        "Tax Provision": 123000.0,
        "Pretax Income": -43270000.0,
        "Other Income Expense": -7956000.0,
        "Other Non Operating Income Expenses": 3544000.0,
        "Special Income Charges": -11500000.0,
        "Other Special Charges": 11500000.0,
        "Net Non Operating Interest Income Expense": 2099000.0,
        "Interest Income Non Operating": 2099000.0,
        "Operating Income": -37413000.0,
        "Operating Expense": 36565000.0,
        "Research And Development": 26196000.0,
        "Selling General And Administration": 10369000.0,
        "Selling And Marketing Expense": 1706000.0,
        "General And Administrative Expense": 8663000.0,
        "Other Gand A": 8663000.0,
        "Gross Profit": -848000.0,
        "Cost Of Revenue": 2860000.0,
        "Total Revenue": 2012000.0,
        "Operating Revenue": 2012000.0
    },
    "2024-09-30": {
        "Tax Effect Of Unusual Items": 0.0,
        "Tax Rate For Calcs": 0.21,
        "Normalized EBITDA": -35644000.0,
        "Total Unusual Items": 0.0,
        "Total Unusual Items Excluding Goodwill": 0.0,
        "Net Income From Continuing Operation Net Minority Interest": -37396000.0,
        "Reconciled Depreciation": 2232000.0,
        "Reconciled Cost Of Revenue": 2971000.0,
        "EBITDA": -35644000.0,
        "EBIT": -37876000.0,
        "Net Interest Income": 1770000.0,
        "Interest Income": 1770000.0,
        "Normalized Income": -37396000.0,
        "Net Income From Continuing And Discontinued Operation": -37396000.0,
        "Total Expenses": 40126000.0,
        "Total Operating Income As Reported": -37876000.0,
        "Diluted Average Shares": 53704039.0,
        "Basic Average Shares": 53704039.0,
        "Diluted EPS": -0.7,
        "Basic EPS": -0.7,
        "Diluted NI Availto Com Stockholders": -37396000.0,
        "Net Income Common Stockholders": -37396000.0,
        "Net Income": -37396000.0,
        "Net Income Including Noncontrolling Interests": -37396000.0,
        "Net Income Continuous Operations": -37396000.0,
        "Tax Provision": 22000.0,
        "Pretax Income": -37374000.0,
        "Other Income Expense": -1268000.0,
        "Other Non Operating Income Expenses": -1268000.0,
        "Special Income Charges": 0.0,
        "Other Special Charges": NaN,
        "Net Non Operating Interest Income Expense": 1770000.0,
        "Interest Income Non Operating": 1770000.0,
        "Operating Income": -37876000.0,
        "Operating Expense": 37155000.0,
        "Research And Development": 27116000.0,
        "Selling General And Administration": 10039000.0,
        "Selling And Marketing Expense": 1583000.0,
        "General And Administrative Expense": 8456000.0,
        "Other Gand A": 8456000.0,
        "Gross Profit": -721000.0,
        "Cost Of Revenue": 2971000.0,
        "Total Revenue": 2250000.0,
        "Operating Revenue": 2250000.0
    },
    "2024-12-31": {
        "Tax Effect Of Unusual Items": 0.0,
        "Tax Rate For Calcs": 0.21,
        "Normalized EBITDA": -31972000.0,
        "Total Unusual Items": 0.0,
        "Total Unusual Items Excluding Goodwill": 0.0,
        "Net Income From Continuing Operation Net Minority Interest": -36146000.0,
        "Reconciled Depreciation": 2267000.0,
        "Reconciled Cost Of Revenue": 3525000.0,
        "EBITDA": -31972000.0,
        "EBIT": -34239000.0,
        "Net Interest Income": 1385000.0,
        "Interest Income": 1385000.0,
        "Normalized Income": -36146000.0,
        "Net Income From Continuing And Discontinued Operation": -36146000.0,
        "Total Expenses": 36935000.0,
        "Total Operating Income As Reported": -34239000.0,
        "Diluted Average Shares": 53986214.0,
        "Basic Average Shares": 53986214.0,
        "Diluted EPS": -0.67,
        "Basic EPS": -0.67,
        "Diluted NI Availto Com Stockholders": -36146000.0,
        "Net Income Common Stockholders": -36146000.0,
        "Net Income": -36146000.0,
        "Net Income Including Noncontrolling Interests": -36146000.0,
        "Net Income Continuous Operations": -36146000.0,
        "Tax Provision": 26000.0,
        "Pretax Income": -36120000.0,
        "Other Income Expense": -3266000.0,
        "Other Non Operating Income Expenses": -3266000.0,
        "Special Income Charges": 0.0,
        "Other Special Charges": 0.0,
        "Net Non Operating Interest Income Expense": 1385000.0,
        "Interest Income Non Operating": 1385000.0,
        "Operating Income": -34239000.0,
        "Operating Expense": 33410000.0,
        "Research And Development": 24343000.0,
        "Selling General And Administration": 9067000.0,
        "Selling And Marketing Expense": 1338000.0,
        "General And Administrative Expense": 7729000.0,
        "Other Gand A": 7729000.0,
        "Gross Profit": -829000.0,
        "Cost Of Revenue": 3525000.0,
        "Total Revenue": 2696000.0,
        "Operating Revenue": 2696000.0
    },
    "2025-03-31": {
        "Tax Effect Of Unusual Items": 0.0,
        "Tax Rate For Calcs": 0.21,
        "Normalized EBITDA": -28128000.0,
        "Total Unusual Items": NaN,
        "Total Unusual Items Excluding Goodwill": NaN,
        "Net Income From Continuing Operation Net Minority Interest": -34867000.0,
        "Reconciled Depreciation": 2290000.0,
        "Reconciled Cost Of Revenue": 3058000.0,
        "EBITDA": -28128000.0,
        "EBIT": -30418000.0,
        "Net Interest Income": 1007000.0,
        "Interest Income": 1007000.0,
        "Normalized Income": -34867000.0,
        "Net Income From Continuing And Discontinued Operation": -34867000.0,
        "Total Expenses": 33786000.0,
        "Total Operating Income As Reported": -30418000.0,
        "Diluted Average Shares": 54750088.0,
        "Basic Average Shares": 54750088.0,
        "Diluted EPS": -0.64,
        "Basic EPS": -0.64,
        "Diluted NI Availto Com Stockholders": -34867000.0,
        "Net Income Common Stockholders": -34867000.0,
        "Net Income": -34867000.0,
        "Net Income Including Noncontrolling Interests": -34867000.0,
        "Net Income Continuous Operations": -34867000.0,
        "Tax Provision": 57000.0,
        "Pretax Income": -34810000.0,
        "Other Income Expense": -5399000.0,
        "Other Non Operating Income Expenses": -5399000.0,
        "Special Income Charges": NaN,
        "Other Special Charges": NaN,
        "Net Non Operating Interest Income Expense": 1007000.0,
        "Interest Income Non Operating": 1007000.0,
        "Operating Income": -30418000.0,
        "Operating Expense": 30728000.0,
        "Research And Development": 21569000.0,
        "Selling General And Administration": 9159000.0,
        "Selling And Marketing Expense": 1942000.0,
        "General And Administrative Expense": 7217000.0,
        "Other Gand A": 7217000.0,
        "Gross Profit": 310000.0,
        "Cost Of Revenue": 3058000.0,
        "Total Revenue": 3368000.0,
        "Operating Revenue": 3368000.0
    }
}