{
    "2023-06-30": {
        "Tax Effect Of Unusual Items": NaN,
        "Tax Rate For Calcs": NaN,
        "Total Unusual Items": NaN,
        "Total Unusual Items Excluding Goodwill": NaN,
        "Net Income From Continuing Operation Net Minority Interest": NaN,
        "Reconciled Depreciation": NaN,
        "Net Interest Income": NaN,
        "Interest Expense": NaN,
        "Interest Income": NaN,
        "Normalized Income": NaN,
        "Net Income From Continuing And Discontinued Operation": NaN,
        "Diluted Average Shares": NaN,
        "Basic Average Shares": NaN,
        "Diluted EPS": NaN,
        "Basic EPS": NaN,
        "Diluted NI Availto Com Stockholders": NaN,
        "Net Income Common Stockholders": NaN,
        "Net Income": NaN,
        "Net Income Including Noncontrolling Interests": NaN,
        "Net Income Continuous Operations": NaN,
        "Tax Provision": NaN,
        "Pretax Income": NaN,
        "Special Income Charges": 0.0,
        "Selling General And Administration": NaN,
        "Selling And Marketing Expense": 82000.0,
        "General And Administrative Expense": NaN,
        "Salaries And Wages": NaN,
        "Total Revenue": NaN,
        "Operating Revenue": NaN,
        "Occupancy And Equipment": NaN,
        "Professional Expense And Contract Services Expense": 177000.0,
        "Other Non Interest Expense": NaN
    },
    "2023-03-31": {
        "Tax Effect Of Unusual Items": NaN,
        "Tax Rate For Calcs": NaN,
        "Total Unusual Items": NaN,
        "Total Unusual Items Excluding Goodwill": NaN,
        "Net Income From Continuing Operation Net Minority Interest": NaN,
        "Reconciled Depreciation": NaN,
        "Net Interest Income": NaN,
        "Interest Expense": NaN,
        "Interest Income": NaN,
        "Normalized Income": NaN,
        "Net Income From Continuing And Discontinued Operation": NaN,
        "Diluted Average Shares": NaN,
        "Basic Average Shares": NaN,
        "Diluted EPS": NaN,
        "Basic EPS": NaN,
        "Diluted NI Availto Com Stockholders": NaN,
        "Net Income Common Stockholders": NaN,
        "Net Income": NaN,
        "Net Income Including Noncontrolling Interests": NaN,
        "Net Income Continuous Operations": NaN,
        "Tax Provision": NaN,
        "Pretax Income": NaN,
        "Special Income Charges": 0.0,
        "Selling General And Administration": NaN,
        "Selling And Marketing Expense": 97000.0,
        "General And Administrative Expense": NaN,
        "Salaries And Wages": NaN,
        "Total Revenue": NaN,
        "Operating Revenue": NaN,
        "Occupancy And Equipment": NaN,
        "Professional Expense And Contract Services Expense": NaN,
        "Other Non Interest Expense": NaN
    },
    "2022-12-31": {
        "Tax Effect Of Unusual Items": NaN,
        "Tax Rate For Calcs": NaN,
        "Total Unusual Items": NaN,
        "Total Unusual Items Excluding Goodwill": NaN,
        "Net Income From Continuing Operation Net Minority Interest": NaN,
        "Reconciled Depreciation": NaN,
        "Net Interest Income": NaN,
        "Interest Expense": NaN,
        "Interest Income": NaN,
        "Normalized Income": NaN,
        "Net Income From Continuing And Discontinued Operation": NaN,
        "Diluted Average Shares": NaN,
        "Basic Average Shares": NaN,
        "Diluted EPS": NaN,
        "Basic EPS": NaN,
        "Diluted NI Availto Com Stockholders": NaN,
        "Net Income Common Stockholders": NaN,
        "Net Income": NaN,
        "Net Income Including Noncontrolling Interests": NaN,
        "Net Income Continuous Operations": NaN,
        "Tax Provision": NaN,
        "Pretax Income": NaN,
        "Special Income Charges": 0.0,
        "Other Special Charges": 0.0,
        "Impairment Of Capital Assets": 0.0,
        "Selling General And Administration": NaN,
        "Selling And Marketing Expense": 150000.0,
        "General And Administrative Expense": NaN,
        "Salaries And Wages": NaN,
        "Total Revenue": NaN,
        "Operating Revenue": NaN,
        "Occupancy And Equipment": NaN,
        "Professional Expense And Contract Services Expense": NaN,
        "Other Non Interest Expense": NaN
    },
    "2022-09-30": {
        "Tax Effect Of Unusual Items": NaN,
        "Tax Rate For Calcs": NaN,
        "Total Unusual Items": NaN,
        "Total Unusual Items Excluding Goodwill": NaN,
        "Net Income From Continuing Operation Net Minority Interest": NaN,
        "Reconciled Depreciation": NaN,
        "Net Interest Income": NaN,
        "Interest Expense": NaN,
        "Interest Income": NaN,
        "Normalized Income": NaN,
        "Net Income From Continuing And Discontinued Operation": NaN,
        "Diluted Average Shares": NaN,
        "Basic Average Shares": NaN,
        "Diluted EPS": NaN,
        "Basic EPS": NaN,
        "Diluted NI Availto Com Stockholders": NaN,
        "Net Income Common Stockholders": NaN,
        "Net Income": NaN,
        "Net Income Including Noncontrolling Interests": NaN,
        "Net Income Continuous Operations": NaN,
        "Tax Provision": NaN,
        "Pretax Income": NaN,
        "Special Income Charges": NaN,
        "Other Special Charges": NaN,
        "Impairment Of Capital Assets": 0.0,
        "Selling General And Administration": NaN,
        "Selling And Marketing Expense": 128000.0,
        "General And Administrative Expense": NaN,
        "Salaries And Wages": NaN,
        "Total Revenue": NaN,
        "Operating Revenue": NaN
    },
    "2022-06-30": {
        "Tax Effect Of Unusual Items": 0.0,
        "Tax Rate For Calcs": 0.236403,
        "Total Unusual Items": 0.0,
        "Total Unusual Items Excluding Goodwill": 0.0,
        "Net Income From Continuing Operation Net Minority Interest": 1783000.0,
        "Reconciled Depreciation": 202000.0,
        "Net Interest Income": 7141000.0,
        "Interest Expense": 512000.0,
        "Interest Income": 7653000.0,
        "Normalized Income": 1783000.0,
        "Net Income From Continuing And Discontinued Operation": 1783000.0,
        "Diluted Average Shares": 6684721.0,
        "Basic Average Shares": 6591627.0,
        "Diluted EPS": 0.27,
        "Basic EPS": 0.27,
        "Diluted NI Availto Com Stockholders": 1783000.0,
        "Net Income Common Stockholders": 1783000.0,
        "Net Income": 1783000.0,
        "Net Income Including Noncontrolling Interests": 1783000.0,
        "Net Income Continuous Operations": 1783000.0,
        "Tax Provision": 552000.0,
        "Pretax Income": 2335000.0,
        "Special Income Charges": 0.0,
        "Other Special Charges": NaN,
        "Impairment Of Capital Assets": 0.0,
        "Selling General And Administration": 3377000.0,
        "Selling And Marketing Expense": 118000.0,
        "General And Administrative Expense": 3259000.0,
        "Other Gand A": 133000.0,
        "Insurance And Claims": 52000.0,
        "Salaries And Wages": 3074000.0,
        "Total Revenue": 7789000.0,
        "Operating Revenue": 7789000.0
    },
    "2022-03-31": {
        "Diluted EPS": 0.26,
        "Total Revenue": 8,
        "Gross Profit": 8,
        "Operating Income": 2,
        "EBIT": NaN,
        "Net Income": 2
    },
    "2021-12-31": {
        "Diluted EPS": 0.18,
        "Total Revenue": 8,
        "Gross Profit": 7,
        "Operating Income": 2,
        "EBIT": NaN,
        "Net Income": 1
    },
    "2021-09-30": {
        "Diluted EPS": 0.26,
        "Total Revenue": 8,
        "Gross Profit": 8,
        "Operating Income": 2,
        "EBIT": NaN,
        "Net Income": 2
    },
    "2021-06-30": {
        "Diluted EPS": 0.34,
        "Total Revenue": 9,
        "Gross Profit": 8,
        "Operating Income": 3,
        "EBIT": NaN,
        "Net Income": 2
    },
    "2021-03-31": {
        "Diluted EPS": 0.31,
        "Total Revenue": 10,
        "Gross Profit": 9,
        "Operating Income": 4,
        "EBIT": NaN,
        "Net Income": 2
    },
    "2020-12-31": {
        "Diluted EPS": 0.19,
        "Total Revenue": 9,
        "Gross Profit": 8,
        "Operating Income": 2,
        "EBIT": NaN,
        "Net Income": 1
    },
    "2020-09-30": {
        "Diluted EPS": 0.25,
        "Total Revenue": 9,
        "Gross Profit": 8,
        "Operating Income": 2,
        "EBIT": NaN,
        "Net Income": 2
    },
    "2020-06-30": {
        "Diluted EPS": 0.16,
        "Total Revenue": 8,
        "Gross Profit": 6,
        "Operating Income": 1,
        "EBIT": NaN,
        "Net Income": 1
    },
    "2020-03-31": {
        "Diluted EPS": -0.19,
        "Total Revenue": 7,
        "Gross Profit": 6,
        "Operating Income": -2,
        "EBIT": NaN,
        "Net Income": -1
    },
    "2019-12-31": {
        "Diluted EPS": 0.04,
        "Total Revenue": 4,
        "Gross Profit": 4,
        "Operating Income": 0,
        "EBIT": NaN,
        "Net Income": 0
    },
    "2019-09-30": {
        "Diluted EPS": -0.03,
        "Total Revenue": 4,
        "Gross Profit": 4,
        "Operating Income": 0,
        "EBIT": NaN,
        "Net Income": 0
    },
    "2019-06-30": {
        "Diluted EPS": 0.02,
        "Total Revenue": 4,
        "Gross Profit": 4,
        "Operating Income": 0,
        "EBIT": NaN,
        "Net Income": 0
    },
    "2019-03-31": {
        "Diluted EPS": 0.02,
        "Total Revenue": 4,
        "Gross Profit": 3,
        "Operating Income": 0,
        "EBIT": NaN,
        "Net Income": 0
    },
    "2018-12-31": {
        "Diluted EPS": 0.02,
        "Total Revenue": 4,
        "Gross Profit": 3,
        "Operating Income": 0,
        "EBIT": NaN,
        "Net Income": 0
    },
    "2018-09-30": {
        "Diluted EPS": 0.06,
        "Total Revenue": 4,
        "Gross Profit": 4,
        "Operating Income": 1,
        "EBIT": NaN,
        "Net Income": 0
    },
    "2018-06-30": {
        "Diluted EPS": 0.08,
        "Total Revenue": 4,
        "Gross Profit": 4,
        "Operating Income": 1,
        "EBIT": NaN,
        "Net Income": 1
    },
    "2018-03-31": {
        "Diluted EPS": 0.04,
        "Total Revenue": 4,
        "Gross Profit": 3,
        "Operating Income": 0,
        "EBIT": NaN,
        "Net Income": 0
    },
    "2017-12-31": {
        "Diluted EPS": -0.13,
        "Total Revenue": NaN,
        "Gross Profit": 0,
        "Operating Income": -2,
        "EBIT": NaN,
        "Net Income": -1
    },
    "2017-09-30": {
        "Diluted EPS": 0.0,
        "Total Revenue": NaN,
        "Gross Profit": NaN,
        "Operating Income": NaN,
        "EBIT": NaN,
        "Net Income": NaN
    },
    "2017-06-30": {
        "Diluted EPS": 0.03,
        "Total Revenue": 4,
        "Gross Profit": 3,
        "Operating Income": 0,
        "EBIT": NaN,
        "Net Income": 0
    },
    "2017-03-31": {
        "Diluted EPS": 0.0,
        "Total Revenue": 3,
        "Gross Profit": 3,
        "Operating Income": 1,
        "EBIT": NaN,
        "Net Income": 0
    },
    "2016-12-31": {
        "Diluted EPS": 0.0,
        "Total Revenue": 3,
        "Gross Profit": 3,
        "Operating Income": 1,
        "EBIT": NaN,
        "Net Income": 0
    },
    "2016-09-30": {
        "Diluted EPS": 0.0,
        "Total Revenue": 3,
        "Gross Profit": 3,
        "Operating Income": 1,
        "EBIT": NaN,
        "Net Income": 0
    },
    "2016-06-30": {
        "Diluted EPS": 0.0,
        "Total Revenue": 3,
        "Gross Profit": 3,
        "Operating Income": 0,
        "EBIT": NaN,
        "Net Income": 0
    },
    "2016-03-31": {
        "Diluted EPS": 0.0,
        "Total Revenue": 3,
        "Gross Profit": 3,
        "Operating Income": 0,
        "EBIT": NaN,
        "Net Income": 0
    },
    "2015-12-31": {
        "Diluted EPS": 0.0,
        "Total Revenue": 3,
        "Gross Profit": 3,
        "Operating Income": 0,
        "EBIT": NaN,
        "Net Income": 0
    },
    "2023-09-30": {
        "Tax Effect Of Unusual Items": NaN,
        "Tax Rate For Calcs": NaN,
        "Total Unusual Items": 0.0,
        "Total Unusual Items Excluding Goodwill": 0.0,
        "Net Income From Continuing Operation Net Minority Interest": NaN,
        "Reconciled Depreciation": NaN,
        "Net Interest Income": NaN,
        "Interest Expense": NaN,
        "Interest Income": NaN,
        "Normalized Income": NaN,
        "Net Income From Continuing And Discontinued Operation": NaN,
        "Diluted Average Shares": 6493114.0,
        "Basic Average Shares": 6417754.0,
        "Diluted EPS": 0.25,
        "Basic EPS": 0.25,
        "Diluted NI Availto Com Stockholders": NaN,
        "Net Income Common Stockholders": NaN,
        "Net Income": NaN,
        "Net Income Including Noncontrolling Interests": NaN,
        "Net Income Continuous Operations": NaN,
        "Tax Provision": NaN,
        "Pretax Income": NaN,
        "Special Income Charges": 0.0,
        "Selling General And Administration": NaN,
        "Selling And Marketing Expense": 59000.0,
        "General And Administrative Expense": NaN,
        "Salaries And Wages": NaN,
        "Total Revenue": NaN,
        "Operating Revenue": NaN,
        "Occupancy And Equipment": NaN,
        "Professional Expense And Contract Services Expense": 160000.0,
        "Other Non Interest Expense": NaN
    },
    "2023-12-31": {
        "Tax Effect Of Unusual Items": 0.0,
        "Tax Rate For Calcs": 0.215249,
        "Total Unusual Items": 0.0,
        "Total Unusual Items Excluding Goodwill": 0.0,
        "Net Income From Continuing Operation Net Minority Interest": 1513000.0,
        "Reconciled Depreciation": 158000.0,
        "Net Interest Income": 6707000.0,
        "Interest Expense": 4378000.0,
        "Interest Income": 11085000.0,
        "Normalized Income": 1513000.0,
        "Net Income From Continuing And Discontinued Operation": 1513000.0,
        "Diluted Average Shares": 6486442.0,
        "Basic Average Shares": 6406156.0,
        "Diluted EPS": 0.23,
        "Basic EPS": 0.24,
        "Diluted NI Availto Com Stockholders": 1513000.0,
        "Net Income Common Stockholders": 1513000.0,
        "Net Income": 1513000.0,
        "Net Income Including Noncontrolling Interests": 1513000.0,
        "Net Income Continuous Operations": 1513000.0,
        "Tax Provision": 415000.0,
        "Pretax Income": 1928000.0,
        "Special Income Charges": 0.0,
        "Selling General And Administration": 2967000.0,
        "Selling And Marketing Expense": NaN,
        "General And Administrative Expense": 3205000.0,
        "Salaries And Wages": 3205000.0,
        "Total Revenue": 7313000.0,
        "Operating Revenue": 7313000.0,
        "Occupancy And Equipment": 584000.0,
        "Professional Expense And Contract Services Expense": NaN,
        "Other Non Interest Expense": 1883000.0
    },
    "2024-03-31": {
        "Tax Effect Of Unusual Items": 0.0,
        "Tax Rate For Calcs": 0.243,
        "Total Unusual Items": NaN,
        "Total Unusual Items Excluding Goodwill": NaN,
        "Net Income From Continuing Operation Net Minority Interest": 1335000.0,
        "Reconciled Depreciation": 162000.0,
        "Net Interest Income": 6749000.0,
        "Interest Expense": 4472000.0,
        "Interest Income": 11221000.0,
        "Normalized Income": 1335000.0,
        "Net Income From Continuing And Discontinued Operation": 1335000.0,
        "Diluted Average Shares": 6524332.0,
        "Basic Average Shares": 6416628.0,
        "Diluted EPS": 0.2,
        "Basic EPS": 0.21,
        "Diluted NI Availto Com Stockholders": 1335000.0,
        "Net Income Common Stockholders": 1335000.0,
        "Net Income": 1335000.0,
        "Net Income Including Noncontrolling Interests": 1335000.0,
        "Net Income Continuous Operations": 1335000.0,
        "Tax Provision": 428000.0,
        "Pretax Income": 1763000.0,
        "Special Income Charges": NaN,
        "Selling General And Administration": 3179000.0,
        "Selling And Marketing Expense": NaN,
        "General And Administrative Expense": 3179000.0,
        "Salaries And Wages": 3179000.0,
        "Total Revenue": 7333000.0,
        "Operating Revenue": 7333000.0,
        "Occupancy And Equipment": 618000.0,
        "Professional Expense And Contract Services Expense": NaN,
        "Other Non Interest Expense": 1773000.0
    },
    "2024-06-30": {
        "Tax Effect Of Unusual Items": 31320.0,
        "Tax Rate For Calcs": 0.232,
        "Total Unusual Items": 135000.0,
        "Total Unusual Items Excluding Goodwill": 135000.0,
        "Net Income From Continuing Operation Net Minority Interest": 1031000.0,
        "Reconciled Depreciation": 180000.0,
        "Net Interest Income": 7568000.0,
        "Interest Expense": 4654000.0,
        "Interest Income": 12222000.0,
        "Normalized Income": 927320.0,
        "Net Income From Continuing And Discontinued Operation": 1031000.0,
        "Diluted Average Shares": 6544450.0,
        "Basic Average Shares": 6416628.0,
        "Diluted EPS": 0.16,
        "Basic EPS": 0.16,
        "Diluted NI Availto Com Stockholders": 1031000.0,
        "Net Income Common Stockholders": 1031000.0,
        "Net Income": 1031000.0,
        "Net Income Including Noncontrolling Interests": 1031000.0,
        "Net Income Continuous Operations": 1031000.0,
        "Tax Provision": 311000.0,
        "Pretax Income": 1342000.0,
        "Special Income Charges": NaN,
        "Selling General And Administration": 3417000.0,
        "Selling And Marketing Expense": NaN,
        "General And Administrative Expense": 3417000.0,
        "Salaries And Wages": 3417000.0,
        "Total Revenue": 8274000.0,
        "Operating Revenue": 8274000.0,
        "Occupancy And Equipment": 615000.0,
        "Professional Expense And Contract Services Expense": 1118000.0,
        "Other Non Interest Expense": 1569000.0
    },
    "2024-09-30": {
        "Tax Effect Of Unusual Items": 0.0,
        "Tax Rate For Calcs": 0.24,
        "Total Unusual Items": 0.0,
        "Total Unusual Items Excluding Goodwill": 0.0,
        "Net Income From Continuing Operation Net Minority Interest": 1730000.0,
        "Reconciled Depreciation": 171000.0,
        "Net Interest Income": 7414000.0,
        "Interest Expense": 4888000.0,
        "Interest Income": 12302000.0,
        "Normalized Income": 1730000.0,
        "Net Income From Continuing And Discontinued Operation": 1730000.0,
        "Diluted Average Shares": 6611468.0,
        "Basic Average Shares": 6412511.0,
        "Diluted EPS": 0.26,
        "Basic EPS": 0.27,
        "Diluted NI Availto Com Stockholders": 1730000.0,
        "Net Income Common Stockholders": 1730000.0,
        "Net Income": 1730000.0,
        "Net Income Including Noncontrolling Interests": 1730000.0,
        "Net Income Continuous Operations": 1730000.0,
        "Tax Provision": 546000.0,
        "Pretax Income": 2276000.0,
        "Special Income Charges": NaN,
        "Selling General And Administration": 3257000.0,
        "Selling And Marketing Expense": NaN,
        "General And Administrative Expense": 3257000.0,
        "Salaries And Wages": 3257000.0,
        "Total Revenue": 7980000.0,
        "Operating Revenue": 7980000.0,
        "Occupancy And Equipment": 600000.0,
        "Professional Expense And Contract Services Expense": 356000.0,
        "Other Non Interest Expense": 1491000.0
    },
    "2024-12-31": {
        "Tax Effect Of Unusual Items": 0.0,
        "Tax Rate For Calcs": 0.1599,
        "Total Unusual Items": 0.0,
        "Total Unusual Items Excluding Goodwill": 0.0,
        "Net Income From Continuing Operation Net Minority Interest": 1345000.0,
        "Reconciled Depreciation": 225000.0,
        "Net Interest Income": 7434000.0,
        "Interest Expense": 4793000.0,
        "Interest Income": 12227000.0,
        "Normalized Income": 1345000.0,
        "Net Income From Continuing And Discontinued Operation": 1345000.0,
        "Diluted Average Shares": NaN,
        "Basic Average Shares": NaN,
        "Diluted EPS": NaN,
        "Basic EPS": NaN,
        "Diluted NI Availto Com Stockholders": 1345000.0,
        "Net Income Common Stockholders": 1345000.0,
        "Net Income": 1345000.0,
        "Net Income Including Noncontrolling Interests": 1345000.0,
        "Net Income Continuous Operations": 1345000.0,
        "Tax Provision": 256000.0,
        "Pretax Income": 1601000.0,
        "Special Income Charges": NaN,
        "Selling General And Administration": 3273000.0,
        "Selling And Marketing Expense": NaN,
        "General And Administrative Expense": 3273000.0,
        "Salaries And Wages": 3273000.0,
        "Total Revenue": 7594000.0,
        "Operating Revenue": 7594000.0,
        "Occupancy And Equipment": 618000.0,
        "Professional Expense And Contract Services Expense": 331000.0,
        "Other Non Interest Expense": 1546000.0
    }
}