{
    "2023-03-31": {
        "Tax Effect Of Unusual Items": 0.0,
        "Tax Rate For Calcs": 0.19697,
        "Net Income From Continuing Operation Net Minority Interest": 212000000.0,
        "Reconciled Depreciation": 20000000.0,
        "EBIT": 283000000.0,
        "Net Interest Income": -19000000.0,
        "Interest Expense": 19000000.0,
        "Interest Income": 9000000.0,
        "Normalized Income": 212000000.0,
        "Net Income From Continuing And Discontinued Operation": 212000000.0,
        "Total Expenses": 1419000000.0,
        "Diluted Average Shares": 85400000.0,
        "Basic Average Shares": 85200000.0,
        "Diluted EPS": 2.49,
        "Basic EPS": 2.49,
        "Diluted NI Availto Com Stockholders": 212000000.0,
        "Net Income Common Stockholders": 212000000.0,
        "Net Income": 212000000.0,
        "Net Income Including Noncontrolling Interests": 212000000.0,
        "Net Income Discontinuous Operations": NaN,
        "Net Income Continuous Operations": 212000000.0,
        "Tax Provision": 52000000.0,
        "Pretax Income": 264000000.0,
        "Other Income Expense": 32000000.0,
        "Net Non Operating Interest Income Expense": -19000000.0,
        "Interest Expense Non Operating": 19000000.0,
        "Other Operating Expenses": 69000000.0,
        "Total Revenue": 1683000000.0,
        "Operating Revenue": 1683000000.0,
        "Loss Adjustment Expense": 820000000.0,
        "Net Policyholder Benefits And Claims": 820000000.0
    },
    "2022-12-31": {
        "Tax Effect Of Unusual Items": NaN,
        "Tax Rate For Calcs": NaN,
        "Net Income From Continuing Operation Net Minority Interest": NaN,
        "Reconciled Depreciation": NaN,
        "EBIT": NaN,
        "Net Interest Income": NaN,
        "Interest Expense": NaN,
        "Interest Income": NaN,
        "Normalized Income": NaN,
        "Net Income From Continuing And Discontinued Operation": NaN,
        "Total Expenses": NaN,
        "Diluted Average Shares": NaN,
        "Basic Average Shares": NaN,
        "Diluted EPS": NaN,
        "Basic EPS": NaN,
        "Diluted NI Availto Com Stockholders": NaN,
        "Net Income Common Stockholders": NaN,
        "Net Income": NaN,
        "Net Income Including Noncontrolling Interests": NaN,
        "Net Income Discontinuous Operations": 0.0,
        "Net Income Continuous Operations": NaN,
        "Tax Provision": NaN,
        "Pretax Income": NaN,
        "Other Income Expense": NaN,
        "Net Non Operating Interest Income Expense": NaN,
        "Interest Expense Non Operating": NaN,
        "Other Operating Expenses": NaN,
        "Total Revenue": NaN,
        "Operating Revenue": NaN,
        "Loss Adjustment Expense": NaN,
        "Net Policyholder Benefits And Claims": NaN
    },
    "2022-09-30": {
        "Tax Effect Of Unusual Items": NaN,
        "Tax Rate For Calcs": NaN,
        "Net Income From Continuing Operation Net Minority Interest": NaN,
        "Reconciled Depreciation": NaN,
        "EBIT": NaN,
        "Net Interest Income": NaN,
        "Interest Expense": NaN,
        "Interest Income": NaN,
        "Normalized Income": NaN,
        "Net Income From Continuing And Discontinued Operation": NaN,
        "Total Expenses": NaN,
        "Diluted Average Shares": NaN,
        "Basic Average Shares": NaN,
        "Diluted EPS": NaN,
        "Basic EPS": NaN,
        "Diluted NI Availto Com Stockholders": NaN,
        "Net Income Common Stockholders": NaN,
        "Net Income": NaN,
        "Net Income Including Noncontrolling Interests": NaN,
        "Net Income Discontinuous Operations": 0.0,
        "Net Income Continuous Operations": NaN,
        "Tax Provision": NaN,
        "Pretax Income": NaN,
        "Other Income Expense": NaN,
        "Net Non Operating Interest Income Expense": NaN,
        "Interest Expense Non Operating": NaN,
        "Other Operating Expenses": NaN,
        "Total Revenue": NaN,
        "Operating Revenue": NaN
    },
    "2022-06-30": {
        "Tax Effect Of Unusual Items": 0.0,
        "Tax Rate For Calcs": 0.18932,
        "Net Income From Continuing Operation Net Minority Interest": 167000000.0,
        "Reconciled Depreciation": 27000000.0,
        "EBIT": 229000000.0,
        "Net Interest Income": -23000000.0,
        "Interest Expense": 23000000.0,
        "Interest Income": 8000000.0,
        "Normalized Income": 167000000.0,
        "Net Income From Continuing And Discontinued Operation": 167000000.0,
        "Total Expenses": 1333000000.0,
        "Diluted Average Shares": 85300000.0,
        "Basic Average Shares": 85100000.0,
        "Diluted EPS": 1.96,
        "Basic EPS": 1.97,
        "Diluted NI Availto Com Stockholders": 167000000.0,
        "Net Income Common Stockholders": 167000000.0,
        "Net Income": 167000000.0,
        "Net Income Including Noncontrolling Interests": 167000000.0,
        "Net Income Discontinuous Operations": 0.0,
        "Net Income Continuous Operations": 167000000.0,
        "Tax Provision": 39000000.0,
        "Pretax Income": 206000000.0,
        "Other Income Expense": 32000000.0,
        "Net Non Operating Interest Income Expense": -23000000.0,
        "Interest Expense Non Operating": 23000000.0,
        "Other Operating Expenses": 57000000.0,
        "Total Revenue": 1539000000.0,
        "Operating Revenue": 1539000000.0
    },
    "2023-06-30": {
        "Tax Effect Of Unusual Items": 0.0,
        "Tax Rate For Calcs": 0.22,
        "Net Income From Continuing Operation Net Minority Interest": 200000000.0,
        "Reconciled Depreciation": 19000000.0,
        "EBIT": 274000000.0,
        "Net Interest Income": -19000000.0,
        "Interest Expense": 19000000.0,
        "Interest Income": 9000000.0,
        "Normalized Income": 200000000.0,
        "Net Income From Continuing And Discontinued Operation": 200000000.0,
        "Total Expenses": 1557000000.0,
        "Diluted Average Shares": 85200000.0,
        "Basic Average Shares": 84858528.0,
        "Diluted EPS": 2.34,
        "Basic EPS": 2.356864,
        "Diluted NI Availto Com Stockholders": 200000000.0,
        "Net Income Common Stockholders": 200000000.0,
        "Net Income": 200000000.0,
        "Net Income Including Noncontrolling Interests": 200000000.0,
        "Net Income Continuous Operations": 200000000.0,
        "Tax Provision": 55000000.0,
        "Pretax Income": 255000000.0,
        "Other Income Expense": 25000000.0,
        "Net Non Operating Interest Income Expense": -19000000.0,
        "Interest Expense Non Operating": 19000000.0,
        "Other Operating Expenses": 73000000.0,
        "Total Revenue": 1812000000.0,
        "Operating Revenue": 1812000000.0,
        "Loss Adjustment Expense": 905000000.0,
        "Net Policyholder Benefits And Claims": 905000000.0
    },
    "2022-03-31": {
        "Diluted EPS": 3.4,
        "Total Revenue": NaN,
        "Gross Profit": 481,
        "Operating Income": 361,
        "EBIT": 410,
        "Net Income": 290
    },
    "2021-12-31": {
        "Diluted EPS": 4.2,
        "Total Revenue": NaN,
        "Gross Profit": 576,
        "Operating Income": 445,
        "EBIT": 495,
        "Net Income": 355
    },
    "2021-09-30": {
        "Diluted EPS": 2.56,
        "Total Revenue": NaN,
        "Gross Profit": 383,
        "Operating Income": 267,
        "EBIT": 318,
        "Net Income": 219
    },
    "2021-06-30": {
        "Diluted EPS": 11.7,
        "Total Revenue": NaN,
        "Gross Profit": 427,
        "Operating Income": 288,
        "EBIT": 345,
        "Net Income": NaN
    },
    "2021-03-31": {
        "Diluted EPS": 4.84,
        "Total Revenue": NaN,
        "Gross Profit": 462,
        "Operating Income": 335,
        "EBIT": 458,
        "Net Income": 419
    },
    "2020-12-31": {
        "Diluted EPS": 7.71,
        "Total Revenue": NaN,
        "Gross Profit": 493,
        "Operating Income": 344,
        "EBIT": 419,
        "Net Income": 692
    },
    "2020-09-30": {
        "Diluted EPS": 1.86,
        "Total Revenue": NaN,
        "Gross Profit": 187,
        "Operating Income": 40,
        "EBIT": 233,
        "Net Income": 164
    },
    "2020-06-30": {
        "Diluted EPS": 1.97,
        "Total Revenue": NaN,
        "Gross Profit": 265,
        "Operating Income": 140,
        "EBIT": 129,
        "Net Income": 177
    },
    "2020-03-31": {
        "Diluted EPS": -3.34,
        "Total Revenue": NaN,
        "Gross Profit": -72,
        "Operating Income": -185,
        "EBIT": -55,
        "Net Income": -301
    },
    "2019-12-31": {
        "Diluted EPS": 2.29,
        "Total Revenue": 106,
        "Gross Profit": -175,
        "Operating Income": -215,
        "EBIT": -133,
        "Net Income": 211
    },
    "2019-09-30": {
        "Diluted EPS": 1.62,
        "Total Revenue": NaN,
        "Gross Profit": 359,
        "Operating Income": 177,
        "EBIT": 317,
        "Net Income": 147
    },
    "2019-06-30": {
        "Diluted EPS": 2.31,
        "Total Revenue": NaN,
        "Gross Profit": 439,
        "Operating Income": 259,
        "EBIT": 314,
        "Net Income": 210
    },
    "2019-03-31": {
        "Diluted EPS": 3.63,
        "Total Revenue": NaN,
        "Gross Profit": 594,
        "Operating Income": 413,
        "EBIT": 463,
        "Net Income": 329
    },
    "2018-12-31": {
        "Diluted EPS": -0.32,
        "Total Revenue": NaN,
        "Gross Profit": 155,
        "Operating Income": -39,
        "EBIT": 24,
        "Net Income": -29
    },
    "2018-09-30": {
        "Diluted EPS": 2.26,
        "Total Revenue": NaN,
        "Gross Profit": 409,
        "Operating Income": 244,
        "EBIT": 316,
        "Net Income": 204
    },
    "2018-06-30": {
        "Diluted EPS": 2.31,
        "Total Revenue": NaN,
        "Gross Profit": 419,
        "Operating Income": 260,
        "EBIT": 311,
        "Net Income": 210
    },
    "2018-03-31": {
        "Diluted EPS": 1.6,
        "Total Revenue": NaN,
        "Gross Profit": 322,
        "Operating Income": 174,
        "EBIT": 260,
        "Net Income": 145
    },
    "2017-12-31": {
        "Diluted EPS": 1.82,
        "Total Revenue": NaN,
        "Gross Profit": 468,
        "Operating Income": 267,
        "EBIT": 289,
        "Net Income": 166
    },
    "2017-09-30": {
        "Diluted EPS": 0.13,
        "Total Revenue": NaN,
        "Gross Profit": 207,
        "Operating Income": 29,
        "EBIT": 86,
        "Net Income": 11
    },
    "2017-06-30": {
        "Diluted EPS": 1.61,
        "Total Revenue": NaN,
        "Gross Profit": 367,
        "Operating Income": 205,
        "EBIT": 259,
        "Net Income": 145
    },
    "2017-03-31": {
        "Diluted EPS": 1.72,
        "Total Revenue": NaN,
        "Gross Profit": 370,
        "Operating Income": 223,
        "EBIT": 282,
        "Net Income": 153
    },
    "2016-12-31": {
        "Diluted EPS": 4.34,
        "Total Revenue": NaN,
        "Gross Profit": 475,
        "Operating Income": 317,
        "EBIT": 381,
        "Net Income": 385
    },
    "2016-09-30": {
        "Diluted EPS": 1.23,
        "Total Revenue": NaN,
        "Gross Profit": 333,
        "Operating Income": 178,
        "EBIT": 235,
        "Net Income": 109
    },
    "2016-06-30": {
        "Diluted EPS": 0.62,
        "Total Revenue": NaN,
        "Gross Profit": 272,
        "Operating Income": 136,
        "EBIT": 180,
        "Net Income": 54
    },
    "2016-03-31": {
        "Diluted EPS": 1.14,
        "Total Revenue": NaN,
        "Gross Profit": 288,
        "Operating Income": 156,
        "EBIT": 202,
        "Net Income": 101
    },
    "2015-12-31": {
        "Diluted EPS": 1.45,
        "Total Revenue": NaN,
        "Gross Profit": 345,
        "Operating Income": 210,
        "EBIT": 243,
        "Net Income": 129
    },
    "2015-09-30": {
        "Diluted EPS": 0.71,
        "Total Revenue": NaN,
        "Gross Profit": 238,
        "Operating Income": 99,
        "EBIT": 151,
        "Net Income": 63
    },
    "2015-06-30": {
        "Diluted EPS": 1.57,
        "Total Revenue": NaN,
        "Gross Profit": 354,
        "Operating Income": 226,
        "EBIT": 299,
        "Net Income": 141
    },
    "2015-03-31": {
        "Diluted EPS": 0.21,
        "Total Revenue": NaN,
        "Gross Profit": 151,
        "Operating Income": 30,
        "EBIT": 81,
        "Net Income": 19
    },
    "2014-12-31": {
        "Diluted EPS": 1.41,
        "Total Revenue": NaN,
        "Gross Profit": 294,
        "Operating Income": 190,
        "EBIT": 260,
        "Net Income": 127
    },
    "2014-09-30": {
        "Diluted EPS": 1.28,
        "Total Revenue": NaN,
        "Gross Profit": 255,
        "Operating Income": 145,
        "EBIT": 201,
        "Net Income": 116
    },
    "2014-06-30": {
        "Diluted EPS": 1.15,
        "Total Revenue": NaN,
        "Gross Profit": 244,
        "Operating Income": 130,
        "EBIT": 177,
        "Net Income": 106
    },
    "2014-03-31": {
        "Diluted EPS": 1.13,
        "Total Revenue": NaN,
        "Gross Profit": 269,
        "Operating Income": 161,
        "EBIT": 206,
        "Net Income": 103
    },
    "2013-12-31": {
        "Diluted EPS": 1.72,
        "Total Revenue": NaN,
        "Gross Profit": 362,
        "Operating Income": 246,
        "EBIT": 295,
        "Net Income": 158
    },
    "2013-09-30": {
        "Diluted EPS": 0.92,
        "Total Revenue": NaN,
        "Gross Profit": 280,
        "Operating Income": 142,
        "EBIT": 192,
        "Net Income": 83
    },
    "2013-06-30": {
        "Diluted EPS": 1.2,
        "Total Revenue": NaN,
        "Gross Profit": 239,
        "Operating Income": 126,
        "EBIT": 187,
        "Net Income": 110
    },
    "2013-03-31": {
        "Diluted EPS": 1.32,
        "Total Revenue": NaN,
        "Gross Profit": 294,
        "Operating Income": 175,
        "EBIT": 228,
        "Net Income": 120
    },
    "2012-12-31": {
        "Diluted EPS": 0.55,
        "Total Revenue": NaN,
        "Gross Profit": 76,
        "Operating Income": -30,
        "EBIT": 127,
        "Net Income": 50
    },
    "2012-09-30": {
        "Diluted EPS": 2.39,
        "Total Revenue": NaN,
        "Gross Profit": 422,
        "Operating Income": 285,
        "EBIT": 339,
        "Net Income": 226
    },
    "2012-06-30": {
        "Diluted EPS": 1.01,
        "Total Revenue": NaN,
        "Gross Profit": 253,
        "Operating Income": 136,
        "EBIT": 192,
        "Net Income": 99
    },
    "2012-03-31": {
        "Diluted EPS": 1.14,
        "Total Revenue": NaN,
        "Gross Profit": 267,
        "Operating Income": 146,
        "EBIT": 211,
        "Net Income": 113
    },
    "2011-12-31": {
        "Diluted EPS": 1.08,
        "Total Revenue": NaN,
        "Gross Profit": 286,
        "Operating Income": 240,
        "EBIT": 300,
        "Net Income": 109
    },
    "2011-09-30": {
        "Diluted EPS": 0.95,
        "Total Revenue": NaN,
        "Gross Profit": 280,
        "Operating Income": 156,
        "EBIT": 217,
        "Net Income": 97
    },
    "2011-06-30": {
        "Diluted EPS": 0.46,
        "Total Revenue": NaN,
        "Gross Profit": 200,
        "Operating Income": 60,
        "EBIT": 123,
        "Net Income": 48
    },
    "2011-03-31": {
        "Diluted EPS": 0.83,
        "Total Revenue": NaN,
        "Gross Profit": 233,
        "Operating Income": 102,
        "EBIT": 172,
        "Net Income": 88
    },
    "2010-12-31": {
        "Diluted EPS": 1.25,
        "Total Revenue": NaN,
        "Gross Profit": 335,
        "Operating Income": 181,
        "EBIT": 263,
        "Net Income": 136
    },
    "2010-09-30": {
        "Diluted EPS": 1.21,
        "Total Revenue": NaN,
        "Gross Profit": 336,
        "Operating Income": 208,
        "EBIT": 273,
        "Net Income": 132
    },
    "2010-06-30": {
        "Diluted EPS": 0.97,
        "Total Revenue": NaN,
        "Gross Profit": 278,
        "Operating Income": 158,
        "EBIT": 226,
        "Net Income": 108
    },
    "2010-03-31": {
        "Diluted EPS": 0.93,
        "Total Revenue": NaN,
        "Gross Profit": 273,
        "Operating Income": 147,
        "EBIT": 212,
        "Net Income": 106
    },
    "2009-12-31": {
        "Diluted EPS": 1.39,
        "Total Revenue": NaN,
        "Gross Profit": 363,
        "Operating Income": 235,
        "EBIT": 297,
        "Net Income": 161
    },
    "2009-09-30": {
        "Diluted EPS": 1.09,
        "Total Revenue": NaN,
        "Gross Profit": 343,
        "Operating Income": 203,
        "EBIT": 262,
        "Net Income": 127
    },
    "2009-06-30": {
        "Diluted EPS": 1.09,
        "Total Revenue": NaN,
        "Gross Profit": 352,
        "Operating Income": 206,
        "EBIT": 271,
        "Net Income": 127
    },
    "2009-03-31": {
        "Diluted EPS": 0.88,
        "Total Revenue": NaN,
        "Gross Profit": 284,
        "Operating Income": 168,
        "EBIT": 247,
        "Net Income": 104
    },
    "2023-09-30": {
        "Tax Effect Of Unusual Items": NaN,
        "Tax Rate For Calcs": NaN,
        "Net Income From Continuing Operation Net Minority Interest": NaN,
        "Reconciled Depreciation": NaN,
        "EBIT": NaN,
        "Net Interest Income": NaN,
        "Interest Expense": NaN,
        "Interest Income": NaN,
        "Normalized Income": NaN,
        "Net Income From Continuing And Discontinued Operation": NaN,
        "Total Expenses": NaN,
        "Diluted Average Shares": 84700000.0,
        "Basic Average Shares": 84600000.0,
        "Diluted EPS": 2.09,
        "Basic EPS": 2.1,
        "Diluted NI Availto Com Stockholders": NaN,
        "Net Income Common Stockholders": NaN,
        "Net Income": NaN,
        "Net Income Including Noncontrolling Interests": NaN,
        "Net Income Continuous Operations": NaN,
        "Tax Provision": NaN,
        "Pretax Income": NaN,
        "Other Income Expense": NaN,
        "Net Non Operating Interest Income Expense": NaN,
        "Interest Expense Non Operating": NaN,
        "Other Operating Expenses": NaN,
        "Total Revenue": NaN,
        "Operating Revenue": NaN,
        "Loss Adjustment Expense": NaN,
        "Net Policyholder Benefits And Claims": NaN
    },
    "2023-12-31": {
        "Tax Effect Of Unusual Items": 0.0,
        "Tax Rate For Calcs": 0.214925,
        "Net Income From Continuing Operation Net Minority Interest": 263000000.0,
        "Reconciled Depreciation": 18000000.0,
        "EBIT": 354000000.0,
        "Net Interest Income": -19000000.0,
        "Interest Expense": 19000000.0,
        "Interest Income": 8000000.0,
        "Normalized Income": 263000000.0,
        "Net Income From Continuing And Discontinued Operation": 263000000.0,
        "Total Expenses": 1751000000.0,
        "Diluted Average Shares": 83800000.0,
        "Basic Average Shares": 83635807.0,
        "Diluted EPS": 3.13,
        "Basic EPS": 3.144586,
        "Diluted NI Availto Com Stockholders": 263000000.0,
        "Net Income Common Stockholders": 263000000.0,
        "Net Income": 263000000.0,
        "Net Income Including Noncontrolling Interests": 263000000.0,
        "Net Income Continuous Operations": 263000000.0,
        "Tax Provision": 72000000.0,
        "Pretax Income": 335000000.0,
        "Other Income Expense": 46000000.0,
        "Net Non Operating Interest Income Expense": -19000000.0,
        "Interest Expense Non Operating": 19000000.0,
        "Other Operating Expenses": 78000000.0,
        "Total Revenue": 2086000000.0,
        "Operating Revenue": 2086000000.0,
        "Loss Adjustment Expense": 1069000000.0,
        "Net Policyholder Benefits And Claims": 1069000000.0
    },
    "2024-03-31": {
        "Tax Effect Of Unusual Items": 0.0,
        "Tax Rate For Calcs": 0.2,
        "Net Income From Continuing Operation Net Minority Interest": 242000000.0,
        "Reconciled Depreciation": 20000000.0,
        "EBIT": 323000000.0,
        "Net Interest Income": -19000000.0,
        "Interest Expense": 19000000.0,
        "Interest Income": 7000000.0,
        "Normalized Income": 242000000.0,
        "Net Income From Continuing And Discontinued Operation": 242000000.0,
        "Total Expenses": 1577000000.0,
        "Diluted Average Shares": 83857354.0,
        "Basic Average Shares": 83857354.0,
        "Diluted EPS": 2.885853,
        "Basic EPS": 2.885853,
        "Diluted NI Availto Com Stockholders": 242000000.0,
        "Net Income Common Stockholders": 242000000.0,
        "Net Income": 242000000.0,
        "Net Income Including Noncontrolling Interests": 242000000.0,
        "Net Income Continuous Operations": 242000000.0,
        "Tax Provision": 62000000.0,
        "Pretax Income": 304000000.0,
        "Other Income Expense": 39000000.0,
        "Net Non Operating Interest Income Expense": -19000000.0,
        "Interest Expense Non Operating": 19000000.0,
        "Other Operating Expenses": 76000000.0,
        "Total Revenue": 1881000000.0,
        "Operating Revenue": 1881000000.0,
        "Loss Adjustment Expense": 912000000.0,
        "Net Policyholder Benefits And Claims": 912000000.0
    },
    "2024-06-30": {
        "Tax Effect Of Unusual Items": 0.0,
        "Tax Rate For Calcs": 0.228782,
        "Net Income From Continuing Operation Net Minority Interest": 209000000.0,
        "Reconciled Depreciation": 19000000.0,
        "EBIT": 290000000.0,
        "Net Interest Income": -19000000.0,
        "Interest Expense": 19000000.0,
        "Interest Income": 7000000.0,
        "Normalized Income": 209000000.0,
        "Net Income From Continuing And Discontinued Operation": 209000000.0,
        "Total Expenses": 1615000000.0,
        "Diluted Average Shares": 83900000.0,
        "Basic Average Shares": 83897267.0,
        "Diluted EPS": 2.49,
        "Basic EPS": 2.491142,
        "Diluted NI Availto Com Stockholders": 209000000.0,
        "Net Income Common Stockholders": 209000000.0,
        "Net Income": 209000000.0,
        "Net Income Including Noncontrolling Interests": 209000000.0,
        "Net Income Continuous Operations": 209000000.0,
        "Tax Provision": 62000000.0,
        "Pretax Income": 271000000.0,
        "Other Income Expense": 27000000.0,
        "Net Non Operating Interest Income Expense": -19000000.0,
        "Interest Expense Non Operating": 19000000.0,
        "Other Operating Expenses": 77000000.0,
        "Total Revenue": 1886000000.0,
        "Operating Revenue": 1886000000.0,
        "Loss Adjustment Expense": 937000000.0,
        "Net Policyholder Benefits And Claims": 937000000.0
    },
    "2024-09-30": {
        "Tax Effect Of Unusual Items": 0.0,
        "Tax Rate For Calcs": 0.21,
        "Net Income From Continuing Operation Net Minority Interest": 181000000.0,
        "Reconciled Depreciation": 21000000.0,
        "EBIT": 248000000.0,
        "Net Interest Income": -19000000.0,
        "Interest Expense": 19000000.0,
        "Interest Income": 6000000.0,
        "Normalized Income": 181000000.0,
        "Net Income From Continuing And Discontinued Operation": 181000000.0,
        "Total Expenses": 2134000000.0,
        "Diluted Average Shares": 83923446.0,
        "Basic Average Shares": 83923446.0,
        "Diluted EPS": 2.156727,
        "Basic EPS": 2.156727,
        "Diluted NI Availto Com Stockholders": 181000000.0,
        "Net Income Common Stockholders": 181000000.0,
        "Net Income": 181000000.0,
        "Net Income Including Noncontrolling Interests": 181000000.0,
        "Net Income Continuous Operations": 181000000.0,
        "Tax Provision": 48000000.0,
        "Pretax Income": 229000000.0,
        "Other Income Expense": 26000000.0,
        "Net Non Operating Interest Income Expense": -19000000.0,
        "Interest Expense Non Operating": 19000000.0,
        "Other Operating Expenses": 88000000.0,
        "Total Revenue": 2363000000.0,
        "Operating Revenue": 2363000000.0,
        "Loss Adjustment Expense": 1430000000.0,
        "Net Policyholder Benefits And Claims": 1430000000.0
    },
    "2024-12-31": {
        "Tax Effect Of Unusual Items": 0.0,
        "Tax Rate For Calcs": 0.203125,
        "Net Income From Continuing Operation Net Minority Interest": 255000000.0,
        "Reconciled Depreciation": 21000000.0,
        "EBIT": 339000000.0,
        "Net Interest Income": -19000000.0,
        "Interest Expense": 19000000.0,
        "Interest Income": 9000000.0,
        "Normalized Income": 255000000.0,
        "Net Income From Continuing And Discontinued Operation": 255000000.0,
        "Total Expenses": 1828000000.0,
        "Diluted Average Shares": 84000000.0,
        "Basic Average Shares": 83978258.0,
        "Diluted EPS": 3.03,
        "Basic EPS": 3.0365,
        "Diluted NI Availto Com Stockholders": 255000000.0,
        "Net Income Common Stockholders": 255000000.0,
        "Net Income": 255000000.0,
        "Net Income Including Noncontrolling Interests": 255000000.0,
        "Net Income Continuous Operations": 255000000.0,
        "Tax Provision": 65000000.0,
        "Pretax Income": 320000000.0,
        "Other Income Expense": 32000000.0,
        "Net Non Operating Interest Income Expense": -19000000.0,
        "Interest Expense Non Operating": 19000000.0,
        "Other Operating Expenses": 78000000.0,
        "Total Revenue": 2148000000.0,
        "Operating Revenue": 2148000000.0,
        "Loss Adjustment Expense": 1181000000.0,
        "Net Policyholder Benefits And Claims": 1181000000.0
    },
    "2025-03-31": {
        "Tax Effect Of Unusual Items": 0.0,
        "Tax Rate For Calcs": 0.22,
        "Net Income From Continuing Operation Net Minority Interest": 154000000.0,
        "Reconciled Depreciation": 22000000.0,
        "EBIT": 216000000.0,
        "Net Interest Income": -19000000.0,
        "Interest Expense": 19000000.0,
        "Interest Income": 6000000.0,
        "Normalized Income": 154000000.0,
        "Net Income From Continuing And Discontinued Operation": 154000000.0,
        "Total Expenses": 1646000000.0,
        "Diluted Average Shares": 83800000.0,
        "Basic Average Shares": 83668453.0,
        "Diluted EPS": 1.84,
        "Basic EPS": 1.840598,
        "Diluted NI Availto Com Stockholders": 154000000.0,
        "Net Income Common Stockholders": 154000000.0,
        "Net Income": 154000000.0,
        "Net Income Including Noncontrolling Interests": 154000000.0,
        "Net Income Continuous Operations": 154000000.0,
        "Tax Provision": 43000000.0,
        "Pretax Income": 197000000.0,
        "Other Income Expense": 27000000.0,
        "Net Non Operating Interest Income Expense": -19000000.0,
        "Interest Expense Non Operating": 19000000.0,
        "Other Operating Expenses": 77000000.0,
        "Total Revenue": 1843000000.0,
        "Operating Revenue": 1843000000.0,
        "Loss Adjustment Expense": 965000000.0,
        "Net Policyholder Benefits And Claims": 965000000.0
    },
    "2025-06-30": {
        "Tax Effect Of Unusual Items": 0.0,
        "Tax Rate For Calcs": 0.240175,
        "Net Income From Continuing Operation Net Minority Interest": 174000000.0,
        "Reconciled Depreciation": 22000000.0,
        "EBIT": 248000000.0,
        "Net Interest Income": -19000000.0,
        "Interest Expense": 19000000.0,
        "Interest Income": 15000000.0,
        "Normalized Income": 174000000.0,
        "Net Income From Continuing And Discontinued Operation": 174000000.0,
        "Total Expenses": 1701000000.0,
        "Diluted Average Shares": 83500000.0,
        "Basic Average Shares": 83385661.0,
        "Diluted EPS": 2.07,
        "Basic EPS": 2.08669,
        "Diluted NI Availto Com Stockholders": 174000000.0,
        "Net Income Common Stockholders": 174000000.0,
        "Net Income": 174000000.0,
        "Net Income Including Noncontrolling Interests": 174000000.0,
        "Net Income Continuous Operations": 174000000.0,
        "Tax Provision": 55000000.0,
        "Pretax Income": 229000000.0,
        "Other Income Expense": 27000000.0,
        "Net Non Operating Interest Income Expense": -19000000.0,
        "Interest Expense Non Operating": 19000000.0,
        "Other Operating Expenses": 75000000.0,
        "Total Revenue": 1930000000.0,
        "Operating Revenue": 1930000000.0,
        "Loss Adjustment Expense": 1007000000.0,
        "Net Policyholder Benefits And Claims": 1007000000.0
    },
    "2025-09-30": {
        "Tax Effect Of Unusual Items": 0.0,
        "Tax Rate For Calcs": 0.2,
        "Net Income From Continuing Operation Net Minority Interest": 215000000.0,
        "Reconciled Depreciation": 20000000.0,
        "EBIT": 287000000.0,
        "Net Interest Income": -19000000.0,
        "Interest Expense": 19000000.0,
        "Interest Income": 6000000.0,
        "Normalized Income": 215000000.0,
        "Net Income From Continuing And Discontinued Operation": 215000000.0,
        "Total Expenses": 2036000000.0,
        "Diluted Average Shares": 83401430.0,
        "Basic Average Shares": 83401430.0,
        "Diluted EPS": 2.577893,
        "Basic EPS": 2.577893,
        "Diluted NI Availto Com Stockholders": 215000000.0,
        "Net Income Common Stockholders": 215000000.0,
        "Net Income": 215000000.0,
        "Net Income Including Noncontrolling Interests": 215000000.0,
        "Net Income Continuous Operations": 215000000.0,
        "Tax Provision": 53000000.0,
        "Pretax Income": 268000000.0,
        "Other Income Expense": 30000000.0,
        "Net Non Operating Interest Income Expense": -19000000.0,
        "Interest Expense Non Operating": 19000000.0,
        "Other Operating Expenses": 99000000.0,
        "Total Revenue": 2304000000.0,
        "Operating Revenue": 2304000000.0,
        "Loss Adjustment Expense": 1355000000.0,
        "Net Policyholder Benefits And Claims": 1355000000.0
    }
}