{
    "2023-03-31": {
        "Tax Effect Of Unusual Items": NaN,
        "Tax Rate For Calcs": NaN,
        "Normalized EBITDA": NaN,
        "Total Unusual Items": NaN,
        "Total Unusual Items Excluding Goodwill": NaN,
        "Net Income From Continuing Operation Net Minority Interest": NaN,
        "Reconciled Depreciation": NaN,
        "Reconciled Cost Of Revenue": NaN,
        "EBITDA": NaN,
        "EBIT": NaN,
        "Net Interest Income": NaN,
        "Interest Expense": NaN,
        "Interest Income": NaN,
        "Normalized Income": NaN,
        "Net Income From Continuing And Discontinued Operation": NaN,
        "Total Expenses": NaN,
        "Total Operating Income As Reported": NaN,
        "Diluted Average Shares": NaN,
        "Basic Average Shares": NaN,
        "Diluted EPS": NaN,
        "Basic EPS": NaN,
        "Diluted NI Availto Com Stockholders": NaN,
        "Net Income Common Stockholders": NaN,
        "Net Income": NaN,
        "Net Income Including Noncontrolling Interests": NaN,
        "Net Income Continuous Operations": NaN,
        "Tax Provision": NaN,
        "Pretax Income": NaN,
        "Other Income Expense": NaN,
        "Special Income Charges": NaN,
        "Gain On Sale Of Ppe": NaN,
        "Write Off": NaN,
        "Impairment Of Capital Assets": NaN,
        "Restructuring And Mergern Acquisition": NaN,
        "Gain On Sale Of Security": NaN,
        "Net Non Operating Interest Income Expense": NaN,
        "Total Other Finance Cost": 390000.0,
        "Interest Expense Non Operating": NaN,
        "Interest Income Non Operating": NaN,
        "Operating Income": NaN,
        "Operating Expense": NaN,
        "Other Operating Expenses": NaN,
        "Depreciation Amortization Depletion Income Statement": NaN,
        "Depreciation And Amortization In Income Statement": NaN,
        "Depreciation Income Statement": NaN,
        "Selling General And Administration": NaN,
        "General And Administrative Expense": NaN,
        "Other Gand A": NaN,
        "Salaries And Wages": NaN,
        "Gross Profit": NaN,
        "Cost Of Revenue": NaN,
        "Total Revenue": NaN,
        "Operating Revenue": NaN
    },
    "2022-12-31": {
        "Tax Effect Of Unusual Items": NaN,
        "Tax Rate For Calcs": NaN,
        "Normalized EBITDA": NaN,
        "Total Unusual Items": NaN,
        "Total Unusual Items Excluding Goodwill": NaN,
        "Net Income From Continuing Operation Net Minority Interest": NaN,
        "Reconciled Depreciation": NaN,
        "Reconciled Cost Of Revenue": NaN,
        "EBITDA": NaN,
        "EBIT": NaN,
        "Net Interest Income": NaN,
        "Interest Expense": NaN,
        "Interest Income": NaN,
        "Normalized Income": NaN,
        "Net Income From Continuing And Discontinued Operation": NaN,
        "Total Expenses": NaN,
        "Total Operating Income As Reported": NaN,
        "Diluted Average Shares": NaN,
        "Basic Average Shares": NaN,
        "Diluted EPS": NaN,
        "Basic EPS": NaN,
        "Diluted NI Availto Com Stockholders": NaN,
        "Net Income Common Stockholders": NaN,
        "Net Income": NaN,
        "Net Income Including Noncontrolling Interests": NaN,
        "Net Income Continuous Operations": NaN,
        "Tax Provision": NaN,
        "Pretax Income": NaN,
        "Other Income Expense": NaN,
        "Special Income Charges": NaN,
        "Gain On Sale Of Ppe": NaN,
        "Write Off": NaN,
        "Impairment Of Capital Assets": NaN,
        "Restructuring And Mergern Acquisition": 0.0,
        "Gain On Sale Of Security": NaN,
        "Net Non Operating Interest Income Expense": NaN,
        "Total Other Finance Cost": 404000.0,
        "Interest Expense Non Operating": NaN,
        "Interest Income Non Operating": NaN,
        "Operating Income": NaN,
        "Operating Expense": NaN,
        "Other Operating Expenses": NaN,
        "Depreciation Amortization Depletion Income Statement": NaN,
        "Depreciation And Amortization In Income Statement": NaN,
        "Depreciation Income Statement": NaN,
        "Selling General And Administration": NaN,
        "General And Administrative Expense": NaN,
        "Other Gand A": NaN,
        "Salaries And Wages": NaN,
        "Gross Profit": NaN,
        "Cost Of Revenue": NaN,
        "Total Revenue": NaN,
        "Operating Revenue": NaN
    },
    "2022-09-30": {
        "Tax Effect Of Unusual Items": NaN,
        "Tax Rate For Calcs": NaN,
        "Normalized EBITDA": NaN,
        "Total Unusual Items": NaN,
        "Total Unusual Items Excluding Goodwill": NaN,
        "Net Income From Continuing Operation Net Minority Interest": NaN,
        "Reconciled Depreciation": NaN,
        "Reconciled Cost Of Revenue": NaN,
        "EBITDA": NaN,
        "EBIT": NaN,
        "Net Interest Income": NaN,
        "Interest Expense": NaN,
        "Interest Income": NaN,
        "Normalized Income": NaN,
        "Net Income From Continuing And Discontinued Operation": NaN,
        "Total Expenses": NaN,
        "Total Operating Income As Reported": NaN,
        "Diluted Average Shares": 262865860.0,
        "Basic Average Shares": 262865860.0,
        "Diluted EPS": -0.08,
        "Basic EPS": -0.08,
        "Diluted NI Availto Com Stockholders": NaN,
        "Net Income Common Stockholders": NaN,
        "Net Income": NaN,
        "Net Income Including Noncontrolling Interests": NaN,
        "Net Income Continuous Operations": NaN,
        "Tax Provision": NaN,
        "Pretax Income": NaN,
        "Other Income Expense": NaN,
        "Special Income Charges": NaN,
        "Gain On Sale Of Ppe": NaN,
        "Write Off": NaN,
        "Impairment Of Capital Assets": NaN,
        "Restructuring And Mergern Acquisition": 0.0,
        "Gain On Sale Of Security": NaN,
        "Net Non Operating Interest Income Expense": NaN,
        "Total Other Finance Cost": NaN,
        "Interest Expense Non Operating": NaN,
        "Interest Income Non Operating": NaN,
        "Operating Income": NaN,
        "Operating Expense": NaN,
        "Other Operating Expenses": NaN,
        "Depreciation Amortization Depletion Income Statement": NaN,
        "Depreciation And Amortization In Income Statement": NaN,
        "Depreciation Income Statement": NaN,
        "Selling General And Administration": NaN,
        "General And Administrative Expense": NaN,
        "Other Gand A": NaN,
        "Salaries And Wages": NaN,
        "Gross Profit": NaN,
        "Cost Of Revenue": NaN,
        "Total Revenue": NaN,
        "Operating Revenue": NaN
    },
    "2022-06-30": {
        "Tax Effect Of Unusual Items": 1318400.0,
        "Tax Rate For Calcs": 0.4,
        "Normalized EBITDA": 29617000.0,
        "Total Unusual Items": 3296000.0,
        "Total Unusual Items Excluding Goodwill": 3296000.0,
        "Net Income From Continuing Operation Net Minority Interest": -84050000.0,
        "Reconciled Depreciation": 34623000.0,
        "Reconciled Cost Of Revenue": 114275000.0,
        "EBITDA": 32913000.0,
        "EBIT": -1710000.0,
        "Net Interest Income": -3940000.0,
        "Interest Expense": 3628000.0,
        "Interest Income": NaN,
        "Normalized Income": -86027600.0,
        "Net Income From Continuing And Discontinued Operation": -84050000.0,
        "Total Expenses": 164793000.0,
        "Total Operating Income As Reported": 3415000.0,
        "Diluted Average Shares": 262680950.0,
        "Basic Average Shares": 262680950.0,
        "Diluted EPS": -0.32,
        "Basic EPS": -0.32,
        "Diluted NI Availto Com Stockholders": -84050000.0,
        "Net Income Common Stockholders": -84050000.0,
        "Net Income": -84050000.0,
        "Net Income Including Noncontrolling Interests": -84050000.0,
        "Net Income Continuous Operations": -84050000.0,
        "Tax Provision": 78712000.0,
        "Pretax Income": -5338000.0,
        "Other Income Expense": 3296000.0,
        "Special Income Charges": 7585000.0,
        "Gain On Sale Of Ppe": NaN,
        "Write Off": -7585000.0,
        "Impairment Of Capital Assets": -7585000.0,
        "Restructuring And Mergern Acquisition": 0.0,
        "Gain On Sale Of Security": -4289000.0,
        "Net Non Operating Interest Income Expense": -3940000.0,
        "Total Other Finance Cost": 312000.0,
        "Interest Expense Non Operating": 3628000.0,
        "Interest Income Non Operating": NaN,
        "Operating Income": -4694000.0,
        "Operating Expense": 16306000.0,
        "Other Operating Expenses": 3940000.0,
        "Depreciation Amortization Depletion Income Statement": 411000.0,
        "Depreciation And Amortization In Income Statement": 411000.0,
        "Depreciation Income Statement": 411000.0,
        "Selling General And Administration": 11955000.0,
        "General And Administrative Expense": 11955000.0,
        "Other Gand A": 5238000.0,
        "Salaries And Wages": 6717000.0,
        "Gross Profit": 11612000.0,
        "Cost Of Revenue": 148487000.0,
        "Total Revenue": 160099000.0,
        "Operating Revenue": 160099000.0
    },
    "2023-06-30": {
        "Tax Effect Of Unusual Items": NaN,
        "Tax Rate For Calcs": NaN,
        "Normalized EBITDA": NaN,
        "Total Unusual Items": NaN,
        "Total Unusual Items Excluding Goodwill": NaN,
        "Net Income From Continuing Operation Net Minority Interest": NaN,
        "Reconciled Depreciation": NaN,
        "Reconciled Cost Of Revenue": NaN,
        "EBITDA": NaN,
        "EBIT": NaN,
        "Net Interest Income": NaN,
        "Interest Expense": NaN,
        "Interest Income": NaN,
        "Normalized Income": NaN,
        "Net Income From Continuing And Discontinued Operation": NaN,
        "Total Expenses": NaN,
        "Total Operating Income As Reported": NaN,
        "Diluted Average Shares": 280993803.0,
        "Basic Average Shares": 280993803.0,
        "Diluted EPS": -0.06,
        "Basic EPS": -0.06,
        "Diluted NI Availto Com Stockholders": NaN,
        "Net Income Common Stockholders": NaN,
        "Net Income": NaN,
        "Net Income Including Noncontrolling Interests": NaN,
        "Net Income Continuous Operations": NaN,
        "Tax Provision": NaN,
        "Pretax Income": NaN,
        "Other Income Expense": NaN,
        "Special Income Charges": NaN,
        "Gain On Sale Of Ppe": NaN,
        "Write Off": 7229000.0,
        "Impairment Of Capital Assets": NaN,
        "Restructuring And Mergern Acquisition": NaN,
        "Gain On Sale Of Security": NaN,
        "Net Non Operating Interest Income Expense": NaN,
        "Total Other Finance Cost": 972000.0,
        "Interest Expense Non Operating": NaN,
        "Interest Income Non Operating": NaN,
        "Operating Income": NaN,
        "Operating Expense": NaN,
        "Other Operating Expenses": NaN,
        "Depreciation Amortization Depletion Income Statement": NaN,
        "Depreciation And Amortization In Income Statement": NaN,
        "Depreciation Income Statement": NaN,
        "Selling General And Administration": NaN,
        "General And Administrative Expense": NaN,
        "Other Gand A": NaN,
        "Salaries And Wages": NaN,
        "Gross Profit": NaN,
        "Cost Of Revenue": NaN,
        "Total Revenue": NaN,
        "Operating Revenue": NaN
    },
    "2023-09-30": {
        "Tax Effect Of Unusual Items": NaN,
        "Tax Rate For Calcs": NaN,
        "Normalized EBITDA": NaN,
        "Total Unusual Items": NaN,
        "Total Unusual Items Excluding Goodwill": NaN,
        "Net Income From Continuing Operation Net Minority Interest": NaN,
        "Reconciled Depreciation": NaN,
        "Reconciled Cost Of Revenue": NaN,
        "EBITDA": NaN,
        "EBIT": NaN,
        "Net Interest Income": NaN,
        "Interest Expense": NaN,
        "Interest Income": NaN,
        "Normalized Income": NaN,
        "Net Income From Continuing And Discontinued Operation": NaN,
        "Total Expenses": NaN,
        "Total Operating Income As Reported": NaN,
        "Diluted Average Shares": 286921720.0,
        "Basic Average Shares": 286921720.0,
        "Diluted EPS": -0.09,
        "Basic EPS": -0.09,
        "Diluted NI Availto Com Stockholders": NaN,
        "Net Income Common Stockholders": NaN,
        "Net Income": NaN,
        "Net Income Including Noncontrolling Interests": NaN,
        "Net Income Continuous Operations": NaN,
        "Tax Provision": NaN,
        "Pretax Income": NaN,
        "Other Income Expense": NaN,
        "Special Income Charges": NaN,
        "Gain On Sale Of Ppe": NaN,
        "Write Off": 0.0,
        "Impairment Of Capital Assets": NaN,
        "Restructuring And Mergern Acquisition": NaN,
        "Gain On Sale Of Security": NaN,
        "Net Non Operating Interest Income Expense": NaN,
        "Total Other Finance Cost": 882000.0,
        "Interest Expense Non Operating": NaN,
        "Interest Income Non Operating": NaN,
        "Operating Income": NaN,
        "Operating Expense": NaN,
        "Other Operating Expenses": NaN,
        "Depreciation Amortization Depletion Income Statement": NaN,
        "Depreciation And Amortization In Income Statement": NaN,
        "Depreciation Income Statement": NaN,
        "Selling General And Administration": NaN,
        "General And Administrative Expense": NaN,
        "Other Gand A": NaN,
        "Salaries And Wages": NaN,
        "Gross Profit": NaN,
        "Cost Of Revenue": NaN,
        "Total Revenue": NaN,
        "Operating Revenue": NaN
    },
    "2023-12-31": {
        "Tax Effect Of Unusual Items": NaN,
        "Tax Rate For Calcs": NaN,
        "Normalized EBITDA": NaN,
        "Total Unusual Items": NaN,
        "Total Unusual Items Excluding Goodwill": NaN,
        "Net Income From Continuing Operation Net Minority Interest": NaN,
        "Reconciled Depreciation": NaN,
        "Reconciled Cost Of Revenue": NaN,
        "EBITDA": NaN,
        "EBIT": NaN,
        "Net Interest Income": NaN,
        "Interest Expense": NaN,
        "Interest Income": NaN,
        "Normalized Income": NaN,
        "Net Income From Continuing And Discontinued Operation": NaN,
        "Total Expenses": NaN,
        "Total Operating Income As Reported": NaN,
        "Diluted Average Shares": NaN,
        "Basic Average Shares": NaN,
        "Diluted EPS": NaN,
        "Basic EPS": NaN,
        "Diluted NI Availto Com Stockholders": NaN,
        "Net Income Common Stockholders": NaN,
        "Net Income": NaN,
        "Net Income Including Noncontrolling Interests": NaN,
        "Net Income Continuous Operations": NaN,
        "Tax Provision": NaN,
        "Pretax Income": NaN,
        "Other Income Expense": NaN,
        "Special Income Charges": NaN,
        "Gain On Sale Of Ppe": 0.0,
        "Write Off": 0.0,
        "Impairment Of Capital Assets": 0.0,
        "Restructuring And Mergern Acquisition": NaN,
        "Gain On Sale Of Security": NaN,
        "Net Non Operating Interest Income Expense": NaN,
        "Total Other Finance Cost": 462000.0,
        "Interest Expense Non Operating": NaN,
        "Interest Income Non Operating": NaN,
        "Operating Income": NaN,
        "Operating Expense": NaN,
        "Other Operating Expenses": NaN,
        "Depreciation Amortization Depletion Income Statement": NaN,
        "Depreciation And Amortization In Income Statement": NaN,
        "Depreciation Income Statement": NaN,
        "Selling General And Administration": NaN,
        "General And Administrative Expense": NaN,
        "Other Gand A": NaN,
        "Salaries And Wages": NaN,
        "Gross Profit": NaN,
        "Cost Of Revenue": NaN,
        "Total Revenue": NaN,
        "Operating Revenue": NaN
    },
    "2024-03-31": {
        "Tax Effect Of Unusual Items": NaN,
        "Tax Rate For Calcs": NaN,
        "Normalized EBITDA": NaN,
        "Total Unusual Items": NaN,
        "Total Unusual Items Excluding Goodwill": NaN,
        "Net Income From Continuing Operation Net Minority Interest": NaN,
        "Reconciled Depreciation": NaN,
        "Reconciled Cost Of Revenue": NaN,
        "EBITDA": NaN,
        "EBIT": NaN,
        "Net Interest Income": NaN,
        "Interest Expense": NaN,
        "Interest Income": NaN,
        "Normalized Income": NaN,
        "Net Income From Continuing And Discontinued Operation": NaN,
        "Total Expenses": NaN,
        "Total Operating Income As Reported": NaN,
        "Diluted Average Shares": 287210710.0,
        "Basic Average Shares": 287210710.0,
        "Diluted EPS": -0.05,
        "Basic EPS": -0.05,
        "Diluted NI Availto Com Stockholders": NaN,
        "Net Income Common Stockholders": NaN,
        "Net Income": NaN,
        "Net Income Including Noncontrolling Interests": NaN,
        "Net Income Continuous Operations": NaN,
        "Tax Provision": NaN,
        "Pretax Income": NaN,
        "Other Income Expense": NaN,
        "Special Income Charges": NaN,
        "Gain On Sale Of Ppe": 0.0,
        "Write Off": NaN,
        "Impairment Of Capital Assets": 0.0,
        "Restructuring And Mergern Acquisition": NaN,
        "Gain On Sale Of Security": NaN,
        "Net Non Operating Interest Income Expense": NaN,
        "Total Other Finance Cost": NaN,
        "Interest Expense Non Operating": NaN,
        "Interest Income Non Operating": NaN,
        "Operating Income": NaN,
        "Operating Expense": NaN,
        "Other Operating Expenses": NaN,
        "Depreciation Amortization Depletion Income Statement": NaN,
        "Depreciation And Amortization In Income Statement": NaN,
        "Depreciation Income Statement": NaN,
        "Selling General And Administration": NaN,
        "General And Administrative Expense": NaN,
        "Other Gand A": NaN,
        "Salaries And Wages": NaN,
        "Gross Profit": NaN,
        "Cost Of Revenue": NaN,
        "Total Revenue": NaN,
        "Operating Revenue": NaN
    },
    "2024-06-30": {
        "Tax Effect Of Unusual Items": -1450500.0,
        "Tax Rate For Calcs": 0.15,
        "Normalized EBITDA": 28845000.0,
        "Total Unusual Items": -9670000.0,
        "Total Unusual Items Excluding Goodwill": -9670000.0,
        "Net Income From Continuing Operation Net Minority Interest": -48251000.0,
        "Reconciled Depreciation": 31979000.0,
        "Reconciled Cost Of Revenue": 89670000.0,
        "EBITDA": 19175000.0,
        "EBIT": -12804000.0,
        "Net Interest Income": -2480000.0,
        "Interest Expense": 4933000.0,
        "Interest Income": 2453000.0,
        "Normalized Income": -40031500.0,
        "Net Income From Continuing And Discontinued Operation": -48251000.0,
        "Total Expenses": 142327000.0,
        "Total Operating Income As Reported": -14318000.0,
        "Diluted Average Shares": 292027581.0,
        "Basic Average Shares": 292027581.0,
        "Diluted EPS": -0.17,
        "Basic EPS": -0.17,
        "Diluted NI Availto Com Stockholders": -48251000.0,
        "Net Income Common Stockholders": -48251000.0,
        "Net Income": -48251000.0,
        "Net Income Including Noncontrolling Interests": -48251000.0,
        "Net Income Continuous Operations": -48251000.0,
        "Tax Provision": 30514000.0,
        "Pretax Income": -17737000.0,
        "Other Income Expense": -9670000.0,
        "Special Income Charges": 0.0,
        "Gain On Sale Of Ppe": 0.0,
        "Write Off": 0.0,
        "Impairment Of Capital Assets": 0.0,
        "Restructuring And Mergern Acquisition": 0.0,
        "Gain On Sale Of Security": -9670000.0,
        "Net Non Operating Interest Income Expense": -2480000.0,
        "Total Other Finance Cost": NaN,
        "Interest Expense Non Operating": 4933000.0,
        "Interest Income Non Operating": 2453000.0,
        "Operating Income": -5587000.0,
        "Operating Expense": 21049000.0,
        "Other Operating Expenses": 8125000.0,
        "Depreciation Amortization Depletion Income Statement": 371000.0,
        "Depreciation And Amortization In Income Statement": 371000.0,
        "Depreciation Income Statement": 371000.0,
        "Selling General And Administration": 12553000.0,
        "General And Administrative Expense": 12553000.0,
        "Other Gand A": 4841000.0,
        "Salaries And Wages": 7712000.0,
        "Gross Profit": 15462000.0,
        "Cost Of Revenue": 121278000.0,
        "Total Revenue": 136740000.0,
        "Operating Revenue": 136740000.0
    },
    "2024-09-30": {
        "Tax Effect Of Unusual Items": -1054200.0,
        "Tax Rate For Calcs": 0.15,
        "Normalized EBITDA": 41550000.0,
        "Total Unusual Items": -7028000.0,
        "Total Unusual Items Excluding Goodwill": -7028000.0,
        "Net Income From Continuing Operation Net Minority Interest": -26593000.0,
        "Reconciled Depreciation": 32251000.0,
        "Reconciled Cost Of Revenue": 86599000.0,
        "EBITDA": 34522000.0,
        "EBIT": 2271000.0,
        "Net Interest Income": -2747000.0,
        "Interest Expense": 4455000.0,
        "Interest Income": 1708000.0,
        "Normalized Income": -20619200.0,
        "Net Income From Continuing And Discontinued Operation": -26593000.0,
        "Total Expenses": 139401000.0,
        "Total Operating Income As Reported": 4146000.0,
        "Diluted Average Shares": 301000656.0,
        "Basic Average Shares": 301000656.0,
        "Diluted EPS": -0.09,
        "Basic EPS": -0.09,
        "Diluted NI Availto Com Stockholders": -26593000.0,
        "Net Income Common Stockholders": -26593000.0,
        "Net Income": -26593000.0,
        "Net Income Including Noncontrolling Interests": -26593000.0,
        "Net Income Continuous Operations": -26593000.0,
        "Tax Provision": 24409000.0,
        "Pretax Income": -2184000.0,
        "Other Income Expense": -7028000.0,
        "Special Income Charges": 0.0,
        "Gain On Sale Of Ppe": 0.0,
        "Write Off": 0.0,
        "Impairment Of Capital Assets": 0.0,
        "Restructuring And Mergern Acquisition": 0.0,
        "Gain On Sale Of Security": -7028000.0,
        "Net Non Operating Interest Income Expense": -2747000.0,
        "Total Other Finance Cost": NaN,
        "Interest Expense Non Operating": 4455000.0,
        "Interest Income Non Operating": 1708000.0,
        "Operating Income": 7591000.0,
        "Operating Expense": 20931000.0,
        "Other Operating Expenses": 8556000.0,
        "Depreciation Amortization Depletion Income Statement": 380000.0,
        "Depreciation And Amortization In Income Statement": 380000.0,
        "Depreciation Income Statement": 380000.0,
        "Selling General And Administration": 11995000.0,
        "General And Administrative Expense": 11995000.0,
        "Other Gand A": 4602000.0,
        "Salaries And Wages": 7393000.0,
        "Gross Profit": 28522000.0,
        "Cost Of Revenue": 118470000.0,
        "Total Revenue": 146992000.0,
        "Operating Revenue": 146992000.0
    },
    "2024-12-31": {
        "Tax Effect Of Unusual Items": -319200.0,
        "Tax Rate For Calcs": 0.15,
        "Normalized EBITDA": 58696000.0,
        "Total Unusual Items": -2128000.0,
        "Total Unusual Items Excluding Goodwill": -2128000.0,
        "Net Income From Continuing Operation Net Minority Interest": -13478000.0,
        "Reconciled Depreciation": 35048000.0,
        "Reconciled Cost Of Revenue": 90427000.0,
        "EBITDA": 56568000.0,
        "EBIT": 21520000.0,
        "Net Interest Income": -4056000.0,
        "Interest Expense": 1368000.0,
        "Interest Income": 325000.0,
        "Normalized Income": -11669200.0,
        "Net Income From Continuing And Discontinued Operation": -13478000.0,
        "Total Expenses": 147004000.0,
        "Total Operating Income As Reported": 25660000.0,
        "Diluted Average Shares": NaN,
        "Basic Average Shares": NaN,
        "Diluted EPS": NaN,
        "Basic EPS": NaN,
        "Diluted NI Availto Com Stockholders": -13478000.0,
        "Net Income Common Stockholders": -13478000.0,
        "Net Income": -13478000.0,
        "Net Income Including Noncontrolling Interests": -13478000.0,
        "Net Income Continuous Operations": -13478000.0,
        "Tax Provision": 33630000.0,
        "Pretax Income": 20152000.0,
        "Other Income Expense": -2128000.0,
        "Special Income Charges": 0.0,
        "Gain On Sale Of Ppe": 0.0,
        "Write Off": 0.0,
        "Impairment Of Capital Assets": 0.0,
        "Restructuring And Mergern Acquisition": 0.0,
        "Gain On Sale Of Security": -2128000.0,
        "Net Non Operating Interest Income Expense": -4056000.0,
        "Total Other Finance Cost": NaN,
        "Interest Expense Non Operating": 1368000.0,
        "Interest Income Non Operating": 325000.0,
        "Operating Income": 26336000.0,
        "Operating Expense": 21901000.0,
        "Other Operating Expenses": 7895000.0,
        "Depreciation Amortization Depletion Income Statement": 372000.0,
        "Depreciation And Amortization In Income Statement": 372000.0,
        "Depreciation Income Statement": 372000.0,
        "Selling General And Administration": 13634000.0,
        "General And Administrative Expense": 13634000.0,
        "Other Gand A": 6612000.0,
        "Salaries And Wages": 7022000.0,
        "Gross Profit": 48237000.0,
        "Cost Of Revenue": 125103000.0,
        "Total Revenue": 173340000.0,
        "Operating Revenue": 173340000.0
    },
    "2025-03-31": {
        "Tax Effect Of Unusual Items": -1240500.0,
        "Tax Rate For Calcs": 0.15,
        "Normalized EBITDA": 104311000.0,
        "Total Unusual Items": -8270000.0,
        "Total Unusual Items Excluding Goodwill": -8270000.0,
        "Net Income From Continuing Operation Net Minority Interest": 6240000.0,
        "Reconciled Depreciation": 62774000.0,
        "Reconciled Cost Of Revenue": 119767000.0,
        "EBITDA": 96041000.0,
        "EBIT": 33267000.0,
        "Net Interest Income": -550000.0,
        "Interest Expense": 4217000.0,
        "Interest Income": 3667000.0,
        "Normalized Income": 13269500.0,
        "Net Income From Continuing And Discontinued Operation": 6240000.0,
        "Total Expenses": 208122000.0,
        "Total Operating Income As Reported": 35508000.0,
        "Diluted Average Shares": 456411599.0,
        "Basic Average Shares": 453063479.0,
        "Diluted EPS": 0.01,
        "Basic EPS": 0.01,
        "Diluted NI Availto Com Stockholders": 6240000.0,
        "Net Income Common Stockholders": 6240000.0,
        "Net Income": 6240000.0,
        "Net Income Including Noncontrolling Interests": 6240000.0,
        "Net Income Continuous Operations": 6240000.0,
        "Tax Provision": 22810000.0,
        "Pretax Income": 29050000.0,
        "Other Income Expense": -8270000.0,
        "Special Income Charges": -5584000.0,
        "Gain On Sale Of Ppe": NaN,
        "Write Off": NaN,
        "Impairment Of Capital Assets": NaN,
        "Restructuring And Mergern Acquisition": 5584000.0,
        "Gain On Sale Of Security": -2686000.0,
        "Net Non Operating Interest Income Expense": -550000.0,
        "Total Other Finance Cost": NaN,
        "Interest Expense Non Operating": 4217000.0,
        "Interest Income Non Operating": 3667000.0,
        "Operating Income": 37870000.0,
        "Operating Expense": 25935000.0,
        "Other Operating Expenses": 7715000.0,
        "Depreciation Amortization Depletion Income Statement": 354000.0,
        "Depreciation And Amortization In Income Statement": 354000.0,
        "Depreciation Income Statement": 354000.0,
        "Selling General And Administration": 17866000.0,
        "General And Administrative Expense": 17866000.0,
        "Other Gand A": 6307000.0,
        "Salaries And Wages": 11559000.0,
        "Gross Profit": 63805000.0,
        "Cost Of Revenue": 182187000.0,
        "Total Revenue": 245992000.0,
        "Operating Revenue": 245992000.0
    },
    "2025-06-30": {
        "Tax Effect Of Unusual Items": 2172900.0,
        "Tax Rate For Calcs": 0.15,
        "Normalized EBITDA": 102604000.0,
        "Total Unusual Items": 14486000.0,
        "Total Unusual Items Excluding Goodwill": 14486000.0,
        "Net Income From Continuing Operation Net Minority Interest": 56579000.0,
        "Reconciled Depreciation": 74058000.0,
        "Reconciled Cost Of Revenue": 141636000.0,
        "EBITDA": 117090000.0,
        "EBIT": 43032000.0,
        "Net Interest Income": -1398000.0,
        "Interest Expense": 5014000.0,
        "Interest Income": 3616000.0,
        "Normalized Income": 44265900.0,
        "Net Income From Continuing And Discontinued Operation": 56579000.0,
        "Total Expenses": 239796000.0,
        "Total Operating Income As Reported": 39482000.0,
        "Diluted Average Shares": 488580386.0,
        "Basic Average Shares": 485086253.0,
        "Diluted EPS": 0.11,
        "Basic EPS": 0.11,
        "Diluted NI Availto Com Stockholders": 56579000.0,
        "Net Income Common Stockholders": 56579000.0,
        "Net Income": 56579000.0,
        "Net Income Including Noncontrolling Interests": 56579000.0,
        "Net Income Continuous Operations": 56579000.0,
        "Tax Provision": -18561000.0,
        "Pretax Income": 38018000.0,
        "Other Income Expense": 14486000.0,
        "Special Income Charges": 0.0,
        "Gain On Sale Of Ppe": NaN,
        "Write Off": NaN,
        "Impairment Of Capital Assets": NaN,
        "Restructuring And Mergern Acquisition": 0.0,
        "Gain On Sale Of Security": 14486000.0,
        "Net Non Operating Interest Income Expense": -1398000.0,
        "Total Other Finance Cost": NaN,
        "Interest Expense Non Operating": 5014000.0,
        "Interest Income Non Operating": 3616000.0,
        "Operating Income": 24930000.0,
        "Operating Expense": 24421000.0,
        "Other Operating Expenses": 8107000.0,
        "Depreciation Amortization Depletion Income Statement": 319000.0,
        "Depreciation And Amortization In Income Statement": 319000.0,
        "Depreciation Income Statement": 319000.0,
        "Selling General And Administration": 15995000.0,
        "General And Administrative Expense": 15995000.0,
        "Other Gand A": 6739000.0,
        "Salaries And Wages": 9256000.0,
        "Gross Profit": 49351000.0,
        "Cost Of Revenue": 215375000.0,
        "Total Revenue": 264726000.0,
        "Operating Revenue": 264726000.0
    }
}