{
    "2023-03-31": {
        "Tax Effect Of Unusual Items": NaN,
        "Tax Rate For Calcs": NaN,
        "Normalized EBITDA": NaN,
        "Total Unusual Items": NaN,
        "Total Unusual Items Excluding Goodwill": NaN,
        "Net Income From Continuing Operation Net Minority Interest": NaN,
        "Reconciled Depreciation": NaN,
        "Reconciled Cost Of Revenue": NaN,
        "EBITDA": NaN,
        "EBIT": NaN,
        "Net Interest Income": NaN,
        "Interest Income": 734449.0,
        "Normalized Income": NaN,
        "Net Income From Continuing And Discontinued Operation": NaN,
        "Total Expenses": NaN,
        "Total Operating Income As Reported": NaN,
        "Diluted Average Shares": NaN,
        "Basic Average Shares": NaN,
        "Diluted EPS": NaN,
        "Basic EPS": NaN,
        "Diluted NI Availto Com Stockholders": NaN,
        "Net Income Common Stockholders": NaN,
        "Net Income": NaN,
        "Minority Interests": 0.0,
        "Net Income Including Noncontrolling Interests": NaN,
        "Net Income Continuous Operations": NaN,
        "Pretax Income": NaN,
        "Other Income Expense": NaN,
        "Other Non Operating Income Expenses": NaN,
        "Special Income Charges": NaN,
        "Impairment Of Capital Assets": NaN,
        "Gain On Sale Of Security": NaN,
        "Net Non Operating Interest Income Expense": NaN,
        "Interest Income Non Operating": 734449.0,
        "Operating Income": NaN,
        "Operating Expense": NaN,
        "Depreciation Amortization Depletion Income Statement": NaN,
        "Depreciation And Amortization In Income Statement": NaN,
        "Research And Development": 0.0,
        "Selling General And Administration": NaN,
        "Selling And Marketing Expense": NaN,
        "General And Administrative Expense": NaN,
        "Other Gand A": NaN,
        "Salaries And Wages": NaN,
        "Gross Profit": NaN,
        "Cost Of Revenue": NaN,
        "Total Revenue": NaN,
        "Operating Revenue": NaN
    },
    "2022-12-31": {
        "Tax Effect Of Unusual Items": NaN,
        "Tax Rate For Calcs": NaN,
        "Normalized EBITDA": NaN,
        "Total Unusual Items": -67500.0,
        "Total Unusual Items Excluding Goodwill": -67500.0,
        "Net Income From Continuing Operation Net Minority Interest": NaN,
        "Reconciled Depreciation": NaN,
        "Reconciled Cost Of Revenue": NaN,
        "EBITDA": NaN,
        "EBIT": NaN,
        "Net Interest Income": NaN,
        "Interest Income": NaN,
        "Normalized Income": NaN,
        "Net Income From Continuing And Discontinued Operation": NaN,
        "Total Expenses": NaN,
        "Total Operating Income As Reported": NaN,
        "Diluted Average Shares": NaN,
        "Basic Average Shares": NaN,
        "Diluted EPS": NaN,
        "Basic EPS": NaN,
        "Diluted NI Availto Com Stockholders": NaN,
        "Net Income Common Stockholders": NaN,
        "Net Income": NaN,
        "Minority Interests": NaN,
        "Net Income Including Noncontrolling Interests": NaN,
        "Net Income Discontinuous Operations": 0.0,
        "Net Income Continuous Operations": NaN,
        "Pretax Income": NaN,
        "Other Income Expense": NaN,
        "Other Non Operating Income Expenses": NaN,
        "Special Income Charges": -67500.0,
        "Impairment Of Capital Assets": 67500.0,
        "Gain On Sale Of Security": NaN,
        "Net Non Operating Interest Income Expense": NaN,
        "Total Other Finance Cost": -755209.0,
        "Interest Income Non Operating": NaN,
        "Operating Income": NaN,
        "Operating Expense": NaN,
        "Depreciation Amortization Depletion Income Statement": NaN,
        "Depreciation And Amortization In Income Statement": NaN,
        "Research And Development": NaN,
        "Selling General And Administration": NaN,
        "Selling And Marketing Expense": NaN,
        "General And Administrative Expense": NaN,
        "Other Gand A": NaN,
        "Salaries And Wages": NaN,
        "Gross Profit": NaN,
        "Cost Of Revenue": NaN,
        "Total Revenue": NaN,
        "Operating Revenue": NaN
    },
    "2022-09-30": {
        "Tax Effect Of Unusual Items": NaN,
        "Tax Rate For Calcs": NaN,
        "Normalized EBITDA": NaN,
        "Total Unusual Items": 0.0,
        "Total Unusual Items Excluding Goodwill": 0.0,
        "Net Income From Continuing Operation Net Minority Interest": NaN,
        "Reconciled Depreciation": NaN,
        "Reconciled Cost Of Revenue": NaN,
        "EBITDA": NaN,
        "EBIT": NaN,
        "Net Interest Income": NaN,
        "Interest Income": 25316.0,
        "Normalized Income": NaN,
        "Net Income From Continuing And Discontinued Operation": NaN,
        "Total Expenses": NaN,
        "Total Operating Income As Reported": NaN,
        "Diluted Average Shares": NaN,
        "Basic Average Shares": NaN,
        "Diluted EPS": NaN,
        "Basic EPS": NaN,
        "Diluted NI Availto Com Stockholders": NaN,
        "Net Income Common Stockholders": NaN,
        "Net Income": NaN,
        "Minority Interests": NaN,
        "Net Income Including Noncontrolling Interests": NaN,
        "Net Income Discontinuous Operations": 0.0,
        "Net Income Continuous Operations": NaN,
        "Pretax Income": NaN,
        "Other Income Expense": NaN,
        "Other Non Operating Income Expenses": NaN,
        "Special Income Charges": 0.0,
        "Impairment Of Capital Assets": 0.0,
        "Net Non Operating Interest Income Expense": NaN,
        "Total Other Finance Cost": -25316.0,
        "Interest Income Non Operating": 25316.0,
        "Operating Income": NaN,
        "Operating Expense": NaN,
        "Depreciation Amortization Depletion Income Statement": NaN,
        "Depreciation And Amortization In Income Statement": NaN,
        "Research And Development": NaN,
        "Selling General And Administration": NaN,
        "Selling And Marketing Expense": NaN,
        "General And Administrative Expense": NaN,
        "Other Gand A": NaN,
        "Salaries And Wages": 0.0,
        "Gross Profit": NaN,
        "Cost Of Revenue": NaN,
        "Total Revenue": NaN,
        "Operating Revenue": NaN
    },
    "2022-06-30": {
        "Tax Effect Of Unusual Items": 0.0,
        "Tax Rate For Calcs": 0.0,
        "Normalized EBITDA": -2482986.0,
        "Total Unusual Items": -164411.0,
        "Total Unusual Items Excluding Goodwill": -164411.0,
        "Net Income From Continuing Operation Net Minority Interest": -3688951.0,
        "Reconciled Depreciation": 808233.0,
        "Reconciled Cost Of Revenue": 1122678.0,
        "EBITDA": -2647397.0,
        "EBIT": -3455630.0,
        "Net Interest Income": 4315.0,
        "Interest Income": NaN,
        "Normalized Income": -3524540.0,
        "Net Income From Continuing And Discontinued Operation": -3688951.0,
        "Total Expenses": 4613464.0,
        "Total Operating Income As Reported": -3620041.0,
        "Diluted Average Shares": 39116907.0,
        "Basic Average Shares": 39116907.0,
        "Diluted EPS": -0.09,
        "Basic EPS": -0.09,
        "Diluted NI Availto Com Stockholders": -3688951.0,
        "Net Income Common Stockholders": -3688951.0,
        "Net Income": -3688951.0,
        "Net Income Including Noncontrolling Interests": -3688951.0,
        "Net Income Discontinuous Operations": 0.0,
        "Net Income Continuous Operations": -3688951.0,
        "Pretax Income": -3688951.0,
        "Other Income Expense": -237636.0,
        "Other Non Operating Income Expenses": -73225.0,
        "Special Income Charges": -164411.0,
        "Impairment Of Capital Assets": 164411.0,
        "Net Non Operating Interest Income Expense": 4315.0,
        "Total Other Finance Cost": -4315.0,
        "Interest Income Non Operating": NaN,
        "Operating Income": -3455630.0,
        "Operating Expense": 3490786.0,
        "Depreciation Amortization Depletion Income Statement": 808233.0,
        "Depreciation And Amortization In Income Statement": 808233.0,
        "Selling General And Administration": 2682553.0,
        "Selling And Marketing Expense": 62131.0,
        "General And Administrative Expense": 2620422.0,
        "Other Gand A": 2620422.0,
        "Gross Profit": 35156.0,
        "Cost Of Revenue": 1122678.0,
        "Total Revenue": 1157834.0,
        "Operating Revenue": 1157834.0
    },
    "2022-03-31": {
        "Diluted EPS": -0.1,
        "Total Revenue": 2,
        "Gross Profit": 1,
        "Operating Income": -4,
        "EBIT": -3,
        "Net Income": -4
    },
    "2021-12-31": {
        "Diluted EPS": -0.13,
        "Total Revenue": 2,
        "Gross Profit": 1,
        "Operating Income": -3,
        "EBIT": -2,
        "Net Income": -5
    },
    "2021-09-30": {
        "Diluted EPS": 1.9,
        "Total Revenue": 2,
        "Gross Profit": 0,
        "Operating Income": -4,
        "EBIT": -3,
        "Net Income": 74
    },
    "2021-06-30": {
        "Diluted EPS": -0.07,
        "Total Revenue": 1,
        "Gross Profit": 0,
        "Operating Income": -4,
        "EBIT": -3,
        "Net Income": -3
    },
    "2021-03-31": {
        "Diluted EPS": -0.09,
        "Total Revenue": 1,
        "Gross Profit": 0,
        "Operating Income": -5,
        "EBIT": -4,
        "Net Income": -3
    },
    "2020-12-31": {
        "Diluted EPS": -0.56,
        "Total Revenue": 1,
        "Gross Profit": 0,
        "Operating Income": -15,
        "EBIT": -13,
        "Net Income": -19
    },
    "2020-09-30": {
        "Diluted EPS": -0.22,
        "Total Revenue": 1,
        "Gross Profit": 0,
        "Operating Income": -4,
        "EBIT": -2,
        "Net Income": -7
    },
    "2020-06-30": {
        "Diluted EPS": -0.42,
        "Total Revenue": 1,
        "Gross Profit": 0,
        "Operating Income": -5,
        "EBIT": -3,
        "Net Income": -11
    },
    "2020-03-31": {
        "Diluted EPS": -0.37,
        "Total Revenue": 1,
        "Gross Profit": 0,
        "Operating Income": -8,
        "EBIT": -7,
        "Net Income": -9
    },
    "2019-12-31": {
        "Diluted EPS": -0.23,
        "Total Revenue": -12,
        "Gross Profit": -9,
        "Operating Income": -4,
        "EBIT": -5,
        "Net Income": -6
    },
    "2019-09-30": {
        "Diluted EPS": -0.24,
        "Total Revenue": 6,
        "Gross Profit": 3,
        "Operating Income": -4,
        "EBIT": -2,
        "Net Income": -4
    },
    "2019-06-30": {
        "Diluted EPS": -0.24,
        "Total Revenue": 7,
        "Gross Profit": 4,
        "Operating Income": -3,
        "EBIT": -1,
        "Net Income": -3
    },
    "2019-03-31": {
        "Diluted EPS": -0.33,
        "Total Revenue": 6,
        "Gross Profit": 4,
        "Operating Income": -4,
        "EBIT": -2,
        "Net Income": -4
    },
    "2018-12-31": {
        "Diluted EPS": -2.01,
        "Total Revenue": 15,
        "Gross Profit": 8,
        "Operating Income": -22,
        "EBIT": -20,
        "Net Income": -24
    },
    "2018-09-30": {
        "Diluted EPS": -0.58,
        "Total Revenue": 5,
        "Gross Profit": 3,
        "Operating Income": -6,
        "EBIT": -6,
        "Net Income": -7
    },
    "2018-06-30": {
        "Diluted EPS": -0.02,
        "Total Revenue": NaN,
        "Gross Profit": NaN,
        "Operating Income": 0,
        "EBIT": 0,
        "Net Income": 0
    },
    "2018-03-31": {
        "Diluted EPS": -0.03,
        "Total Revenue": NaN,
        "Gross Profit": NaN,
        "Operating Income": 0,
        "EBIT": 0,
        "Net Income": 0
    },
    "2017-12-31": {
        "Diluted EPS": 0.0,
        "Total Revenue": NaN,
        "Gross Profit": NaN,
        "Operating Income": NaN,
        "EBIT": NaN,
        "Net Income": NaN
    },
    "2017-09-30": {
        "Diluted EPS": 0.0,
        "Total Revenue": NaN,
        "Gross Profit": NaN,
        "Operating Income": 0,
        "EBIT": 0,
        "Net Income": 0
    },
    "2017-06-30": {
        "Diluted EPS": 0.0,
        "Total Revenue": NaN,
        "Gross Profit": NaN,
        "Operating Income": 0,
        "EBIT": 0,
        "Net Income": 0
    },
    "2023-06-30": {
        "Tax Effect Of Unusual Items": NaN,
        "Tax Rate For Calcs": NaN,
        "Normalized EBITDA": NaN,
        "Total Unusual Items": 0.0,
        "Total Unusual Items Excluding Goodwill": 0.0,
        "Net Income From Continuing Operation Net Minority Interest": NaN,
        "Reconciled Depreciation": NaN,
        "Reconciled Cost Of Revenue": NaN,
        "EBITDA": NaN,
        "EBIT": NaN,
        "Net Interest Income": NaN,
        "Interest Income": 715126.0,
        "Normalized Income": NaN,
        "Net Income From Continuing And Discontinued Operation": NaN,
        "Total Expenses": NaN,
        "Total Operating Income As Reported": NaN,
        "Diluted Average Shares": NaN,
        "Basic Average Shares": NaN,
        "Diluted EPS": NaN,
        "Basic EPS": NaN,
        "Diluted NI Availto Com Stockholders": NaN,
        "Net Income Common Stockholders": NaN,
        "Net Income": NaN,
        "Minority Interests": 0.0,
        "Net Income Including Noncontrolling Interests": NaN,
        "Net Income Continuous Operations": NaN,
        "Tax Provision": NaN,
        "Pretax Income": NaN,
        "Other Income Expense": NaN,
        "Other Non Operating Income Expenses": NaN,
        "Special Income Charges": 0.0,
        "Impairment Of Capital Assets": 0.0,
        "Gain On Sale Of Security": NaN,
        "Net Non Operating Interest Income Expense": NaN,
        "Interest Income Non Operating": 715126.0,
        "Operating Income": NaN,
        "Operating Expense": NaN,
        "Depreciation Amortization Depletion Income Statement": NaN,
        "Depreciation And Amortization In Income Statement": NaN,
        "Research And Development": 0.0,
        "Selling General And Administration": NaN,
        "Selling And Marketing Expense": NaN,
        "General And Administrative Expense": NaN,
        "Other Gand A": NaN,
        "Salaries And Wages": NaN,
        "Gross Profit": NaN,
        "Cost Of Revenue": NaN,
        "Total Revenue": NaN,
        "Operating Revenue": NaN
    },
    "2023-09-30": {
        "Tax Effect Of Unusual Items": NaN,
        "Tax Rate For Calcs": NaN,
        "Normalized EBITDA": NaN,
        "Total Unusual Items": 0.0,
        "Total Unusual Items Excluding Goodwill": 0.0,
        "Net Income From Continuing Operation Net Minority Interest": NaN,
        "Reconciled Depreciation": NaN,
        "Reconciled Cost Of Revenue": NaN,
        "EBITDA": NaN,
        "EBIT": NaN,
        "Net Interest Income": NaN,
        "Interest Income": 715893.0,
        "Normalized Income": NaN,
        "Net Income From Continuing And Discontinued Operation": NaN,
        "Total Expenses": NaN,
        "Total Operating Income As Reported": NaN,
        "Diluted Average Shares": 37134457.0,
        "Basic Average Shares": 36942149.0,
        "Diluted EPS": 0.002026,
        "Basic EPS": 0.002037,
        "Diluted NI Availto Com Stockholders": NaN,
        "Net Income Common Stockholders": NaN,
        "Net Income": NaN,
        "Minority Interests": 0.0,
        "Net Income Including Noncontrolling Interests": NaN,
        "Net Income Continuous Operations": NaN,
        "Tax Provision": 0.0,
        "Pretax Income": NaN,
        "Other Income Expense": NaN,
        "Other Non Operating Income Expenses": NaN,
        "Special Income Charges": 0.0,
        "Impairment Of Capital Assets": 0.0,
        "Gain On Sale Of Security": NaN,
        "Net Non Operating Interest Income Expense": NaN,
        "Interest Income Non Operating": 715893.0,
        "Operating Income": NaN,
        "Operating Expense": NaN,
        "Depreciation Amortization Depletion Income Statement": NaN,
        "Depreciation And Amortization In Income Statement": NaN,
        "Research And Development": 0.0,
        "Selling General And Administration": NaN,
        "Selling And Marketing Expense": NaN,
        "General And Administrative Expense": NaN,
        "Other Gand A": NaN,
        "Salaries And Wages": 0.0,
        "Gross Profit": NaN,
        "Cost Of Revenue": NaN,
        "Total Revenue": NaN,
        "Operating Revenue": NaN
    },
    "2023-12-31": {
        "Tax Effect Of Unusual Items": NaN,
        "Tax Rate For Calcs": NaN,
        "Normalized EBITDA": NaN,
        "Total Unusual Items": NaN,
        "Total Unusual Items Excluding Goodwill": NaN,
        "Net Income From Continuing Operation Net Minority Interest": NaN,
        "Reconciled Depreciation": NaN,
        "Reconciled Cost Of Revenue": NaN,
        "EBITDA": NaN,
        "EBIT": NaN,
        "Net Interest Income": NaN,
        "Interest Income": NaN,
        "Normalized Income": NaN,
        "Net Income From Continuing And Discontinued Operation": NaN,
        "Total Expenses": NaN,
        "Total Operating Income As Reported": NaN,
        "Diluted Average Shares": NaN,
        "Basic Average Shares": NaN,
        "Diluted EPS": NaN,
        "Basic EPS": NaN,
        "Diluted NI Availto Com Stockholders": NaN,
        "Net Income Common Stockholders": NaN,
        "Net Income": NaN,
        "Minority Interests": NaN,
        "Net Income Including Noncontrolling Interests": NaN,
        "Net Income Continuous Operations": NaN,
        "Tax Provision": NaN,
        "Pretax Income": NaN,
        "Other Income Expense": NaN,
        "Other Non Operating Income Expenses": NaN,
        "Special Income Charges": 0.0,
        "Impairment Of Capital Assets": 0.0,
        "Gain On Sale Of Security": NaN,
        "Net Non Operating Interest Income Expense": NaN,
        "Interest Income Non Operating": NaN,
        "Operating Income": NaN,
        "Operating Expense": NaN,
        "Depreciation Amortization Depletion Income Statement": NaN,
        "Depreciation And Amortization In Income Statement": NaN,
        "Research And Development": NaN,
        "Selling General And Administration": NaN,
        "Selling And Marketing Expense": NaN,
        "General And Administrative Expense": NaN,
        "Other Gand A": NaN,
        "Gross Profit": NaN,
        "Cost Of Revenue": NaN,
        "Total Revenue": NaN,
        "Operating Revenue": NaN
    },
    "2024-03-31": {
        "Tax Effect Of Unusual Items": NaN,
        "Tax Rate For Calcs": NaN,
        "Normalized EBITDA": NaN,
        "Total Unusual Items": NaN,
        "Total Unusual Items Excluding Goodwill": NaN,
        "Net Income From Continuing Operation Net Minority Interest": NaN,
        "Reconciled Depreciation": NaN,
        "Reconciled Cost Of Revenue": NaN,
        "EBITDA": NaN,
        "EBIT": NaN,
        "Net Interest Income": NaN,
        "Interest Income": NaN,
        "Normalized Income": NaN,
        "Net Income From Continuing And Discontinued Operation": NaN,
        "Total Expenses": NaN,
        "Total Operating Income As Reported": NaN,
        "Diluted Average Shares": 38857728.0,
        "Basic Average Shares": 38857728.0,
        "Diluted EPS": -0.04,
        "Basic EPS": -0.04,
        "Diluted NI Availto Com Stockholders": NaN,
        "Net Income Common Stockholders": NaN,
        "Net Income": NaN,
        "Minority Interests": NaN,
        "Net Income Including Noncontrolling Interests": NaN,
        "Net Income Continuous Operations": NaN,
        "Tax Provision": NaN,
        "Pretax Income": NaN,
        "Other Income Expense": NaN,
        "Other Non Operating Income Expenses": NaN,
        "Special Income Charges": NaN,
        "Impairment Of Capital Assets": NaN,
        "Gain On Sale Of Security": NaN,
        "Net Non Operating Interest Income Expense": NaN,
        "Interest Income Non Operating": NaN,
        "Operating Income": NaN,
        "Operating Expense": NaN,
        "Depreciation Amortization Depletion Income Statement": NaN,
        "Depreciation And Amortization In Income Statement": NaN,
        "Research And Development": NaN,
        "Selling General And Administration": NaN,
        "Selling And Marketing Expense": NaN,
        "General And Administrative Expense": NaN,
        "Other Gand A": NaN,
        "Gross Profit": NaN,
        "Cost Of Revenue": NaN,
        "Total Revenue": NaN,
        "Operating Revenue": NaN
    },
    "2024-06-30": {
        "Tax Effect Of Unusual Items": 0.0,
        "Tax Rate For Calcs": 0.0,
        "Normalized EBITDA": -5235249.0,
        "Total Unusual Items": 351434.0,
        "Total Unusual Items Excluding Goodwill": 351434.0,
        "Net Income From Continuing Operation Net Minority Interest": -3803258.0,
        "Reconciled Depreciation": 406437.0,
        "Reconciled Cost Of Revenue": 2059629.0,
        "EBITDA": -4883815.0,
        "EBIT": -5290252.0,
        "Net Interest Income": 1041468.0,
        "Interest Income": 1041468.0,
        "Normalized Income": -4154692.0,
        "Net Income From Continuing And Discontinued Operation": -3803258.0,
        "Total Expenses": 7930120.0,
        "Total Operating Income As Reported": -5290252.0,
        "Diluted Average Shares": 43212071.0,
        "Basic Average Shares": 43212071.0,
        "Diluted EPS": -0.09,
        "Basic EPS": -0.09,
        "Diluted NI Availto Com Stockholders": -3803258.0,
        "Net Income Common Stockholders": -3803258.0,
        "Net Income": -3803258.0,
        "Minority Interests": 79693.0,
        "Net Income Including Noncontrolling Interests": -3882951.0,
        "Net Income Continuous Operations": -3882951.0,
        "Tax Provision": 0.0,
        "Pretax Income": -3882951.0,
        "Other Income Expense": 365833.0,
        "Other Non Operating Income Expenses": 14399.0,
        "Special Income Charges": NaN,
        "Impairment Of Capital Assets": NaN,
        "Gain On Sale Of Security": 351434.0,
        "Net Non Operating Interest Income Expense": 1041468.0,
        "Interest Income Non Operating": 1041468.0,
        "Operating Income": -5290252.0,
        "Operating Expense": 5866752.0,
        "Depreciation Amortization Depletion Income Statement": 402698.0,
        "Depreciation And Amortization In Income Statement": 402698.0,
        "Research And Development": 173533.0,
        "Selling General And Administration": 5290521.0,
        "Selling And Marketing Expense": 54361.0,
        "General And Administrative Expense": 5236160.0,
        "Other Gand A": 5236160.0,
        "Gross Profit": 576500.0,
        "Cost Of Revenue": 2063368.0,
        "Total Revenue": 2639868.0,
        "Operating Revenue": 2639868.0
    },
    "2024-09-30": {
        "Tax Effect Of Unusual Items": -92608.401739,
        "Tax Rate For Calcs": 0.076319,
        "Normalized EBITDA": 436397.0,
        "Total Unusual Items": -1213446.0,
        "Total Unusual Items Excluding Goodwill": -1213446.0,
        "Net Income From Continuing Operation Net Minority Interest": -4027941.0,
        "Reconciled Depreciation": 403524.0,
        "Reconciled Cost Of Revenue": 1383570.0,
        "EBITDA": -777049.0,
        "EBIT": -1180573.0,
        "Net Interest Income": 1033362.0,
        "Interest Income": 1033362.0,
        "Normalized Income": -2907103.401739,
        "Net Income From Continuing And Discontinued Operation": -4027941.0,
        "Total Expenses": 3344114.0,
        "Total Operating Income As Reported": -1180573.0,
        "Diluted Average Shares": 37219904.0,
        "Basic Average Shares": 37219904.0,
        "Diluted EPS": -0.11,
        "Basic EPS": -0.11,
        "Diluted NI Availto Com Stockholders": -4027941.0,
        "Net Income Common Stockholders": -4027941.0,
        "Net Income": -4027941.0,
        "Minority Interests": 681.0,
        "Net Income Including Noncontrolling Interests": -4028622.0,
        "Net Income Continuous Operations": -4028622.0,
        "Tax Provision": -332862.0,
        "Pretax Income": -4361484.0,
        "Other Income Expense": -4214273.0,
        "Other Non Operating Income Expenses": -3000827.0,
        "Special Income Charges": NaN,
        "Impairment Of Capital Assets": NaN,
        "Gain On Sale Of Security": -1213446.0,
        "Net Non Operating Interest Income Expense": 1033362.0,
        "Interest Income Non Operating": 1033362.0,
        "Operating Income": -1180573.0,
        "Operating Expense": 1960544.0,
        "Depreciation Amortization Depletion Income Statement": 403524.0,
        "Depreciation And Amortization In Income Statement": 403524.0,
        "Research And Development": 158162.0,
        "Selling General And Administration": 1398858.0,
        "Selling And Marketing Expense": 90512.0,
        "General And Administrative Expense": 1308346.0,
        "Other Gand A": 1308346.0,
        "Gross Profit": 779971.0,
        "Cost Of Revenue": 1383570.0,
        "Total Revenue": 2163541.0,
        "Operating Revenue": 2163541.0
    },
    "2024-12-31": {
        "Tax Effect Of Unusual Items": -67442.249444,
        "Tax Rate For Calcs": 0.00716,
        "Normalized EBITDA": 5587290.0,
        "Total Unusual Items": -9419944.0,
        "Total Unusual Items Excluding Goodwill": -9419944.0,
        "Net Income From Continuing Operation Net Minority Interest": -7226976.0,
        "Reconciled Depreciation": 401843.0,
        "Reconciled Cost Of Revenue": 1352804.0,
        "EBITDA": -3832654.0,
        "EBIT": -4234497.0,
        "Net Interest Income": 720951.0,
        "Interest Income": 720951.0,
        "Normalized Income": 2125525.750556,
        "Net Income From Continuing And Discontinued Operation": -7226976.0,
        "Total Expenses": 6131199.0,
        "Total Operating Income As Reported": -14159323.0,
        "Diluted Average Shares": NaN,
        "Basic Average Shares": NaN,
        "Diluted EPS": NaN,
        "Basic EPS": NaN,
        "Diluted NI Availto Com Stockholders": -7226976.0,
        "Net Income Common Stockholders": -7226976.0,
        "Net Income": -7226976.0,
        "Minority Interests": 5608017.0,
        "Net Income Including Noncontrolling Interests": -12834993.0,
        "Net Income Continuous Operations": -12834993.0,
        "Tax Provision": -92555.0,
        "Pretax Income": -12927548.0,
        "Other Income Expense": -9414002.0,
        "Other Non Operating Income Expenses": 5942.0,
        "Special Income Charges": NaN,
        "Impairment Of Capital Assets": NaN,
        "Gain On Sale Of Security": 504882.0,
        "Net Non Operating Interest Income Expense": 720951.0,
        "Interest Income Non Operating": 720951.0,
        "Operating Income": -4234497.0,
        "Operating Expense": 4778395.0,
        "Depreciation Amortization Depletion Income Statement": 401843.0,
        "Depreciation And Amortization In Income Statement": 401843.0,
        "Research And Development": 338679.0,
        "Selling General And Administration": 4037873.0,
        "Selling And Marketing Expense": 88678.0,
        "General And Administrative Expense": 3949195.0,
        "Other Gand A": 3949195.0,
        "Gross Profit": 543898.0,
        "Cost Of Revenue": 1352804.0,
        "Total Revenue": 1896702.0,
        "Operating Revenue": 1896702.0
    },
    "2025-03-31": {
        "Tax Effect Of Unusual Items": 0.0,
        "Tax Rate For Calcs": 0.0,
        "Normalized EBITDA": -4395134.0,
        "Total Unusual Items": -474051.0,
        "Total Unusual Items Excluding Goodwill": -474051.0,
        "Net Income From Continuing Operation Net Minority Interest": -4836484.0,
        "Reconciled Depreciation": 374703.0,
        "Reconciled Cost Of Revenue": 1450479.0,
        "EBITDA": -4869185.0,
        "EBIT": -5251623.0,
        "Net Interest Income": 864305.0,
        "Interest Income": 864305.0,
        "Normalized Income": -4362433.0,
        "Net Income From Continuing And Discontinued Operation": -4836484.0,
        "Total Expenses": 7526758.0,
        "Total Operating Income As Reported": -5251623.0,
        "Diluted Average Shares": 43508722.0,
        "Basic Average Shares": 43508722.0,
        "Diluted EPS": -0.11,
        "Basic EPS": -0.11,
        "Diluted NI Availto Com Stockholders": -4836484.0,
        "Net Income Common Stockholders": -4836484.0,
        "Net Income": -4836484.0,
        "Minority Interests": 63403.0,
        "Net Income Including Noncontrolling Interests": -4899887.0,
        "Net Income Continuous Operations": -4899887.0,
        "Tax Provision": 0.0,
        "Pretax Income": -4899887.0,
        "Other Income Expense": -512569.0,
        "Other Non Operating Income Expenses": -38518.0,
        "Special Income Charges": NaN,
        "Impairment Of Capital Assets": NaN,
        "Gain On Sale Of Security": -474051.0,
        "Net Non Operating Interest Income Expense": 864305.0,
        "Interest Income Non Operating": 864305.0,
        "Operating Income": -5251623.0,
        "Operating Expense": 6084014.0,
        "Depreciation Amortization Depletion Income Statement": 382438.0,
        "Depreciation And Amortization In Income Statement": 382438.0,
        "Research And Development": 180946.0,
        "Selling General And Administration": 5520630.0,
        "Selling And Marketing Expense": 39987.0,
        "General And Administrative Expense": 5480643.0,
        "Other Gand A": 5480643.0,
        "Gross Profit": 832391.0,
        "Cost Of Revenue": 1442744.0,
        "Total Revenue": 2275135.0,
        "Operating Revenue": 2275135.0
    },
    "2025-06-30": {
        "Tax Effect Of Unusual Items": 0.0,
        "Tax Rate For Calcs": 0.0,
        "Normalized EBITDA": -5966243.0,
        "Total Unusual Items": 271712.0,
        "Total Unusual Items Excluding Goodwill": 271712.0,
        "Net Income From Continuing Operation Net Minority Interest": -4811134.0,
        "Reconciled Depreciation": 397447.0,
        "Reconciled Cost Of Revenue": 1346364.0,
        "EBITDA": -5694531.0,
        "EBIT": -6091978.0,
        "Net Interest Income": 1015094.0,
        "Interest Income": 1015094.0,
        "Normalized Income": -5082846.0,
        "Net Income From Continuing And Discontinued Operation": -4811134.0,
        "Total Expenses": 8011461.0,
        "Total Operating Income As Reported": -6091978.0,
        "Diluted Average Shares": 43508722.0,
        "Basic Average Shares": 43508722.0,
        "Diluted EPS": -0.11,
        "Basic EPS": -0.11,
        "Diluted NI Availto Com Stockholders": -4811134.0,
        "Net Income Common Stockholders": -4811134.0,
        "Net Income": -4811134.0,
        "Minority Interests": 22833.0,
        "Net Income Including Noncontrolling Interests": -4833967.0,
        "Net Income Continuous Operations": -4833967.0,
        "Tax Provision": 0.0,
        "Pretax Income": -4833967.0,
        "Other Income Expense": 242917.0,
        "Other Non Operating Income Expenses": -28795.0,
        "Special Income Charges": NaN,
        "Impairment Of Capital Assets": NaN,
        "Gain On Sale Of Security": 271712.0,
        "Net Non Operating Interest Income Expense": 1015094.0,
        "Interest Income Non Operating": 1015094.0,
        "Operating Income": -6091978.0,
        "Operating Expense": 6657362.0,
        "Depreciation Amortization Depletion Income Statement": 389712.0,
        "Depreciation And Amortization In Income Statement": 389712.0,
        "Research And Development": 166907.0,
        "Selling General And Administration": 6100743.0,
        "Selling And Marketing Expense": 81671.0,
        "General And Administrative Expense": 6019072.0,
        "Other Gand A": 6019072.0,
        "Gross Profit": 565384.0,
        "Cost Of Revenue": 1354099.0,
        "Total Revenue": 1919483.0,
        "Operating Revenue": 1919483.0
    }
}