{
    "2023-06-30": {
        "Tax Effect Of Unusual Items": NaN,
        "Tax Rate For Calcs": NaN,
        "Normalized EBITDA": NaN,
        "Total Unusual Items": NaN,
        "Total Unusual Items Excluding Goodwill": NaN,
        "Net Income From Continuing Operation Net Minority Interest": NaN,
        "Reconciled Depreciation": NaN,
        "Reconciled Cost Of Revenue": NaN,
        "EBITDA": NaN,
        "EBIT": NaN,
        "Net Interest Income": NaN,
        "Interest Expense": NaN,
        "Normalized Income": NaN,
        "Net Income From Continuing And Discontinued Operation": NaN,
        "Total Expenses": NaN,
        "Total Operating Income As Reported": NaN,
        "Diluted Average Shares": NaN,
        "Basic Average Shares": NaN,
        "Diluted EPS": NaN,
        "Basic EPS": NaN,
        "Diluted NI Availto Com Stockholders": NaN,
        "Net Income Common Stockholders": NaN,
        "Net Income": NaN,
        "Minority Interests": NaN,
        "Net Income Including Noncontrolling Interests": NaN,
        "Net Income Continuous Operations": NaN,
        "Earnings From Equity Interest Net Of Tax": NaN,
        "Tax Provision": NaN,
        "Pretax Income": NaN,
        "Other Income Expense": NaN,
        "Other Non Operating Income Expenses": NaN,
        "Special Income Charges": NaN,
        "Gain On Sale Of Business": 0.0,
        "Write Off": 1000000.0,
        "Impairment Of Capital Assets": NaN,
        "Restructuring And Mergern Acquisition": NaN,
        "Net Non Operating Interest Income Expense": NaN,
        "Interest Expense Non Operating": NaN,
        "Operating Income": NaN,
        "Operating Expense": NaN,
        "Depreciation Amortization Depletion Income Statement": NaN,
        "Depreciation And Amortization In Income Statement": NaN,
        "Amortization": NaN,
        "Amortization Of Intangibles Income Statement": NaN,
        "Research And Development": NaN,
        "Selling General And Administration": NaN,
        "Gross Profit": NaN,
        "Cost Of Revenue": NaN,
        "Total Revenue": NaN,
        "Operating Revenue": NaN
    },
    "2023-03-31": {
        "Tax Effect Of Unusual Items": NaN,
        "Tax Rate For Calcs": NaN,
        "Normalized EBITDA": NaN,
        "Total Unusual Items": NaN,
        "Total Unusual Items Excluding Goodwill": NaN,
        "Net Income From Continuing Operation Net Minority Interest": NaN,
        "Reconciled Depreciation": NaN,
        "Reconciled Cost Of Revenue": NaN,
        "EBITDA": NaN,
        "EBIT": NaN,
        "Net Interest Income": NaN,
        "Interest Expense": NaN,
        "Normalized Income": NaN,
        "Net Income From Continuing And Discontinued Operation": NaN,
        "Total Expenses": NaN,
        "Total Operating Income As Reported": NaN,
        "Diluted Average Shares": NaN,
        "Basic Average Shares": NaN,
        "Diluted EPS": NaN,
        "Basic EPS": NaN,
        "Diluted NI Availto Com Stockholders": NaN,
        "Net Income Common Stockholders": NaN,
        "Net Income": NaN,
        "Minority Interests": NaN,
        "Net Income Including Noncontrolling Interests": NaN,
        "Net Income Continuous Operations": NaN,
        "Earnings From Equity Interest Net Of Tax": NaN,
        "Tax Provision": NaN,
        "Pretax Income": NaN,
        "Other Income Expense": NaN,
        "Other Non Operating Income Expenses": NaN,
        "Special Income Charges": NaN,
        "Gain On Sale Of Business": NaN,
        "Write Off": 1500000.0,
        "Impairment Of Capital Assets": NaN,
        "Restructuring And Mergern Acquisition": NaN,
        "Net Non Operating Interest Income Expense": NaN,
        "Interest Expense Non Operating": NaN,
        "Operating Income": NaN,
        "Operating Expense": NaN,
        "Depreciation Amortization Depletion Income Statement": NaN,
        "Depreciation And Amortization In Income Statement": NaN,
        "Amortization": NaN,
        "Amortization Of Intangibles Income Statement": NaN,
        "Research And Development": NaN,
        "Selling General And Administration": NaN,
        "Gross Profit": NaN,
        "Cost Of Revenue": NaN,
        "Total Revenue": NaN,
        "Operating Revenue": NaN
    },
    "2022-12-31": {
        "Tax Effect Of Unusual Items": NaN,
        "Tax Rate For Calcs": NaN,
        "Normalized EBITDA": NaN,
        "Total Unusual Items": NaN,
        "Total Unusual Items Excluding Goodwill": NaN,
        "Net Income From Continuing Operation Net Minority Interest": NaN,
        "Reconciled Depreciation": NaN,
        "Reconciled Cost Of Revenue": NaN,
        "EBITDA": NaN,
        "EBIT": NaN,
        "Net Interest Income": NaN,
        "Interest Expense": NaN,
        "Normalized Income": NaN,
        "Net Income From Continuing And Discontinued Operation": NaN,
        "Total Expenses": NaN,
        "Total Operating Income As Reported": NaN,
        "Diluted Average Shares": NaN,
        "Basic Average Shares": NaN,
        "Diluted EPS": NaN,
        "Basic EPS": NaN,
        "Diluted NI Availto Com Stockholders": NaN,
        "Net Income Common Stockholders": NaN,
        "Net Income": NaN,
        "Minority Interests": NaN,
        "Net Income Including Noncontrolling Interests": NaN,
        "Net Income Continuous Operations": NaN,
        "Earnings From Equity Interest Net Of Tax": NaN,
        "Tax Provision": NaN,
        "Pretax Income": NaN,
        "Other Income Expense": NaN,
        "Other Non Operating Income Expenses": NaN,
        "Special Income Charges": NaN,
        "Gain On Sale Of Business": NaN,
        "Write Off": 1200000.0,
        "Impairment Of Capital Assets": 0.0,
        "Restructuring And Mergern Acquisition": NaN,
        "Net Non Operating Interest Income Expense": NaN,
        "Interest Expense Non Operating": NaN,
        "Operating Income": NaN,
        "Operating Expense": NaN,
        "Depreciation Amortization Depletion Income Statement": NaN,
        "Depreciation And Amortization In Income Statement": NaN,
        "Amortization": NaN,
        "Amortization Of Intangibles Income Statement": NaN,
        "Research And Development": NaN,
        "Selling General And Administration": NaN,
        "Gross Profit": NaN,
        "Cost Of Revenue": NaN,
        "Total Revenue": NaN,
        "Operating Revenue": NaN
    },
    "2022-09-30": {
        "Tax Effect Of Unusual Items": NaN,
        "Tax Rate For Calcs": NaN,
        "Normalized EBITDA": NaN,
        "Total Unusual Items": NaN,
        "Total Unusual Items Excluding Goodwill": NaN,
        "Net Income From Continuing Operation Net Minority Interest": NaN,
        "Reconciled Depreciation": NaN,
        "Reconciled Cost Of Revenue": NaN,
        "EBITDA": NaN,
        "EBIT": NaN,
        "Net Interest Income": NaN,
        "Interest Expense": NaN,
        "Normalized Income": NaN,
        "Net Income From Continuing And Discontinued Operation": NaN,
        "Total Expenses": NaN,
        "Total Operating Income As Reported": NaN,
        "Diluted Average Shares": NaN,
        "Basic Average Shares": NaN,
        "Diluted EPS": NaN,
        "Basic EPS": NaN,
        "Diluted NI Availto Com Stockholders": NaN,
        "Net Income Common Stockholders": NaN,
        "Net Income": NaN,
        "Minority Interests": NaN,
        "Net Income Including Noncontrolling Interests": NaN,
        "Net Income Continuous Operations": NaN,
        "Earnings From Equity Interest Net Of Tax": NaN,
        "Tax Provision": NaN,
        "Pretax Income": NaN,
        "Other Income Expense": NaN,
        "Other Non Operating Income Expenses": NaN,
        "Special Income Charges": NaN,
        "Write Off": -1100000.0,
        "Impairment Of Capital Assets": NaN,
        "Restructuring And Mergern Acquisition": NaN,
        "Net Non Operating Interest Income Expense": NaN,
        "Interest Expense Non Operating": NaN,
        "Operating Income": NaN,
        "Operating Expense": NaN,
        "Depreciation Amortization Depletion Income Statement": NaN,
        "Depreciation And Amortization In Income Statement": NaN,
        "Amortization": NaN,
        "Amortization Of Intangibles Income Statement": NaN,
        "Research And Development": NaN,
        "Selling General And Administration": NaN,
        "Gross Profit": NaN,
        "Cost Of Revenue": NaN,
        "Total Revenue": NaN,
        "Operating Revenue": NaN
    },
    "2022-06-30": {
        "Tax Effect Of Unusual Items": -606189.063162,
        "Tax Rate For Calcs": 0.303095,
        "Normalized EBITDA": 311000000.0,
        "Total Unusual Items": -2000000.0,
        "Total Unusual Items Excluding Goodwill": -2000000.0,
        "Net Income From Continuing Operation Net Minority Interest": 177700000.0,
        "Reconciled Depreciation": 67200000.0,
        "Reconciled Cost Of Revenue": 2202900000.0,
        "EBITDA": 309000000.0,
        "EBIT": 241800000.0,
        "Net Interest Income": -5900000.0,
        "Interest Expense": 5900000.0,
        "Normalized Income": 179093810.936838,
        "Net Income From Continuing And Discontinued Operation": 177700000.0,
        "Total Expenses": 2679700000.0,
        "Total Operating Income As Reported": 263500000.0,
        "Diluted Average Shares": 74900000.0,
        "Basic Average Shares": 74600000.0,
        "Diluted EPS": 2.37,
        "Basic EPS": 2.38,
        "Diluted NI Availto Com Stockholders": 177700000.0,
        "Net Income Common Stockholders": 177700000.0,
        "Net Income": 177700000.0,
        "Minority Interests": 100000.0,
        "Net Income Including Noncontrolling Interests": 177600000.0,
        "Net Income Continuous Operations": 177600000.0,
        "Earnings From Equity Interest Net Of Tax": 13200000.0,
        "Tax Provision": 71500000.0,
        "Pretax Income": 235900000.0,
        "Other Income Expense": -23700000.0,
        "Other Non Operating Income Expenses": -21700000.0,
        "Special Income Charges": -2000000.0,
        "Write Off": 1600000.0,
        "Restructuring And Mergern Acquisition": 400000.0,
        "Net Non Operating Interest Income Expense": -5900000.0,
        "Interest Expense Non Operating": 5900000.0,
        "Operating Income": 265500000.0,
        "Operating Expense": 425000000.0,
        "Depreciation Amortization Depletion Income Statement": 15400000.0,
        "Depreciation And Amortization In Income Statement": 15400000.0,
        "Amortization": 15400000.0,
        "Amortization Of Intangibles Income Statement": 15400000.0,
        "Research And Development": 107100000.0,
        "Selling General And Administration": 302500000.0,
        "Gross Profit": 690500000.0,
        "Cost Of Revenue": 2254700000.0,
        "Total Revenue": 2945200000.0,
        "Operating Revenue": 2945200000.0
    },
    "2022-03-31": {
        "Diluted EPS": 2.03,
        "Total Revenue": NaN,
        "Gross Profit": 631,
        "Operating Income": 204,
        "EBIT": 274,
        "Net Income": 152
    },
    "2021-12-31": {
        "Diluted EPS": 3.73,
        "Total Revenue": NaN,
        "Gross Profit": 683,
        "Operating Income": 264,
        "EBIT": 336,
        "Net Income": 282
    },
    "2021-09-30": {
        "Diluted EPS": 2.4,
        "Total Revenue": NaN,
        "Gross Profit": 627,
        "Operating Income": 252,
        "EBIT": 320,
        "Net Income": 181
    },
    "2021-06-30": {
        "Diluted EPS": 3.73,
        "Total Revenue": NaN,
        "Gross Profit": 692,
        "Operating Income": 290,
        "EBIT": 360,
        "Net Income": 283
    },
    "2021-03-31": {
        "Diluted EPS": 1.99,
        "Total Revenue": NaN,
        "Gross Profit": 571,
        "Operating Income": 195,
        "EBIT": 268,
        "Net Income": 151
    },
    "2020-12-31": {
        "Diluted EPS": 1.78,
        "Total Revenue": NaN,
        "Gross Profit": 596,
        "Operating Income": 178,
        "EBIT": 230,
        "Net Income": 135
    },
    "2020-09-30": {
        "Diluted EPS": 2.09,
        "Total Revenue": NaN,
        "Gross Profit": 579,
        "Operating Income": 224,
        "EBIT": 291,
        "Net Income": 157
    },
    "2020-06-30": {
        "Diluted EPS": 0.93,
        "Total Revenue": NaN,
        "Gross Profit": 433,
        "Operating Income": 97,
        "EBIT": 183,
        "Net Income": 70
    },
    "2020-03-31": {
        "Diluted EPS": 0.85,
        "Total Revenue": NaN,
        "Gross Profit": 451,
        "Operating Income": 100,
        "EBIT": 167,
        "Net Income": 65
    },
    "2019-12-31": {
        "Diluted EPS": -1.13,
        "Total Revenue": NaN,
        "Gross Profit": 514,
        "Operating Income": -50,
        "EBIT": 17,
        "Net Income": -88
    },
    "2019-09-30": {
        "Diluted EPS": 0.1,
        "Total Revenue": NaN,
        "Gross Profit": 450,
        "Operating Income": 106,
        "EBIT": 173,
        "Net Income": 8
    },
    "2019-06-30": {
        "Diluted EPS": 1.82,
        "Total Revenue": NaN,
        "Gross Profit": 564,
        "Operating Income": 200,
        "EBIT": 269,
        "Net Income": 141
    },
    "2019-03-31": {
        "Diluted EPS": 0.84,
        "Total Revenue": NaN,
        "Gross Profit": 457,
        "Operating Income": 92,
        "EBIT": 161,
        "Net Income": 65
    },
    "2018-12-31": {
        "Diluted EPS": 1.25,
        "Total Revenue": NaN,
        "Gross Profit": 539,
        "Operating Income": 159,
        "EBIT": 230,
        "Net Income": 99
    },
    "2018-09-30": {
        "Diluted EPS": 0.89,
        "Total Revenue": NaN,
        "Gross Profit": 474,
        "Operating Income": 111,
        "EBIT": 182,
        "Net Income": 71
    },
    "2018-06-30": {
        "Diluted EPS": 1.14,
        "Total Revenue": NaN,
        "Gross Profit": 556,
        "Operating Income": 168,
        "EBIT": 242,
        "Net Income": 91
    },
    "2018-03-31": {
        "Diluted EPS": 0.3,
        "Total Revenue": NaN,
        "Gross Profit": 428,
        "Operating Income": 51,
        "EBIT": 125,
        "Net Income": 24
    },
    "2017-12-31": {
        "Diluted EPS": 0.55,
        "Total Revenue": NaN,
        "Gross Profit": 531,
        "Operating Income": 143,
        "EBIT": 216,
        "Net Income": 44
    },
    "2017-09-30": {
        "Diluted EPS": 0.76,
        "Total Revenue": NaN,
        "Gross Profit": 429,
        "Operating Income": 97,
        "EBIT": 168,
        "Net Income": 61
    },
    "2017-06-30": {
        "Diluted EPS": 1.14,
        "Total Revenue": NaN,
        "Gross Profit": 475,
        "Operating Income": 148,
        "EBIT": 217,
        "Net Income": 92
    },
    "2017-03-31": {
        "Diluted EPS": -0.13,
        "Total Revenue": NaN,
        "Gross Profit": 330,
        "Operating Income": 16,
        "EBIT": 84,
        "Net Income": -10
    },
    "2016-12-31": {
        "Diluted EPS": 0.76,
        "Total Revenue": NaN,
        "Gross Profit": 420,
        "Operating Income": 90,
        "EBIT": 162,
        "Net Income": 62
    },
    "2016-09-30": {
        "Diluted EPS": 0.5,
        "Total Revenue": NaN,
        "Gross Profit": 354,
        "Operating Income": 59,
        "EBIT": 127,
        "Net Income": 40
    },
    "2016-06-30": {
        "Diluted EPS": 0.61,
        "Total Revenue": NaN,
        "Gross Profit": 427,
        "Operating Income": 119,
        "EBIT": 187,
        "Net Income": 50
    },
    "2016-03-31": {
        "Diluted EPS": 0.09,
        "Total Revenue": NaN,
        "Gross Profit": 315,
        "Operating Income": 19,
        "EBIT": 86,
        "Net Income": 8
    },
    "2015-12-31": {
        "Diluted EPS": 0.73,
        "Total Revenue": NaN,
        "Gross Profit": 397,
        "Operating Income": 85,
        "EBIT": 152,
        "Net Income": 62
    },
    "2015-09-30": {
        "Diluted EPS": 0.77,
        "Total Revenue": NaN,
        "Gross Profit": 366,
        "Operating Income": 79,
        "EBIT": 144,
        "Net Income": 67
    },
    "2015-06-30": {
        "Diluted EPS": 1.22,
        "Total Revenue": NaN,
        "Gross Profit": 450,
        "Operating Income": 150,
        "EBIT": 216,
        "Net Income": 107
    },
    "2015-03-31": {
        "Diluted EPS": 0.34,
        "Total Revenue": NaN,
        "Gross Profit": 348,
        "Operating Income": 47,
        "EBIT": 112,
        "Net Income": 30
    },
    "2014-12-31": {
        "Diluted EPS": 0.87,
        "Total Revenue": NaN,
        "Gross Profit": 498,
        "Operating Income": 115,
        "EBIT": 186,
        "Net Income": 78
    },
    "2014-09-30": {
        "Diluted EPS": 0.69,
        "Total Revenue": NaN,
        "Gross Profit": 422,
        "Operating Income": 109,
        "EBIT": 181,
        "Net Income": 65
    },
    "2014-06-30": {
        "Diluted EPS": 1.77,
        "Total Revenue": NaN,
        "Gross Profit": 632,
        "Operating Income": 267,
        "EBIT": 338,
        "Net Income": 168
    },
    "2014-03-31": {
        "Diluted EPS": 1.03,
        "Total Revenue": NaN,
        "Gross Profit": 515,
        "Operating Income": 156,
        "EBIT": 226,
        "Net Income": 100
    },
    "2013-12-31": {
        "Diluted EPS": 1.4,
        "Total Revenue": NaN,
        "Gross Profit": 591,
        "Operating Income": 197,
        "EBIT": 270,
        "Net Income": 139
    },
    "2013-09-30": {
        "Diluted EPS": 1.27,
        "Total Revenue": NaN,
        "Gross Profit": 556,
        "Operating Income": 199,
        "EBIT": 266,
        "Net Income": 126
    },
    "2013-06-30": {
        "Diluted EPS": 2.15,
        "Total Revenue": NaN,
        "Gross Profit": 710,
        "Operating Income": 327,
        "EBIT": 393,
        "Net Income": 214
    },
    "2013-03-31": {
        "Diluted EPS": 1.19,
        "Total Revenue": NaN,
        "Gross Profit": 533,
        "Operating Income": 177,
        "EBIT": 243,
        "Net Income": 118
    },
    "2012-12-31": {
        "Diluted EPS": 1.05,
        "Total Revenue": NaN,
        "Gross Profit": 528,
        "Operating Income": 119,
        "EBIT": 212,
        "Net Income": 103
    },
    "2012-09-30": {
        "Diluted EPS": 0.96,
        "Total Revenue": NaN,
        "Gross Profit": 491,
        "Operating Income": 140,
        "EBIT": 195,
        "Net Income": 95
    },
    "2012-06-30": {
        "Diluted EPS": 2.08,
        "Total Revenue": NaN,
        "Gross Profit": 611,
        "Operating Income": 265,
        "EBIT": 323,
        "Net Income": 205
    },
    "2012-03-31": {
        "Diluted EPS": 1.21,
        "Total Revenue": NaN,
        "Gross Profit": 493,
        "Operating Income": 170,
        "EBIT": 229,
        "Net Income": 120
    },
    "2011-12-31": {
        "Diluted EPS": 2.91,
        "Total Revenue": NaN,
        "Gross Profit": 524,
        "Operating Income": 186,
        "EBIT": 238,
        "Net Income": 285
    },
    "2011-09-30": {
        "Diluted EPS": 0.87,
        "Total Revenue": NaN,
        "Gross Profit": 408,
        "Operating Income": 114,
        "EBIT": 158,
        "Net Income": 84
    },
    "2011-06-30": {
        "Diluted EPS": 1.36,
        "Total Revenue": NaN,
        "Gross Profit": 488,
        "Operating Income": 202,
        "EBIT": 247,
        "Net Income": 134
    },
    "2011-03-31": {
        "Diluted EPS": 0.81,
        "Total Revenue": NaN,
        "Gross Profit": 356,
        "Operating Income": 109,
        "EBIT": 152,
        "Net Income": 80
    },
    "2010-12-31": {
        "Diluted EPS": 0.88,
        "Total Revenue": NaN,
        "Gross Profit": 409,
        "Operating Income": 142,
        "EBIT": 190,
        "Net Income": 85
    },
    "2010-09-30": {
        "Diluted EPS": 0.65,
        "Total Revenue": NaN,
        "Gross Profit": 304,
        "Operating Income": 76,
        "EBIT": 118,
        "Net Income": 62
    },
    "2010-06-30": {
        "Diluted EPS": 0.66,
        "Total Revenue": NaN,
        "Gross Profit": 321,
        "Operating Income": 97,
        "EBIT": 137,
        "Net Income": 63
    },
    "2010-03-31": {
        "Diluted EPS": 0.1,
        "Total Revenue": NaN,
        "Gross Profit": 225,
        "Operating Income": 9,
        "EBIT": 52,
        "Net Income": 10
    },
    "2009-12-31": {
        "Diluted EPS": 0.35,
        "Total Revenue": NaN,
        "Gross Profit": 266,
        "Operating Income": 48,
        "EBIT": 92,
        "Net Income": 34
    },
    "2009-09-30": {
        "Diluted EPS": 0.12,
        "Total Revenue": NaN,
        "Gross Profit": 243,
        "Operating Income": 36,
        "EBIT": 75,
        "Net Income": 11
    },
    "2009-06-30": {
        "Diluted EPS": 0.61,
        "Total Revenue": NaN,
        "Gross Profit": 292,
        "Operating Income": 78,
        "EBIT": 115,
        "Net Income": 57
    },
    "2009-03-31": {
        "Diluted EPS": 0.36,
        "Total Revenue": NaN,
        "Gross Profit": 271,
        "Operating Income": 57,
        "EBIT": 91,
        "Net Income": 34
    },
    "2023-09-30": {
        "Tax Effect Of Unusual Items": NaN,
        "Tax Rate For Calcs": NaN,
        "Normalized EBITDA": NaN,
        "Total Unusual Items": NaN,
        "Total Unusual Items Excluding Goodwill": NaN,
        "Net Income From Continuing Operation Net Minority Interest": NaN,
        "Reconciled Depreciation": NaN,
        "Reconciled Cost Of Revenue": NaN,
        "EBITDA": NaN,
        "EBIT": NaN,
        "Net Interest Income": NaN,
        "Interest Expense": NaN,
        "Normalized Income": NaN,
        "Net Income From Continuing And Discontinued Operation": NaN,
        "Total Expenses": NaN,
        "Total Operating Income As Reported": NaN,
        "Diluted Average Shares": NaN,
        "Basic Average Shares": NaN,
        "Diluted EPS": NaN,
        "Basic EPS": NaN,
        "Diluted NI Availto Com Stockholders": NaN,
        "Net Income Common Stockholders": NaN,
        "Net Income": NaN,
        "Minority Interests": NaN,
        "Net Income Including Noncontrolling Interests": NaN,
        "Net Income Continuous Operations": NaN,
        "Earnings From Equity Interest Net Of Tax": NaN,
        "Tax Provision": NaN,
        "Pretax Income": NaN,
        "Other Income Expense": NaN,
        "Other Non Operating Income Expenses": NaN,
        "Special Income Charges": NaN,
        "Gain On Sale Of Business": 0.0,
        "Write Off": NaN,
        "Impairment Of Capital Assets": 0.0,
        "Restructuring And Mergern Acquisition": NaN,
        "Net Non Operating Interest Income Expense": NaN,
        "Interest Expense Non Operating": NaN,
        "Operating Income": NaN,
        "Operating Expense": NaN,
        "Depreciation Amortization Depletion Income Statement": NaN,
        "Depreciation And Amortization In Income Statement": NaN,
        "Amortization": NaN,
        "Amortization Of Intangibles Income Statement": NaN,
        "Research And Development": NaN,
        "Selling General And Administration": NaN,
        "Gross Profit": NaN,
        "Cost Of Revenue": NaN,
        "Total Revenue": NaN,
        "Operating Revenue": NaN
    },
    "2023-12-31": {
        "Tax Effect Of Unusual Items": NaN,
        "Tax Rate For Calcs": NaN,
        "Normalized EBITDA": NaN,
        "Total Unusual Items": NaN,
        "Total Unusual Items Excluding Goodwill": NaN,
        "Net Income From Continuing Operation Net Minority Interest": NaN,
        "Reconciled Depreciation": NaN,
        "Reconciled Cost Of Revenue": NaN,
        "EBITDA": NaN,
        "EBIT": NaN,
        "Net Interest Income": NaN,
        "Interest Expense": NaN,
        "Normalized Income": NaN,
        "Net Income From Continuing And Discontinued Operation": NaN,
        "Total Expenses": NaN,
        "Total Operating Income As Reported": NaN,
        "Diluted Average Shares": NaN,
        "Basic Average Shares": NaN,
        "Diluted EPS": NaN,
        "Basic EPS": NaN,
        "Diluted NI Availto Com Stockholders": NaN,
        "Net Income Common Stockholders": NaN,
        "Net Income": NaN,
        "Minority Interests": NaN,
        "Net Income Including Noncontrolling Interests": NaN,
        "Net Income Continuous Operations": NaN,
        "Earnings From Equity Interest Net Of Tax": NaN,
        "Tax Provision": NaN,
        "Pretax Income": NaN,
        "Other Income Expense": NaN,
        "Other Non Operating Income Expenses": NaN,
        "Special Income Charges": NaN,
        "Gain On Sale Of Business": NaN,
        "Write Off": NaN,
        "Impairment Of Capital Assets": 4100000.0,
        "Restructuring And Mergern Acquisition": NaN,
        "Net Non Operating Interest Income Expense": NaN,
        "Interest Expense Non Operating": NaN,
        "Operating Income": NaN,
        "Operating Expense": NaN,
        "Depreciation Amortization Depletion Income Statement": NaN,
        "Depreciation And Amortization In Income Statement": NaN,
        "Amortization": NaN,
        "Amortization Of Intangibles Income Statement": NaN,
        "Research And Development": NaN,
        "Selling General And Administration": NaN,
        "Gross Profit": NaN,
        "Cost Of Revenue": NaN,
        "Total Revenue": NaN,
        "Operating Revenue": NaN
    },
    "2024-03-31": {
        "Tax Effect Of Unusual Items": NaN,
        "Tax Rate For Calcs": NaN,
        "Normalized EBITDA": NaN,
        "Total Unusual Items": NaN,
        "Total Unusual Items Excluding Goodwill": NaN,
        "Net Income From Continuing Operation Net Minority Interest": NaN,
        "Reconciled Depreciation": NaN,
        "Reconciled Cost Of Revenue": NaN,
        "EBITDA": NaN,
        "EBIT": NaN,
        "Net Interest Income": NaN,
        "Interest Expense": NaN,
        "Normalized Income": NaN,
        "Net Income From Continuing And Discontinued Operation": NaN,
        "Total Expenses": NaN,
        "Total Operating Income As Reported": NaN,
        "Diluted Average Shares": NaN,
        "Basic Average Shares": NaN,
        "Diluted EPS": NaN,
        "Basic EPS": NaN,
        "Diluted NI Availto Com Stockholders": NaN,
        "Net Income Common Stockholders": NaN,
        "Net Income": NaN,
        "Minority Interests": NaN,
        "Net Income Including Noncontrolling Interests": NaN,
        "Net Income Continuous Operations": NaN,
        "Earnings From Equity Interest Net Of Tax": NaN,
        "Tax Provision": NaN,
        "Pretax Income": NaN,
        "Other Income Expense": NaN,
        "Other Non Operating Income Expenses": NaN,
        "Special Income Charges": NaN,
        "Gain On Sale Of Business": NaN,
        "Write Off": 0.0,
        "Impairment Of Capital Assets": NaN,
        "Restructuring And Mergern Acquisition": NaN,
        "Net Non Operating Interest Income Expense": NaN,
        "Interest Expense Non Operating": NaN,
        "Operating Income": NaN,
        "Operating Expense": NaN,
        "Depreciation Amortization Depletion Income Statement": NaN,
        "Depreciation And Amortization In Income Statement": NaN,
        "Amortization": NaN,
        "Amortization Of Intangibles Income Statement": NaN,
        "Research And Development": NaN,
        "Selling General And Administration": NaN,
        "Gross Profit": NaN,
        "Cost Of Revenue": NaN,
        "Total Revenue": NaN,
        "Operating Revenue": NaN
    },
    "2024-06-30": {
        "Tax Effect Of Unusual Items": NaN,
        "Tax Rate For Calcs": NaN,
        "Normalized EBITDA": NaN,
        "Total Unusual Items": NaN,
        "Total Unusual Items Excluding Goodwill": NaN,
        "Net Income From Continuing Operation Net Minority Interest": NaN,
        "Reconciled Depreciation": NaN,
        "Reconciled Cost Of Revenue": NaN,
        "EBITDA": NaN,
        "EBIT": NaN,
        "Net Interest Income": NaN,
        "Interest Expense": NaN,
        "Normalized Income": NaN,
        "Net Income From Continuing And Discontinued Operation": NaN,
        "Total Expenses": NaN,
        "Total Operating Income As Reported": NaN,
        "Diluted Average Shares": NaN,
        "Basic Average Shares": NaN,
        "Diluted EPS": NaN,
        "Basic EPS": NaN,
        "Diluted NI Availto Com Stockholders": NaN,
        "Net Income Common Stockholders": NaN,
        "Net Income": NaN,
        "Minority Interests": NaN,
        "Net Income Including Noncontrolling Interests": NaN,
        "Net Income Continuous Operations": NaN,
        "Earnings From Equity Interest Net Of Tax": NaN,
        "Tax Provision": NaN,
        "Pretax Income": NaN,
        "Other Income Expense": NaN,
        "Other Non Operating Income Expenses": NaN,
        "Special Income Charges": NaN,
        "Gain On Sale Of Business": -494600000.0,
        "Write Off": 5100000.0,
        "Impairment Of Capital Assets": 5100000.0,
        "Restructuring And Mergern Acquisition": NaN,
        "Net Non Operating Interest Income Expense": NaN,
        "Interest Expense Non Operating": NaN,
        "Operating Income": NaN,
        "Operating Expense": NaN,
        "Depreciation Amortization Depletion Income Statement": NaN,
        "Depreciation And Amortization In Income Statement": NaN,
        "Amortization": NaN,
        "Amortization Of Intangibles Income Statement": NaN,
        "Research And Development": NaN,
        "Selling General And Administration": NaN,
        "Gross Profit": NaN,
        "Cost Of Revenue": NaN,
        "Total Revenue": NaN,
        "Operating Revenue": NaN
    },
    "2024-09-30": {
        "Tax Effect Of Unusual Items": -2919000.0,
        "Tax Rate For Calcs": 0.21,
        "Normalized EBITDA": 146100000.0,
        "Total Unusual Items": -13900000.0,
        "Total Unusual Items Excluding Goodwill": -13900000.0,
        "Net Income From Continuing Operation Net Minority Interest": 30000000.0,
        "Reconciled Depreciation": 69700000.0,
        "Reconciled Cost Of Revenue": 1935300000.0,
        "EBITDA": 132200000.0,
        "EBIT": 62500000.0,
        "Net Interest Income": -33900000.0,
        "Interest Expense": 33900000.0,
        "Normalized Income": 40981000.0,
        "Net Income From Continuing And Discontinued Operation": 30000000.0,
        "Total Expenses": 2470600000.0,
        "Total Operating Income As Reported": 114800000.0,
        "Diluted Average Shares": 74700000.0,
        "Basic Average Shares": 74600000.0,
        "Diluted EPS": 0.4,
        "Basic EPS": 0.4,
        "Diluted NI Availto Com Stockholders": 30000000.0,
        "Net Income Common Stockholders": 30000000.0,
        "Net Income": 30000000.0,
        "Minority Interests": 1100000.0,
        "Net Income Including Noncontrolling Interests": 28900000.0,
        "Net Income Continuous Operations": 28900000.0,
        "Earnings From Equity Interest Net Of Tax": 12200000.0,
        "Tax Provision": 11900000.0,
        "Pretax Income": 28600000.0,
        "Other Income Expense": -66200000.0,
        "Other Non Operating Income Expenses": -52300000.0,
        "Special Income Charges": -13900000.0,
        "Gain On Sale Of Business": -3200000.0,
        "Write Off": 200000.0,
        "Impairment Of Capital Assets": 200000.0,
        "Restructuring And Mergern Acquisition": 10500000.0,
        "Net Non Operating Interest Income Expense": -33900000.0,
        "Interest Expense Non Operating": 33900000.0,
        "Operating Income": 128700000.0,
        "Operating Expense": 474400000.0,
        "Depreciation Amortization Depletion Income Statement": 8800000.0,
        "Depreciation And Amortization In Income Statement": 8800000.0,
        "Amortization": 8800000.0,
        "Amortization Of Intangibles Income Statement": 8800000.0,
        "Research And Development": 121300000.0,
        "Selling General And Administration": 344300000.0,
        "Gross Profit": 603100000.0,
        "Cost Of Revenue": 1996200000.0,
        "Total Revenue": 2599300000.0,
        "Operating Revenue": 2599300000.0
    },
    "2024-12-31": {
        "Tax Effect Of Unusual Items": -35279433.853264,
        "Tax Rate For Calcs": 0.069902,
        "Normalized EBITDA": 340500000.0,
        "Total Unusual Items": -504700000.0,
        "Total Unusual Items Excluding Goodwill": -504700000.0,
        "Net Income From Continuing Operation Net Minority Interest": -255700000.0,
        "Reconciled Depreciation": 88400000.0,
        "Reconciled Cost Of Revenue": 2136800000.0,
        "EBITDA": -164200000.0,
        "EBIT": -252600000.0,
        "Net Interest Income": -27300000.0,
        "Interest Expense": 93600000.0,
        "Normalized Income": 213720566.146736,
        "Net Income From Continuing And Discontinued Operation": -255700000.0,
        "Total Expenses": 2651400000.0,
        "Total Operating Income As Reported": -268800000.0,
        "Diluted Average Shares": 74600000.0,
        "Basic Average Shares": 74500000.0,
        "Diluted EPS": -3.42,
        "Basic EPS": -3.42,
        "Diluted NI Availto Com Stockholders": -255700000.0,
        "Net Income Common Stockholders": -255700000.0,
        "Net Income": -255700000.0,
        "Minority Interests": 57900000.0,
        "Net Income Including Noncontrolling Interests": -313600000.0,
        "Net Income Continuous Operations": -313600000.0,
        "Earnings From Equity Interest Net Of Tax": 8400000.0,
        "Tax Provision": -24200000.0,
        "Pretax Income": -346200000.0,
        "Other Income Expense": -554800000.0,
        "Other Non Operating Income Expenses": -50100000.0,
        "Special Income Charges": -504700000.0,
        "Gain On Sale Of Business": -9500000.0,
        "Write Off": NaN,
        "Impairment Of Capital Assets": 364200000.0,
        "Restructuring And Mergern Acquisition": 131000000.0,
        "Net Non Operating Interest Income Expense": -27300000.0,
        "Interest Expense Non Operating": 93600000.0,
        "Operating Income": 235900000.0,
        "Operating Expense": 452800000.0,
        "Depreciation Amortization Depletion Income Statement": 26600000.0,
        "Depreciation And Amortization In Income Statement": 26600000.0,
        "Amortization": 26600000.0,
        "Amortization Of Intangibles Income Statement": 26600000.0,
        "Research And Development": 103000000.0,
        "Selling General And Administration": 323200000.0,
        "Gross Profit": 688700000.0,
        "Cost Of Revenue": 2198600000.0,
        "Total Revenue": 2887300000.0,
        "Operating Revenue": 2887300000.0
    },
    "2025-03-31": {
        "Tax Effect Of Unusual Items": -2961000.0,
        "Tax Rate For Calcs": 0.21,
        "Normalized EBITDA": 107000000.0,
        "Total Unusual Items": -14100000.0,
        "Total Unusual Items Excluding Goodwill": -14100000.0,
        "Net Income From Continuing Operation Net Minority Interest": 10500000.0,
        "Reconciled Depreciation": 75800000.0,
        "Reconciled Cost Of Revenue": 1469400000.0,
        "EBITDA": 92900000.0,
        "EBIT": 17100000.0,
        "Net Interest Income": -18500000.0,
        "Interest Expense": 18500000.0,
        "Normalized Income": 21639000.0,
        "Net Income From Continuing And Discontinued Operation": 10500000.0,
        "Total Expenses": 1987000000.0,
        "Total Operating Income As Reported": 49400000.0,
        "Diluted Average Shares": 74700000.0,
        "Basic Average Shares": 74600000.0,
        "Diluted EPS": 0.14,
        "Basic EPS": 0.14,
        "Diluted NI Availto Com Stockholders": 10500000.0,
        "Net Income Common Stockholders": 10500000.0,
        "Net Income": 10500000.0,
        "Minority Interests": 1800000.0,
        "Net Income Including Noncontrolling Interests": 8700000.0,
        "Net Income Continuous Operations": 8700000.0,
        "Earnings From Equity Interest Net Of Tax": 12100000.0,
        "Tax Provision": 2000000.0,
        "Pretax Income": -1400000.0,
        "Other Income Expense": -46400000.0,
        "Other Non Operating Income Expenses": -32300000.0,
        "Special Income Charges": -14100000.0,
        "Gain On Sale Of Business": NaN,
        "Write Off": 1100000.0,
        "Impairment Of Capital Assets": NaN,
        "Restructuring And Mergern Acquisition": 13000000.0,
        "Net Non Operating Interest Income Expense": -18500000.0,
        "Interest Expense Non Operating": 18500000.0,
        "Operating Income": 63500000.0,
        "Operating Expense": 457100000.0,
        "Depreciation Amortization Depletion Income Statement": 15300000.0,
        "Depreciation And Amortization In Income Statement": 15300000.0,
        "Amortization": 15300000.0,
        "Amortization Of Intangibles Income Statement": 15300000.0,
        "Research And Development": 116000000.0,
        "Selling General And Administration": 325800000.0,
        "Gross Profit": 520600000.0,
        "Cost Of Revenue": 1529900000.0,
        "Total Revenue": 2050500000.0,
        "Operating Revenue": 2050500000.0
    },
    "2025-06-30": {
        "Tax Effect Of Unusual Items": -7287000.0,
        "Tax Rate For Calcs": 0.21,
        "Normalized EBITDA": 229600000.0,
        "Total Unusual Items": -34700000.0,
        "Total Unusual Items Excluding Goodwill": -34700000.0,
        "Net Income From Continuing Operation Net Minority Interest": 314800000.0,
        "Reconciled Depreciation": 79800000.0,
        "Reconciled Cost Of Revenue": 1912300000.0,
        "EBITDA": 194900000.0,
        "EBIT": 115100000.0,
        "Net Interest Income": -17800000.0,
        "Interest Expense": 17800000.0,
        "Normalized Income": 342213000.0,
        "Net Income From Continuing And Discontinued Operation": 314800000.0,
        "Total Expenses": 2436300000.0,
        "Total Operating Income As Reported": 164000000.0,
        "Diluted Average Shares": 74600000.0,
        "Basic Average Shares": 74600000.0,
        "Diluted EPS": 4.22,
        "Basic EPS": 4.22,
        "Diluted NI Availto Com Stockholders": 314800000.0,
        "Net Income Common Stockholders": 314800000.0,
        "Net Income": 314800000.0,
        "Minority Interests": 400000.0,
        "Net Income Including Noncontrolling Interests": 314400000.0,
        "Net Income Continuous Operations": 314400000.0,
        "Earnings From Equity Interest Net Of Tax": 11600000.0,
        "Tax Provision": -205500000.0,
        "Pretax Income": 97300000.0,
        "Other Income Expense": -83600000.0,
        "Other Non Operating Income Expenses": -48900000.0,
        "Special Income Charges": -34700000.0,
        "Gain On Sale Of Business": -12300000.0,
        "Write Off": 6800000.0,
        "Impairment Of Capital Assets": NaN,
        "Restructuring And Mergern Acquisition": 15600000.0,
        "Net Non Operating Interest Income Expense": -17800000.0,
        "Interest Expense Non Operating": 17800000.0,
        "Operating Income": 198700000.0,
        "Operating Expense": 459900000.0,
        "Depreciation Amortization Depletion Income Statement": 15700000.0,
        "Depreciation And Amortization In Income Statement": 15700000.0,
        "Amortization": 15700000.0,
        "Amortization Of Intangibles Income Statement": 15700000.0,
        "Research And Development": 117800000.0,
        "Selling General And Administration": 326400000.0,
        "Gross Profit": 658600000.0,
        "Cost Of Revenue": 1976400000.0,
        "Total Revenue": 2635000000.0,
        "Operating Revenue": 2635000000.0
    },
    "2025-09-30": {
        "Tax Effect Of Unusual Items": -1150200.0,
        "Tax Rate For Calcs": 0.142,
        "Normalized EBITDA": 453800000.0,
        "Total Unusual Items": -8100000.0,
        "Total Unusual Items Excluding Goodwill": -8100000.0,
        "Net Income From Continuing Operation Net Minority Interest": 305700000.0,
        "Reconciled Depreciation": 85700000.0,
        "Reconciled Cost Of Revenue": 1767100000.0,
        "EBITDA": 445700000.0,
        "EBIT": 360000000.0,
        "Net Interest Income": -15500000.0,
        "Interest Expense": 15500000.0,
        "Normalized Income": 312649800.0,
        "Net Income From Continuing And Discontinued Operation": 305700000.0,
        "Total Expenses": 2316600000.0,
        "Total Operating Income As Reported": 151600000.0,
        "Diluted Average Shares": 74700000.0,
        "Basic Average Shares": 74600000.0,
        "Diluted EPS": 4.09,
        "Basic EPS": 4.1,
        "Diluted NI Availto Com Stockholders": 305700000.0,
        "Net Income Common Stockholders": 305700000.0,
        "Net Income": 305700000.0,
        "Minority Interests": 3000000.0,
        "Net Income Including Noncontrolling Interests": 302700000.0,
        "Net Income Continuous Operations": 302700000.0,
        "Earnings From Equity Interest Net Of Tax": 7000000.0,
        "Tax Provision": 48800000.0,
        "Pretax Income": 344500000.0,
        "Other Income Expense": 200300000.0,
        "Other Non Operating Income Expenses": 208400000.0,
        "Special Income Charges": -8100000.0,
        "Gain On Sale Of Business": 0.0,
        "Write Off": -600000.0,
        "Impairment Of Capital Assets": NaN,
        "Restructuring And Mergern Acquisition": 8700000.0,
        "Net Non Operating Interest Income Expense": -15500000.0,
        "Interest Expense Non Operating": 15500000.0,
        "Operating Income": 159700000.0,
        "Operating Expense": 486800000.0,
        "Depreciation Amortization Depletion Income Statement": 23000000.0,
        "Depreciation And Amortization In Income Statement": 23000000.0,
        "Amortization": 23000000.0,
        "Amortization Of Intangibles Income Statement": 23000000.0,
        "Research And Development": 123000000.0,
        "Selling General And Administration": 340800000.0,
        "Gross Profit": 646500000.0,
        "Cost Of Revenue": 1829800000.0,
        "Total Revenue": 2476300000.0,
        "Operating Revenue": 2476300000.0
    }
}