{
    "2023-03-31": {
        "Tax Effect Of Unusual Items": NaN,
        "Tax Rate For Calcs": NaN,
        "Normalized EBITDA": NaN,
        "Total Unusual Items": NaN,
        "Total Unusual Items Excluding Goodwill": NaN,
        "Net Income From Continuing Operation Net Minority Interest": NaN,
        "Reconciled Depreciation": NaN,
        "Reconciled Cost Of Revenue": NaN,
        "EBITDA": NaN,
        "EBIT": NaN,
        "Net Interest Income": NaN,
        "Interest Expense": NaN,
        "Normalized Income": NaN,
        "Net Income From Continuing And Discontinued Operation": NaN,
        "Total Expenses": NaN,
        "Total Operating Income As Reported": NaN,
        "Diluted Average Shares": 792750.0,
        "Basic Average Shares": 792750.0,
        "Diluted EPS": -86.2,
        "Basic EPS": -86.2,
        "Diluted NI Availto Com Stockholders": NaN,
        "Net Income Common Stockholders": NaN,
        "Preferred Stock Dividends": NaN,
        "Net Income": NaN,
        "Minority Interests": NaN,
        "Net Income Including Noncontrolling Interests": NaN,
        "Net Income Continuous Operations": NaN,
        "Pretax Income": NaN,
        "Other Income Expense": NaN,
        "Other Non Operating Income Expenses": NaN,
        "Special Income Charges": NaN,
        "Restructuring And Mergern Acquisition": NaN,
        "Net Non Operating Interest Income Expense": NaN,
        "Interest Expense Non Operating": NaN,
        "Operating Income": NaN,
        "Operating Expense": NaN,
        "Selling General And Administration": NaN,
        "General And Administrative Expense": NaN,
        "Other Gand A": NaN,
        "Salaries And Wages": NaN,
        "Gross Profit": NaN,
        "Cost Of Revenue": NaN,
        "Total Revenue": NaN,
        "Operating Revenue": NaN
    },
    "2022-12-31": {
        "Tax Effect Of Unusual Items": 0.0,
        "Tax Rate For Calcs": 0.0,
        "Normalized EBITDA": -52816000.0,
        "Total Unusual Items": -2072000.0,
        "Total Unusual Items Excluding Goodwill": -2072000.0,
        "Net Income From Continuing Operation Net Minority Interest": -55947000.0,
        "Reconciled Depreciation": 1889000.0,
        "Reconciled Cost Of Revenue": 60972000.0,
        "EBITDA": -54888000.0,
        "EBIT": -56777000.0,
        "Net Interest Income": -17325000.0,
        "Interest Expense": 17325000.0,
        "Normalized Income": -53875000.0,
        "Net Income From Continuing And Discontinued Operation": -55947000.0,
        "Total Expenses": 86008000.0,
        "Total Operating Income As Reported": -57757000.0,
        "Diluted Average Shares": NaN,
        "Basic Average Shares": NaN,
        "Diluted EPS": NaN,
        "Basic EPS": NaN,
        "Diluted NI Availto Com Stockholders": -56000000.0,
        "Net Income Common Stockholders": -56000000.0,
        "Preferred Stock Dividends": 53000.0,
        "Net Income": -55947000.0,
        "Minority Interests": 18155000.0,
        "Net Income Including Noncontrolling Interests": -74102000.0,
        "Net Income Continuous Operations": -74102000.0,
        "Pretax Income": -74102000.0,
        "Other Income Expense": 845000.0,
        "Other Non Operating Income Expenses": 2917000.0,
        "Special Income Charges": -2072000.0,
        "Restructuring And Mergern Acquisition": 135000.0,
        "Net Non Operating Interest Income Expense": -17325000.0,
        "Interest Expense Non Operating": 17325000.0,
        "Operating Income": -57622000.0,
        "Operating Expense": 25036000.0,
        "Selling General And Administration": 25036000.0,
        "General And Administrative Expense": 25036000.0,
        "Other Gand A": 25036000.0,
        "Salaries And Wages": NaN,
        "Gross Profit": -32586000.0,
        "Cost Of Revenue": 60972000.0,
        "Total Revenue": 28386000.0,
        "Operating Revenue": 10102000.0
    },
    "2022-09-30": {
        "Tax Effect Of Unusual Items": NaN,
        "Tax Rate For Calcs": NaN,
        "Normalized EBITDA": NaN,
        "Total Unusual Items": NaN,
        "Total Unusual Items Excluding Goodwill": NaN,
        "Net Income From Continuing Operation Net Minority Interest": NaN,
        "Reconciled Depreciation": NaN,
        "Reconciled Cost Of Revenue": NaN,
        "EBITDA": NaN,
        "EBIT": NaN,
        "Net Interest Income": NaN,
        "Interest Expense": NaN,
        "Normalized Income": NaN,
        "Net Income From Continuing And Discontinued Operation": NaN,
        "Total Expenses": NaN,
        "Total Operating Income As Reported": NaN,
        "Diluted Average Shares": 14342700.0,
        "Basic Average Shares": 14342700.0,
        "Diluted EPS": -3.8,
        "Basic EPS": -3.8,
        "Diluted NI Availto Com Stockholders": NaN,
        "Net Income Common Stockholders": NaN,
        "Preferred Stock Dividends": NaN,
        "Net Income": NaN,
        "Minority Interests": NaN,
        "Net Income Including Noncontrolling Interests": NaN,
        "Net Income Continuous Operations": NaN,
        "Pretax Income": NaN,
        "Other Income Expense": NaN,
        "Other Non Operating Income Expenses": NaN,
        "Special Income Charges": NaN,
        "Restructuring And Mergern Acquisition": NaN,
        "Net Non Operating Interest Income Expense": NaN,
        "Interest Expense Non Operating": NaN,
        "Operating Income": NaN,
        "Operating Expense": NaN,
        "Selling General And Administration": NaN,
        "General And Administrative Expense": NaN,
        "Other Gand A": NaN,
        "Salaries And Wages": NaN,
        "Gross Profit": NaN,
        "Cost Of Revenue": NaN,
        "Total Revenue": NaN,
        "Operating Revenue": NaN
    },
    "2022-06-30": {
        "Tax Effect Of Unusual Items": 0.0,
        "Tax Rate For Calcs": 0.0,
        "Normalized EBITDA": -34221000.0,
        "Total Unusual Items": 407000.0,
        "Total Unusual Items Excluding Goodwill": 407000.0,
        "Net Income From Continuing Operation Net Minority Interest": -46434000.0,
        "Reconciled Depreciation": 1690000.0,
        "Reconciled Cost Of Revenue": 46984000.0,
        "EBITDA": -33814000.0,
        "EBIT": -35504000.0,
        "Net Interest Income": -13731000.0,
        "Interest Expense": 13731000.0,
        "Normalized Income": -46841000.0,
        "Net Income From Continuing And Discontinued Operation": -46434000.0,
        "Total Expenses": 65898000.0,
        "Total Operating Income As Reported": -44565000.0,
        "Diluted Average Shares": 277033000.0,
        "Basic Average Shares": 277033000.0,
        "Diluted EPS": -0.17,
        "Basic EPS": -0.17,
        "Diluted NI Availto Com Stockholders": -46487000.0,
        "Net Income Common Stockholders": -46487000.0,
        "Preferred Stock Dividends": 53000.0,
        "Net Income": -46434000.0,
        "Minority Interests": 2801000.0,
        "Net Income Including Noncontrolling Interests": -49235000.0,
        "Net Income Continuous Operations": -49235000.0,
        "Pretax Income": -49235000.0,
        "Other Income Expense": 9468000.0,
        "Other Non Operating Income Expenses": 9061000.0,
        "Special Income Charges": 407000.0,
        "Restructuring And Mergern Acquisition": -407000.0,
        "Net Non Operating Interest Income Expense": -13731000.0,
        "Interest Expense Non Operating": 13731000.0,
        "Operating Income": -44972000.0,
        "Operating Expense": 18914000.0,
        "Selling General And Administration": 18914000.0,
        "General And Administrative Expense": 18914000.0,
        "Other Gand A": 18914000.0,
        "Salaries And Wages": NaN,
        "Gross Profit": -26058000.0,
        "Cost Of Revenue": 46984000.0,
        "Total Revenue": 20926000.0,
        "Operating Revenue": 20782000.0
    },
    "2022-03-31": {
        "Diluted EPS": -0.19,
        "Total Revenue": 26,
        "Gross Profit": 25,
        "Operating Income": -35,
        "EBIT": -34,
        "Net Income": -48
    },
    "2021-12-31": {
        "Diluted EPS": -0.19,
        "Total Revenue": 20,
        "Gross Profit": 19,
        "Operating Income": -54,
        "EBIT": -52,
        "Net Income": -66
    },
    "2021-09-30": {
        "Diluted EPS": 0.72,
        "Total Revenue": 253,
        "Gross Profit": 252,
        "Operating Income": 188,
        "EBIT": 189,
        "Net Income": 178
    },
    "2021-06-30": {
        "Diluted EPS": -0.37,
        "Total Revenue": 11,
        "Gross Profit": 10,
        "Operating Income": -66,
        "EBIT": -65,
        "Net Income": -83
    },
    "2021-03-31": {
        "Diluted EPS": -0.27,
        "Total Revenue": 12,
        "Gross Profit": 11,
        "Operating Income": -41,
        "EBIT": -40,
        "Net Income": -54
    },
    "2020-12-31": {
        "Diluted EPS": -0.18,
        "Total Revenue": 31,
        "Gross Profit": 30,
        "Operating Income": -22,
        "EBIT": -20,
        "Net Income": -38
    },
    "2020-09-30": {
        "Diluted EPS": -0.28,
        "Total Revenue": 15,
        "Gross Profit": 14,
        "Operating Income": -35,
        "EBIT": -33,
        "Net Income": -51
    },
    "2020-06-30": {
        "Diluted EPS": -0.28,
        "Total Revenue": 27,
        "Gross Profit": 26,
        "Operating Income": -33,
        "EBIT": -31,
        "Net Income": -48
    },
    "2020-03-31": {
        "Diluted EPS": -0.31,
        "Total Revenue": 15,
        "Gross Profit": 15,
        "Operating Income": -27,
        "EBIT": -26,
        "Net Income": -45
    },
    "2019-12-31": {
        "Diluted EPS": -0.21,
        "Total Revenue": 35,
        "Gross Profit": 35,
        "Operating Income": -19,
        "EBIT": -18,
        "Net Income": -30
    },
    "2019-09-30": {
        "Diluted EPS": -0.33,
        "Total Revenue": 20,
        "Gross Profit": 20,
        "Operating Income": -36,
        "EBIT": -34,
        "Net Income": -46
    },
    "2019-06-30": {
        "Diluted EPS": -0.38,
        "Total Revenue": 16,
        "Gross Profit": 16,
        "Operating Income": -41,
        "EBIT": -39,
        "Net Income": -51
    },
    "2019-03-31": {
        "Diluted EPS": 0.12,
        "Total Revenue": 80,
        "Gross Profit": 80,
        "Operating Income": 26,
        "EBIT": 28,
        "Net Income": 18
    },
    "2018-12-31": {
        "Diluted EPS": -0.38,
        "Total Revenue": 6,
        "Gross Profit": 6,
        "Operating Income": -39,
        "EBIT": -38,
        "Net Income": -48
    },
    "2018-09-30": {
        "Diluted EPS": -0.29,
        "Total Revenue": 13,
        "Gross Profit": 13,
        "Operating Income": -26,
        "EBIT": -24,
        "Net Income": -33
    },
    "2018-06-30": {
        "Diluted EPS": -0.24,
        "Total Revenue": 16,
        "Gross Profit": 16,
        "Operating Income": -17,
        "EBIT": -15,
        "Net Income": -25
    },
    "2018-03-31": {
        "Diluted EPS": -0.53,
        "Total Revenue": 2,
        "Gross Profit": 2,
        "Operating Income": -42,
        "EBIT": -40,
        "Net Income": -54
    },
    "2017-12-31": {
        "Diluted EPS": -0.36,
        "Total Revenue": 8,
        "Gross Profit": 8,
        "Operating Income": -30,
        "EBIT": -29,
        "Net Income": -35
    },
    "2017-09-30": {
        "Diluted EPS": -0.37,
        "Total Revenue": 3,
        "Gross Profit": 3,
        "Operating Income": -32,
        "EBIT": -30,
        "Net Income": -37
    },
    "2017-06-30": {
        "Diluted EPS": -0.32,
        "Total Revenue": 4,
        "Gross Profit": 4,
        "Operating Income": -29,
        "EBIT": -27,
        "Net Income": -32
    },
    "2017-03-31": {
        "Diluted EPS": -0.18,
        "Total Revenue": 27,
        "Gross Profit": 27,
        "Operating Income": -13,
        "EBIT": -12,
        "Net Income": -17
    },
    "2016-12-31": {
        "Diluted EPS": -0.29,
        "Total Revenue": 6,
        "Gross Profit": 6,
        "Operating Income": -20,
        "EBIT": -18,
        "Net Income": -26
    },
    "2016-09-30": {
        "Diluted EPS": -0.47,
        "Total Revenue": 4,
        "Gross Profit": 4,
        "Operating Income": -36,
        "EBIT": -35,
        "Net Income": -41
    },
    "2016-06-30": {
        "Diluted EPS": -0.33,
        "Total Revenue": 7,
        "Gross Profit": 7,
        "Operating Income": -24,
        "EBIT": -22,
        "Net Income": -28
    },
    "2016-03-31": {
        "Diluted EPS": -0.37,
        "Total Revenue": 6,
        "Gross Profit": 6,
        "Operating Income": -28,
        "EBIT": -27,
        "Net Income": -32
    },
    "2015-12-31": {
        "Diluted EPS": -0.16,
        "Total Revenue": 8,
        "Gross Profit": 8,
        "Operating Income": -18,
        "EBIT": -18,
        "Net Income": -16
    },
    "2015-09-30": {
        "Diluted EPS": -0.16,
        "Total Revenue": 7,
        "Gross Profit": 7,
        "Operating Income": -11,
        "EBIT": -11,
        "Net Income": -13
    },
    "2015-06-30": {
        "Diluted EPS": -0.53,
        "Total Revenue": 6,
        "Gross Profit": 6,
        "Operating Income": -33,
        "EBIT": -33,
        "Net Income": -40
    },
    "2015-03-31": {
        "Diluted EPS": -0.28,
        "Total Revenue": 4,
        "Gross Profit": 4,
        "Operating Income": -18,
        "EBIT": -18,
        "Net Income": -19
    },
    "2014-12-31": {
        "Diluted EPS": -0.44,
        "Total Revenue": 2,
        "Gross Profit": 2,
        "Operating Income": -17,
        "EBIT": -17,
        "Net Income": -26
    },
    "2014-09-30": {
        "Diluted EPS": -0.13,
        "Total Revenue": 2,
        "Gross Profit": 2,
        "Operating Income": -8,
        "EBIT": -7,
        "Net Income": -8
    },
    "2014-06-30": {
        "Diluted EPS": -0.13,
        "Total Revenue": 3,
        "Gross Profit": 3,
        "Operating Income": -8,
        "EBIT": -8,
        "Net Income": -8
    },
    "2014-03-31": {
        "Diluted EPS": -0.01,
        "Total Revenue": 1,
        "Gross Profit": 1,
        "Operating Income": -10,
        "EBIT": -10,
        "Net Income": 0
    },
    "2013-12-31": {
        "Diluted EPS": -0.13,
        "Total Revenue": 0,
        "Gross Profit": 0,
        "Operating Income": -6,
        "EBIT": -6,
        "Net Income": -6
    },
    "2013-09-30": {
        "Diluted EPS": -0.24,
        "Total Revenue": 1,
        "Gross Profit": 1,
        "Operating Income": -7,
        "EBIT": -7,
        "Net Income": -7
    },
    "2013-06-30": {
        "Diluted EPS": -0.4,
        "Total Revenue": 1,
        "Gross Profit": 1,
        "Operating Income": -7,
        "EBIT": -7,
        "Net Income": -11
    },
    "2013-03-31": {
        "Diluted EPS": -0.35,
        "Total Revenue": 1,
        "Gross Profit": 1,
        "Operating Income": -5,
        "EBIT": -4,
        "Net Income": -9
    },
    "2012-12-31": {
        "Diluted EPS": -0.25,
        "Total Revenue": 1,
        "Gross Profit": 1,
        "Operating Income": -4,
        "EBIT": -4,
        "Net Income": -6
    },
    "2012-09-30": {
        "Diluted EPS": -0.24,
        "Total Revenue": 1,
        "Gross Profit": 1,
        "Operating Income": -5,
        "EBIT": -4,
        "Net Income": -6
    },
    "2012-06-30": {
        "Diluted EPS": -0.31,
        "Total Revenue": 1,
        "Gross Profit": 0,
        "Operating Income": -6,
        "EBIT": -5,
        "Net Income": -7
    },
    "2012-03-31": {
        "Diluted EPS": 0.29,
        "Total Revenue": 13,
        "Gross Profit": 13,
        "Operating Income": 8,
        "EBIT": 8,
        "Net Income": 7
    },
    "2011-12-31": {
        "Diluted EPS": -0.29,
        "Total Revenue": 1,
        "Gross Profit": 1,
        "Operating Income": -5,
        "EBIT": -4,
        "Net Income": -6
    },
    "2011-09-30": {
        "Diluted EPS": -0.28,
        "Total Revenue": 1,
        "Gross Profit": 1,
        "Operating Income": -4,
        "EBIT": -4,
        "Net Income": -6
    },
    "2011-06-30": {
        "Diluted EPS": -0.31,
        "Total Revenue": 1,
        "Gross Profit": 1,
        "Operating Income": -5,
        "EBIT": -4,
        "Net Income": -6
    },
    "2011-03-31": {
        "Diluted EPS": -0.33,
        "Total Revenue": 1,
        "Gross Profit": 1,
        "Operating Income": -5,
        "EBIT": -4,
        "Net Income": -6
    },
    "2010-12-31": {
        "Diluted EPS": -0.15,
        "Total Revenue": 1,
        "Gross Profit": 1,
        "Operating Income": -5,
        "EBIT": -4,
        "Net Income": -3
    },
    "2010-09-30": {
        "Diluted EPS": -0.36,
        "Total Revenue": 1,
        "Gross Profit": 1,
        "Operating Income": -5,
        "EBIT": -4,
        "Net Income": -6
    },
    "2010-06-30": {
        "Diluted EPS": -0.3,
        "Total Revenue": 1,
        "Gross Profit": 1,
        "Operating Income": -5,
        "EBIT": -4,
        "Net Income": -5
    },
    "2010-03-31": {
        "Diluted EPS": -0.6,
        "Total Revenue": 1,
        "Gross Profit": 1,
        "Operating Income": -7,
        "EBIT": -6,
        "Net Income": -9
    },
    "2009-12-31": {
        "Diluted EPS": 0.28,
        "Total Revenue": 1,
        "Gross Profit": 1,
        "Operating Income": -5,
        "EBIT": -4,
        "Net Income": 2
    },
    "2009-09-30": {
        "Diluted EPS": -0.78,
        "Total Revenue": 1,
        "Gross Profit": 1,
        "Operating Income": -6,
        "EBIT": -5,
        "Net Income": -11
    },
    "2009-06-30": {
        "Diluted EPS": -1.02,
        "Total Revenue": 1,
        "Gross Profit": 1,
        "Operating Income": -8,
        "EBIT": -7,
        "Net Income": -12
    },
    "2009-03-31": {
        "Diluted EPS": -0.84,
        "Total Revenue": 1,
        "Gross Profit": 1,
        "Operating Income": -8,
        "EBIT": -7,
        "Net Income": -10
    },
    "2023-06-30": {
        "Tax Effect Of Unusual Items": NaN,
        "Tax Rate For Calcs": NaN,
        "Normalized EBITDA": NaN,
        "Total Unusual Items": NaN,
        "Total Unusual Items Excluding Goodwill": NaN,
        "Net Income From Continuing Operation Net Minority Interest": NaN,
        "Reconciled Depreciation": NaN,
        "Reconciled Cost Of Revenue": NaN,
        "EBITDA": NaN,
        "EBIT": NaN,
        "Net Interest Income": NaN,
        "Interest Expense": NaN,
        "Normalized Income": NaN,
        "Net Income From Continuing And Discontinued Operation": NaN,
        "Total Expenses": NaN,
        "Total Operating Income As Reported": NaN,
        "Diluted Average Shares": 17569000.0,
        "Basic Average Shares": 17569000.0,
        "Diluted EPS": -3.93,
        "Basic EPS": -3.93,
        "Diluted NI Availto Com Stockholders": NaN,
        "Net Income Common Stockholders": NaN,
        "Preferred Stock Dividends": NaN,
        "Net Income": NaN,
        "Minority Interests": NaN,
        "Net Income Including Noncontrolling Interests": NaN,
        "Net Income Continuous Operations": NaN,
        "Pretax Income": NaN,
        "Other Income Expense": NaN,
        "Other Non Operating Income Expenses": NaN,
        "Special Income Charges": -8000.0,
        "Restructuring And Mergern Acquisition": 8000.0,
        "Gain On Sale Of Security": NaN,
        "Net Non Operating Interest Income Expense": NaN,
        "Interest Expense Non Operating": NaN,
        "Operating Income": NaN,
        "Operating Expense": NaN,
        "Selling General And Administration": NaN,
        "General And Administrative Expense": NaN,
        "Other Gand A": NaN,
        "Salaries And Wages": 4386000.0,
        "Gross Profit": NaN,
        "Cost Of Revenue": NaN,
        "Total Revenue": NaN,
        "Operating Revenue": NaN
    },
    "2023-09-30": {
        "Tax Effect Of Unusual Items": NaN,
        "Tax Rate For Calcs": NaN,
        "Normalized EBITDA": NaN,
        "Total Unusual Items": NaN,
        "Total Unusual Items Excluding Goodwill": NaN,
        "Net Income From Continuing Operation Net Minority Interest": NaN,
        "Reconciled Depreciation": NaN,
        "Reconciled Cost Of Revenue": NaN,
        "EBITDA": NaN,
        "EBIT": NaN,
        "Net Interest Income": NaN,
        "Interest Expense": NaN,
        "Normalized Income": NaN,
        "Net Income From Continuing And Discontinued Operation": NaN,
        "Total Expenses": NaN,
        "Total Operating Income As Reported": NaN,
        "Diluted Average Shares": 18908000.0,
        "Basic Average Shares": 18908000.0,
        "Diluted EPS": -3.29,
        "Basic EPS": -3.29,
        "Diluted NI Availto Com Stockholders": NaN,
        "Net Income Common Stockholders": NaN,
        "Preferred Stock Dividends": NaN,
        "Net Income": NaN,
        "Minority Interests": NaN,
        "Net Income Including Noncontrolling Interests": NaN,
        "Net Income Continuous Operations": NaN,
        "Pretax Income": NaN,
        "Other Income Expense": NaN,
        "Other Non Operating Income Expenses": NaN,
        "Special Income Charges": 0.0,
        "Restructuring And Mergern Acquisition": 0.0,
        "Gain On Sale Of Security": NaN,
        "Net Non Operating Interest Income Expense": NaN,
        "Interest Expense Non Operating": NaN,
        "Operating Income": NaN,
        "Operating Expense": NaN,
        "Selling General And Administration": NaN,
        "General And Administrative Expense": NaN,
        "Other Gand A": NaN,
        "Gross Profit": NaN,
        "Cost Of Revenue": NaN,
        "Total Revenue": NaN,
        "Operating Revenue": NaN
    },
    "2023-12-31": {
        "Tax Effect Of Unusual Items": NaN,
        "Tax Rate For Calcs": NaN,
        "Normalized EBITDA": NaN,
        "Total Unusual Items": NaN,
        "Total Unusual Items Excluding Goodwill": NaN,
        "Net Income From Continuing Operation Net Minority Interest": NaN,
        "Reconciled Depreciation": NaN,
        "Reconciled Cost Of Revenue": NaN,
        "EBITDA": NaN,
        "EBIT": NaN,
        "Net Interest Income": NaN,
        "Interest Expense": NaN,
        "Normalized Income": NaN,
        "Net Income From Continuing And Discontinued Operation": NaN,
        "Total Expenses": NaN,
        "Total Operating Income As Reported": NaN,
        "Diluted Average Shares": NaN,
        "Basic Average Shares": NaN,
        "Diluted EPS": NaN,
        "Basic EPS": NaN,
        "Diluted NI Availto Com Stockholders": NaN,
        "Net Income Common Stockholders": NaN,
        "Preferred Stock Dividends": NaN,
        "Net Income": NaN,
        "Minority Interests": NaN,
        "Net Income Including Noncontrolling Interests": NaN,
        "Net Income Continuous Operations": NaN,
        "Pretax Income": NaN,
        "Other Income Expense": NaN,
        "Other Non Operating Income Expenses": NaN,
        "Special Income Charges": 158000.0,
        "Restructuring And Mergern Acquisition": -158000.0,
        "Gain On Sale Of Security": NaN,
        "Net Non Operating Interest Income Expense": NaN,
        "Interest Expense Non Operating": NaN,
        "Operating Income": NaN,
        "Operating Expense": NaN,
        "Selling General And Administration": NaN,
        "General And Administrative Expense": NaN,
        "Other Gand A": NaN,
        "Gross Profit": NaN,
        "Cost Of Revenue": NaN,
        "Total Revenue": NaN,
        "Operating Revenue": NaN
    },
    "2024-03-31": {
        "Tax Effect Of Unusual Items": NaN,
        "Tax Rate For Calcs": NaN,
        "Normalized EBITDA": NaN,
        "Total Unusual Items": 0.0,
        "Total Unusual Items Excluding Goodwill": 0.0,
        "Net Income From Continuing Operation Net Minority Interest": NaN,
        "Reconciled Depreciation": NaN,
        "Reconciled Cost Of Revenue": NaN,
        "EBITDA": NaN,
        "EBIT": NaN,
        "Net Interest Income": NaN,
        "Interest Expense": NaN,
        "Normalized Income": NaN,
        "Net Income From Continuing And Discontinued Operation": NaN,
        "Total Expenses": NaN,
        "Total Operating Income As Reported": NaN,
        "Diluted Average Shares": 20368000.0,
        "Basic Average Shares": 20368000.0,
        "Diluted EPS": -3.04,
        "Basic EPS": -3.04,
        "Diluted NI Availto Com Stockholders": NaN,
        "Net Income Common Stockholders": NaN,
        "Preferred Stock Dividends": NaN,
        "Net Income": NaN,
        "Minority Interests": NaN,
        "Net Income Including Noncontrolling Interests": NaN,
        "Net Income Continuous Operations": NaN,
        "Pretax Income": NaN,
        "Other Income Expense": NaN,
        "Other Non Operating Income Expenses": NaN,
        "Special Income Charges": 0.0,
        "Restructuring And Mergern Acquisition": 0.0,
        "Gain On Sale Of Security": NaN,
        "Net Non Operating Interest Income Expense": NaN,
        "Interest Expense Non Operating": NaN,
        "Operating Income": NaN,
        "Operating Expense": NaN,
        "Selling General And Administration": NaN,
        "General And Administrative Expense": NaN,
        "Other Gand A": NaN,
        "Gross Profit": NaN,
        "Cost Of Revenue": NaN,
        "Total Revenue": NaN,
        "Operating Revenue": NaN
    },
    "2024-06-30": {
        "Tax Effect Of Unusual Items": 0.0,
        "Tax Rate For Calcs": 0.0,
        "Normalized EBITDA": -19689000.0,
        "Total Unusual Items": 0.0,
        "Total Unusual Items Excluding Goodwill": 0.0,
        "Net Income From Continuing Operation Net Minority Interest": -53081000.0,
        "Reconciled Depreciation": 3363000.0,
        "Reconciled Cost Of Revenue": 36886000.0,
        "EBITDA": -19689000.0,
        "EBIT": -23052000.0,
        "Net Interest Income": -31745000.0,
        "Interest Expense": 31745000.0,
        "Normalized Income": -53081000.0,
        "Net Income From Continuing And Discontinued Operation": -53081000.0,
        "Total Expenses": 53702000.0,
        "Total Operating Income As Reported": -30193000.0,
        "Diluted Average Shares": 21062000.0,
        "Basic Average Shares": 21062000.0,
        "Diluted EPS": -2.52,
        "Basic EPS": -2.52,
        "Diluted NI Availto Com Stockholders": -53135000.0,
        "Net Income Common Stockholders": -53135000.0,
        "Preferred Stock Dividends": 54000.0,
        "Net Income": -53081000.0,
        "Minority Interests": 1716000.0,
        "Net Income Including Noncontrolling Interests": -54797000.0,
        "Net Income Continuous Operations": -54797000.0,
        "Pretax Income": -54797000.0,
        "Other Income Expense": 7141000.0,
        "Other Non Operating Income Expenses": 7141000.0,
        "Special Income Charges": 0.0,
        "Restructuring And Mergern Acquisition": 0.0,
        "Gain On Sale Of Security": NaN,
        "Net Non Operating Interest Income Expense": -31745000.0,
        "Interest Expense Non Operating": 31745000.0,
        "Operating Income": -30193000.0,
        "Operating Expense": 16816000.0,
        "Selling General And Administration": 16816000.0,
        "General And Administrative Expense": 16816000.0,
        "Other Gand A": 16816000.0,
        "Gross Profit": -13377000.0,
        "Cost Of Revenue": 36886000.0,
        "Total Revenue": 23509000.0,
        "Operating Revenue": 927000.0
    },
    "2024-09-30": {
        "Tax Effect Of Unusual Items": 0.0,
        "Tax Rate For Calcs": 0.0,
        "Normalized EBITDA": -30002000.0,
        "Total Unusual Items": 1863000.0,
        "Total Unusual Items Excluding Goodwill": 1863000.0,
        "Net Income From Continuing Operation Net Minority Interest": -66386000.0,
        "Reconciled Depreciation": 3346000.0,
        "Reconciled Cost Of Revenue": 41204000.0,
        "EBITDA": -28139000.0,
        "EBIT": -31485000.0,
        "Net Interest Income": -35729000.0,
        "Interest Expense": 35729000.0,
        "Normalized Income": -68249000.0,
        "Net Income From Continuing And Discontinued Operation": -66386000.0,
        "Total Expenses": 58479000.0,
        "Total Operating Income As Reported": -31504000.0,
        "Diluted Average Shares": 21550000.0,
        "Basic Average Shares": 21550000.0,
        "Diluted EPS": -3.08,
        "Basic EPS": -3.08,
        "Diluted NI Availto Com Stockholders": -66440000.0,
        "Net Income Common Stockholders": -66440000.0,
        "Preferred Stock Dividends": 54000.0,
        "Net Income": -66386000.0,
        "Minority Interests": 828000.0,
        "Net Income Including Noncontrolling Interests": -67214000.0,
        "Net Income Continuous Operations": -67214000.0,
        "Pretax Income": -67214000.0,
        "Other Income Expense": 1882000.0,
        "Other Non Operating Income Expenses": 19000.0,
        "Special Income Charges": NaN,
        "Restructuring And Mergern Acquisition": NaN,
        "Gain On Sale Of Security": 1863000.0,
        "Net Non Operating Interest Income Expense": -35729000.0,
        "Interest Expense Non Operating": 35729000.0,
        "Operating Income": -33367000.0,
        "Operating Expense": 17275000.0,
        "Selling General And Administration": 17275000.0,
        "General And Administrative Expense": 17275000.0,
        "Other Gand A": 17275000.0,
        "Gross Profit": -16092000.0,
        "Cost Of Revenue": 41204000.0,
        "Total Revenue": 25112000.0,
        "Operating Revenue": 454000.0
    },
    "2024-12-31": {
        "Tax Effect Of Unusual Items": 0.0,
        "Tax Rate For Calcs": 0.0,
        "Normalized EBITDA": -24951000.0,
        "Total Unusual Items": 2091000.0,
        "Total Unusual Items Excluding Goodwill": 2091000.0,
        "Net Income From Continuing Operation Net Minority Interest": -45859000.0,
        "Reconciled Depreciation": 3260000.0,
        "Reconciled Cost Of Revenue": 33893000.0,
        "EBITDA": -22860000.0,
        "EBIT": -26120000.0,
        "Net Interest Income": -20686000.0,
        "Interest Expense": 20686000.0,
        "Normalized Income": -47950000.0,
        "Net Income From Continuing And Discontinued Operation": -45859000.0,
        "Total Expenses": 54824000.0,
        "Total Operating Income As Reported": -25896000.0,
        "Diluted Average Shares": NaN,
        "Basic Average Shares": NaN,
        "Diluted EPS": NaN,
        "Basic EPS": NaN,
        "Diluted NI Availto Com Stockholders": -45913000.0,
        "Net Income Common Stockholders": -45913000.0,
        "Preferred Stock Dividends": 54000.0,
        "Net Income": -45859000.0,
        "Minority Interests": 947000.0,
        "Net Income Including Noncontrolling Interests": -46806000.0,
        "Net Income Continuous Operations": -46806000.0,
        "Pretax Income": -46806000.0,
        "Other Income Expense": 1867000.0,
        "Other Non Operating Income Expenses": -224000.0,
        "Special Income Charges": NaN,
        "Restructuring And Mergern Acquisition": NaN,
        "Gain On Sale Of Security": NaN,
        "Net Non Operating Interest Income Expense": -20686000.0,
        "Interest Expense Non Operating": 20686000.0,
        "Operating Income": -27987000.0,
        "Operating Expense": 20931000.0,
        "Selling General And Administration": 20931000.0,
        "General And Administrative Expense": 20931000.0,
        "Other Gand A": 20931000.0,
        "Gross Profit": -7056000.0,
        "Cost Of Revenue": 33893000.0,
        "Total Revenue": 26837000.0,
        "Operating Revenue": 865000.0
    },
    "2025-03-31": {
        "Tax Effect Of Unusual Items": 0.0,
        "Tax Rate For Calcs": 0.0,
        "Normalized EBITDA": -10372000.0,
        "Total Unusual Items": NaN,
        "Total Unusual Items Excluding Goodwill": NaN,
        "Net Income From Continuing Operation Net Minority Interest": -25266000.0,
        "Reconciled Depreciation": 3203000.0,
        "Reconciled Cost Of Revenue": 21659000.0,
        "EBITDA": -10372000.0,
        "EBIT": -13575000.0,
        "Net Interest Income": -12795000.0,
        "Interest Expense": 12795000.0,
        "Normalized Income": -25266000.0,
        "Net Income From Continuing And Discontinued Operation": -25266000.0,
        "Total Expenses": 37377000.0,
        "Total Operating Income As Reported": -13311000.0,
        "Diluted Average Shares": 24469000.0,
        "Basic Average Shares": 24469000.0,
        "Diluted EPS": -1.03,
        "Basic EPS": -1.03,
        "Diluted NI Availto Com Stockholders": -25320000.0,
        "Net Income Common Stockholders": -25320000.0,
        "Preferred Stock Dividends": 54000.0,
        "Net Income": -25266000.0,
        "Minority Interests": 1104000.0,
        "Net Income Including Noncontrolling Interests": -26370000.0,
        "Net Income Continuous Operations": -26370000.0,
        "Pretax Income": -26370000.0,
        "Other Income Expense": -264000.0,
        "Other Non Operating Income Expenses": -264000.0,
        "Special Income Charges": NaN,
        "Restructuring And Mergern Acquisition": NaN,
        "Gain On Sale Of Security": NaN,
        "Net Non Operating Interest Income Expense": -12795000.0,
        "Interest Expense Non Operating": 12795000.0,
        "Operating Income": -13311000.0,
        "Operating Expense": 15718000.0,
        "Selling General And Administration": 15718000.0,
        "General And Administrative Expense": 15718000.0,
        "Other Gand A": 15718000.0,
        "Gross Profit": 2407000.0,
        "Cost Of Revenue": 21659000.0,
        "Total Revenue": 24066000.0,
        "Operating Revenue": 510000.0
    },
    "2025-06-30": {
        "Tax Effect Of Unusual Items": 0.0,
        "Tax Rate For Calcs": 0.0,
        "Normalized EBITDA": -13624000.0,
        "Total Unusual Items": 69000.0,
        "Total Unusual Items Excluding Goodwill": 69000.0,
        "Net Income From Continuing Operation Net Minority Interest": -27955000.0,
        "Reconciled Depreciation": 3168000.0,
        "Reconciled Cost Of Revenue": 26953000.0,
        "EBITDA": -13555000.0,
        "EBIT": -16723000.0,
        "Net Interest Income": -13289000.0,
        "Interest Expense": 13289000.0,
        "Normalized Income": -28024000.0,
        "Net Income From Continuing And Discontinued Operation": -27955000.0,
        "Total Expenses": 42471000.0,
        "Total Operating Income As Reported": -16711000.0,
        "Diluted Average Shares": 28117000.0,
        "Basic Average Shares": 28117000.0,
        "Diluted EPS": -1.0,
        "Basic EPS": -1.0,
        "Diluted NI Availto Com Stockholders": -28009000.0,
        "Net Income Common Stockholders": -28009000.0,
        "Preferred Stock Dividends": 54000.0,
        "Net Income": -27955000.0,
        "Minority Interests": 2057000.0,
        "Net Income Including Noncontrolling Interests": -30012000.0,
        "Net Income Continuous Operations": -30012000.0,
        "Pretax Income": -30012000.0,
        "Other Income Expense": 57000.0,
        "Other Non Operating Income Expenses": -12000.0,
        "Special Income Charges": NaN,
        "Restructuring And Mergern Acquisition": NaN,
        "Gain On Sale Of Security": 69000.0,
        "Net Non Operating Interest Income Expense": -13289000.0,
        "Interest Expense Non Operating": 13289000.0,
        "Operating Income": -16780000.0,
        "Operating Expense": 15518000.0,
        "Selling General And Administration": 15518000.0,
        "General And Administrative Expense": 15518000.0,
        "Other Gand A": 15518000.0,
        "Gross Profit": -1262000.0,
        "Cost Of Revenue": 26953000.0,
        "Total Revenue": 25691000.0,
        "Operating Revenue": 860000.0
    }
}