{
    "2023-03-31": {
        "Tax Effect Of Unusual Items": NaN,
        "Tax Rate For Calcs": NaN,
        "Normalized EBITDA": NaN,
        "Total Unusual Items": NaN,
        "Total Unusual Items Excluding Goodwill": NaN,
        "Net Income From Continuing Operation Net Minority Interest": NaN,
        "Reconciled Depreciation": NaN,
        "Reconciled Cost Of Revenue": NaN,
        "EBITDA": NaN,
        "EBIT": NaN,
        "Net Interest Income": NaN,
        "Interest Expense": NaN,
        "Normalized Income": NaN,
        "Net Income From Continuing And Discontinued Operation": NaN,
        "Total Expenses": NaN,
        "Rent Expense Supplemental": NaN,
        "Total Operating Income As Reported": NaN,
        "Diluted Average Shares": 474573.0,
        "Basic Average Shares": 474573.0,
        "Diluted EPS": -3.62,
        "Basic EPS": -3.62,
        "Diluted NI Availto Com Stockholders": NaN,
        "Net Income Common Stockholders": NaN,
        "Net Income": NaN,
        "Net Income Including Noncontrolling Interests": NaN,
        "Net Income Continuous Operations": NaN,
        "Pretax Income": NaN,
        "Other Income Expense": NaN,
        "Other Non Operating Income Expenses": NaN,
        "Special Income Charges": NaN,
        "Other Special Charges": NaN,
        "Write Off": NaN,
        "Gain On Sale Of Security": NaN,
        "Net Non Operating Interest Income Expense": NaN,
        "Interest Expense Non Operating": NaN,
        "Operating Income": NaN,
        "Operating Expense": NaN,
        "Other Operating Expenses": NaN,
        "Depreciation Amortization Depletion Income Statement": NaN,
        "Depreciation And Amortization In Income Statement": NaN,
        "Research And Development": NaN,
        "Selling General And Administration": NaN,
        "Selling And Marketing Expense": NaN,
        "General And Administrative Expense": NaN,
        "Other Gand A": NaN,
        "Rent And Landing Fees": NaN,
        "Salaries And Wages": NaN,
        "Gross Profit": NaN,
        "Cost Of Revenue": NaN,
        "Total Revenue": NaN,
        "Operating Revenue": NaN
    },
    "2022-12-31": {
        "Tax Effect Of Unusual Items": NaN,
        "Tax Rate For Calcs": NaN,
        "Normalized EBITDA": NaN,
        "Total Unusual Items": NaN,
        "Total Unusual Items Excluding Goodwill": NaN,
        "Net Income From Continuing Operation Net Minority Interest": NaN,
        "Reconciled Depreciation": NaN,
        "Reconciled Cost Of Revenue": NaN,
        "EBITDA": NaN,
        "EBIT": NaN,
        "Net Interest Income": NaN,
        "Interest Expense": NaN,
        "Normalized Income": NaN,
        "Net Income From Continuing And Discontinued Operation": NaN,
        "Total Expenses": NaN,
        "Rent Expense Supplemental": NaN,
        "Total Operating Income As Reported": NaN,
        "Diluted Average Shares": NaN,
        "Basic Average Shares": NaN,
        "Diluted EPS": NaN,
        "Basic EPS": NaN,
        "Diluted NI Availto Com Stockholders": NaN,
        "Net Income Common Stockholders": NaN,
        "Net Income": NaN,
        "Net Income Including Noncontrolling Interests": NaN,
        "Net Income Continuous Operations": NaN,
        "Pretax Income": NaN,
        "Other Income Expense": NaN,
        "Other Non Operating Income Expenses": NaN,
        "Special Income Charges": NaN,
        "Other Special Charges": NaN,
        "Write Off": NaN,
        "Gain On Sale Of Security": NaN,
        "Net Non Operating Interest Income Expense": NaN,
        "Interest Expense Non Operating": NaN,
        "Operating Income": NaN,
        "Operating Expense": NaN,
        "Other Operating Expenses": NaN,
        "Depreciation Amortization Depletion Income Statement": NaN,
        "Depreciation And Amortization In Income Statement": NaN,
        "Depreciation Income Statement": 6707.0,
        "Research And Development": NaN,
        "Selling General And Administration": NaN,
        "Selling And Marketing Expense": NaN,
        "General And Administrative Expense": NaN,
        "Other Gand A": NaN,
        "Rent And Landing Fees": NaN,
        "Salaries And Wages": NaN,
        "Gross Profit": NaN,
        "Cost Of Revenue": NaN,
        "Total Revenue": NaN,
        "Operating Revenue": NaN
    },
    "2022-09-30": {
        "Tax Effect Of Unusual Items": NaN,
        "Tax Rate For Calcs": NaN,
        "Normalized EBITDA": NaN,
        "Total Unusual Items": NaN,
        "Total Unusual Items Excluding Goodwill": NaN,
        "Net Income From Continuing Operation Net Minority Interest": NaN,
        "Reconciled Depreciation": NaN,
        "EBITDA": NaN,
        "EBIT": NaN,
        "Net Interest Income": NaN,
        "Interest Expense": NaN,
        "Normalized Income": NaN,
        "Net Income From Continuing And Discontinued Operation": NaN,
        "Total Expenses": NaN,
        "Rent Expense Supplemental": NaN,
        "Total Operating Income As Reported": NaN,
        "Diluted Average Shares": 408702.0,
        "Basic Average Shares": 408702.0,
        "Diluted EPS": -8.31,
        "Basic EPS": -8.31,
        "Diluted NI Availto Com Stockholders": NaN,
        "Net Income Common Stockholders": NaN,
        "Net Income": NaN,
        "Net Income Including Noncontrolling Interests": NaN,
        "Net Income Continuous Operations": NaN,
        "Pretax Income": NaN,
        "Other Income Expense": NaN,
        "Other Non Operating Income Expenses": NaN,
        "Special Income Charges": NaN,
        "Other Special Charges": NaN,
        "Write Off": NaN,
        "Gain On Sale Of Security": NaN,
        "Net Non Operating Interest Income Expense": NaN,
        "Interest Expense Non Operating": NaN,
        "Operating Income": NaN,
        "Operating Expense": NaN,
        "Other Operating Expenses": NaN,
        "Depreciation Amortization Depletion Income Statement": NaN,
        "Depreciation And Amortization In Income Statement": NaN,
        "Depreciation Income Statement": 6714.0,
        "Research And Development": NaN,
        "Selling General And Administration": NaN,
        "Selling And Marketing Expense": NaN,
        "General And Administrative Expense": NaN,
        "Other Gand A": NaN,
        "Rent And Landing Fees": NaN,
        "Salaries And Wages": NaN,
        "Total Revenue": NaN,
        "Operating Revenue": NaN
    },
    "2022-06-30": {
        "Tax Effect Of Unusual Items": 0.0,
        "Tax Rate For Calcs": 0.0,
        "Normalized EBITDA": -4169050.0,
        "Total Unusual Items": 778976.0,
        "Total Unusual Items Excluding Goodwill": 778976.0,
        "Net Income From Continuing Operation Net Minority Interest": -3442585.0,
        "Reconciled Depreciation": 52511.0,
        "EBITDA": -3390074.0,
        "EBIT": -3442585.0,
        "Net Interest Income": 0.0,
        "Interest Expense": 0.0,
        "Normalized Income": -4221561.0,
        "Net Income From Continuing And Discontinued Operation": -3442585.0,
        "Total Expenses": 4221561.0,
        "Rent Expense Supplemental": 78498.0,
        "Total Operating Income As Reported": -4221561.0,
        "Diluted Average Shares": 16518480.0,
        "Basic Average Shares": 16518480.0,
        "Diluted EPS": -0.21,
        "Basic EPS": -0.21,
        "Diluted NI Availto Com Stockholders": -3442585.0,
        "Net Income Common Stockholders": -3442585.0,
        "Net Income": -3442585.0,
        "Net Income Including Noncontrolling Interests": -3442585.0,
        "Net Income Continuous Operations": -3442585.0,
        "Pretax Income": -3442585.0,
        "Other Income Expense": 778976.0,
        "Other Non Operating Income Expenses": NaN,
        "Special Income Charges": 0.0,
        "Other Special Charges": NaN,
        "Write Off": NaN,
        "Gain On Sale Of Security": 778976.0,
        "Net Non Operating Interest Income Expense": 0.0,
        "Interest Expense Non Operating": 0.0,
        "Operating Income": -4221561.0,
        "Operating Expense": 4221561.0,
        "Other Operating Expenses": 89694.0,
        "Depreciation Amortization Depletion Income Statement": 5465.0,
        "Depreciation And Amortization In Income Statement": 5465.0,
        "Depreciation Income Statement": 5465.0,
        "Research And Development": 30329.0,
        "Selling General And Administration": 4096073.0,
        "Selling And Marketing Expense": 59757.0,
        "General And Administrative Expense": 4036316.0,
        "Other Gand A": 2541925.0,
        "Rent And Landing Fees": 78498.0,
        "Salaries And Wages": 1415893.0,
        "Total Revenue": 0.0,
        "Operating Revenue": 0.0
    },
    "2022-03-31": {
        "Diluted EPS": -0.22,
        "Total Revenue": NaN,
        "Gross Profit": NaN,
        "Operating Income": -3,
        "EBIT": -3,
        "Net Income": -3
    },
    "2021-12-31": {
        "Diluted EPS": -0.22,
        "Total Revenue": NaN,
        "Gross Profit": NaN,
        "Operating Income": -3,
        "EBIT": -3,
        "Net Income": -3
    },
    "2021-09-30": {
        "Diluted EPS": -0.14,
        "Total Revenue": NaN,
        "Gross Profit": NaN,
        "Operating Income": -2,
        "EBIT": -2,
        "Net Income": -2
    },
    "2021-06-30": {
        "Diluted EPS": -0.2,
        "Total Revenue": NaN,
        "Gross Profit": NaN,
        "Operating Income": -1,
        "EBIT": -1,
        "Net Income": -2
    },
    "2021-03-31": {
        "Diluted EPS": -0.1,
        "Total Revenue": NaN,
        "Gross Profit": NaN,
        "Operating Income": -1,
        "EBIT": -1,
        "Net Income": -1
    },
    "2020-12-31": {
        "Diluted EPS": 0.0,
        "Total Revenue": NaN,
        "Gross Profit": NaN,
        "Operating Income": NaN,
        "EBIT": NaN,
        "Net Income": NaN
    },
    "2020-09-30": {
        "Diluted EPS": -0.12,
        "Total Revenue": NaN,
        "Gross Profit": NaN,
        "Operating Income": -1,
        "EBIT": -1,
        "Net Income": -1
    },
    "2020-06-30": {
        "Diluted EPS": -0.14,
        "Total Revenue": NaN,
        "Gross Profit": NaN,
        "Operating Income": -1,
        "EBIT": -1,
        "Net Income": -1
    },
    "2019-12-31": {
        "Diluted EPS": 0.0,
        "Total Revenue": NaN,
        "Gross Profit": NaN,
        "Operating Income": NaN,
        "EBIT": NaN,
        "Net Income": NaN
    },
    "2023-06-30": {
        "Tax Effect Of Unusual Items": NaN,
        "Tax Rate For Calcs": NaN,
        "Normalized EBITDA": NaN,
        "Total Unusual Items": NaN,
        "Total Unusual Items Excluding Goodwill": NaN,
        "Net Income From Continuing Operation Net Minority Interest": NaN,
        "Reconciled Depreciation": NaN,
        "Reconciled Cost Of Revenue": 0.0,
        "EBITDA": NaN,
        "EBIT": NaN,
        "Net Interest Income": NaN,
        "Interest Expense": NaN,
        "Normalized Income": NaN,
        "Net Income From Continuing And Discontinued Operation": NaN,
        "Total Expenses": NaN,
        "Rent Expense Supplemental": NaN,
        "Total Operating Income As Reported": NaN,
        "Diluted Average Shares": 499461.0,
        "Basic Average Shares": 499461.0,
        "Diluted EPS": -5.06,
        "Basic EPS": -5.06,
        "Diluted NI Availto Com Stockholders": NaN,
        "Net Income Common Stockholders": NaN,
        "Net Income": NaN,
        "Net Income Including Noncontrolling Interests": NaN,
        "Net Income Continuous Operations": NaN,
        "Pretax Income": NaN,
        "Other Income Expense": NaN,
        "Other Non Operating Income Expenses": NaN,
        "Special Income Charges": NaN,
        "Other Special Charges": NaN,
        "Write Off": NaN,
        "Impairment Of Capital Assets": NaN,
        "Gain On Sale Of Security": NaN,
        "Net Non Operating Interest Income Expense": NaN,
        "Interest Expense Non Operating": NaN,
        "Operating Income": NaN,
        "Operating Expense": NaN,
        "Other Operating Expenses": NaN,
        "Depreciation Amortization Depletion Income Statement": NaN,
        "Depreciation And Amortization In Income Statement": NaN,
        "Research And Development": NaN,
        "Selling General And Administration": NaN,
        "Selling And Marketing Expense": NaN,
        "General And Administrative Expense": NaN,
        "Other Gand A": NaN,
        "Rent And Landing Fees": NaN,
        "Salaries And Wages": NaN,
        "Gross Profit": 0.0,
        "Cost Of Revenue": 0.0,
        "Total Revenue": NaN,
        "Operating Revenue": NaN
    },
    "2023-09-30": {
        "Tax Effect Of Unusual Items": NaN,
        "Tax Rate For Calcs": NaN,
        "Normalized EBITDA": NaN,
        "Total Unusual Items": NaN,
        "Total Unusual Items Excluding Goodwill": NaN,
        "Net Income From Continuing Operation Net Minority Interest": NaN,
        "Reconciled Depreciation": NaN,
        "Reconciled Cost Of Revenue": NaN,
        "EBITDA": NaN,
        "EBIT": NaN,
        "Net Interest Income": NaN,
        "Interest Expense": NaN,
        "Normalized Income": NaN,
        "Net Income From Continuing And Discontinued Operation": NaN,
        "Total Expenses": NaN,
        "Rent Expense Supplemental": NaN,
        "Total Operating Income As Reported": NaN,
        "Diluted Average Shares": 8671.0,
        "Basic Average Shares": 8671.0,
        "Diluted EPS": -403.0,
        "Basic EPS": -403.0,
        "Diluted NI Availto Com Stockholders": NaN,
        "Net Income Common Stockholders": NaN,
        "Net Income": NaN,
        "Net Income Including Noncontrolling Interests": NaN,
        "Net Income Continuous Operations": NaN,
        "Pretax Income": NaN,
        "Other Income Expense": NaN,
        "Other Non Operating Income Expenses": NaN,
        "Special Income Charges": NaN,
        "Other Special Charges": NaN,
        "Write Off": NaN,
        "Impairment Of Capital Assets": 0.0,
        "Restructuring And Mergern Acquisition": NaN,
        "Gain On Sale Of Security": NaN,
        "Net Non Operating Interest Income Expense": NaN,
        "Interest Expense Non Operating": NaN,
        "Operating Income": NaN,
        "Operating Expense": NaN,
        "Other Operating Expenses": NaN,
        "Depreciation Amortization Depletion Income Statement": NaN,
        "Depreciation And Amortization In Income Statement": NaN,
        "Research And Development": NaN,
        "Selling General And Administration": NaN,
        "Selling And Marketing Expense": NaN,
        "General And Administrative Expense": NaN,
        "Other Gand A": NaN,
        "Rent And Landing Fees": NaN,
        "Salaries And Wages": NaN,
        "Gross Profit": NaN,
        "Cost Of Revenue": NaN,
        "Total Revenue": NaN,
        "Operating Revenue": NaN
    },
    "2023-12-31": {
        "Tax Effect Of Unusual Items": 0.0,
        "Tax Rate For Calcs": 0.0,
        "Normalized EBITDA": -1740152.0,
        "Total Unusual Items": -167746.0,
        "Total Unusual Items Excluding Goodwill": -167746.0,
        "Net Income From Continuing Operation Net Minority Interest": -3993132.0,
        "Reconciled Depreciation": 167149.0,
        "Reconciled Cost Of Revenue": NaN,
        "EBITDA": -1907898.0,
        "EBIT": -2075047.0,
        "Net Interest Income": -1918085.0,
        "Interest Expense": 1918085.0,
        "Normalized Income": -3825386.0,
        "Net Income From Continuing And Discontinued Operation": -3993132.0,
        "Total Expenses": 1839478.0,
        "Rent Expense Supplemental": 67482.0,
        "Total Operating Income As Reported": -3786501.0,
        "Diluted Average Shares": NaN,
        "Basic Average Shares": NaN,
        "Diluted EPS": NaN,
        "Basic EPS": NaN,
        "Diluted NI Availto Com Stockholders": -3993132.0,
        "Net Income Common Stockholders": -3993132.0,
        "Net Income": -3993132.0,
        "Net Income Including Noncontrolling Interests": -3993132.0,
        "Net Income Continuous Operations": -3993132.0,
        "Pretax Income": -3993132.0,
        "Other Income Expense": -251850.0,
        "Other Non Operating Income Expenses": -84104.0,
        "Special Income Charges": -3293239.0,
        "Other Special Charges": 1329935.0,
        "Write Off": 1963304.0,
        "Impairment Of Capital Assets": NaN,
        "Gain On Sale Of Security": 3125493.0,
        "Net Non Operating Interest Income Expense": -1918085.0,
        "Interest Expense Non Operating": 1918085.0,
        "Operating Income": -1823197.0,
        "Operating Expense": 1825901.0,
        "Other Operating Expenses": 8625.0,
        "Depreciation Amortization Depletion Income Statement": 167149.0,
        "Depreciation And Amortization In Income Statement": 167149.0,
        "Research And Development": -15723.0,
        "Selling General And Administration": 1665850.0,
        "Selling And Marketing Expense": 48272.0,
        "General And Administrative Expense": 1617578.0,
        "Other Gand A": 632333.0,
        "Rent And Landing Fees": 67482.0,
        "Salaries And Wages": 917763.0,
        "Gross Profit": NaN,
        "Cost Of Revenue": NaN,
        "Total Revenue": 16281.0,
        "Operating Revenue": 16281.0
    },
    "2024-03-31": {
        "Tax Effect Of Unusual Items": 0.0,
        "Tax Rate For Calcs": 0.0,
        "Normalized EBITDA": -1105724.0,
        "Total Unusual Items": -690773.0,
        "Total Unusual Items Excluding Goodwill": -690773.0,
        "Net Income From Continuing Operation Net Minority Interest": -3327700.0,
        "Reconciled Depreciation": 166998.0,
        "Reconciled Cost Of Revenue": 0.0,
        "EBITDA": -1796497.0,
        "EBIT": -1963495.0,
        "Net Interest Income": -1364205.0,
        "Interest Expense": 1364205.0,
        "Normalized Income": -2636927.0,
        "Net Income From Continuing And Discontinued Operation": -3327700.0,
        "Total Expenses": 1308361.0,
        "Rent Expense Supplemental": 44170.0,
        "Total Operating Income As Reported": -1346831.0,
        "Diluted Average Shares": 126438.0,
        "Basic Average Shares": 126438.0,
        "Diluted EPS": -26.32,
        "Basic EPS": -26.32,
        "Diluted NI Availto Com Stockholders": -3327700.0,
        "Net Income Common Stockholders": -3327700.0,
        "Net Income": -3327700.0,
        "Net Income Including Noncontrolling Interests": -3327700.0,
        "Net Income Continuous Operations": -3327700.0,
        "Pretax Income": -3327700.0,
        "Other Income Expense": -655134.0,
        "Other Non Operating Income Expenses": 35639.0,
        "Special Income Charges": -721635.0,
        "Other Special Charges": 683165.0,
        "Write Off": 38470.0,
        "Impairment Of Capital Assets": 0.0,
        "Restructuring And Mergern Acquisition": 0.0,
        "Gain On Sale Of Security": 30862.0,
        "Net Non Operating Interest Income Expense": -1364205.0,
        "Interest Expense Non Operating": 1364205.0,
        "Operating Income": -1308361.0,
        "Operating Expense": 1308361.0,
        "Other Operating Expenses": 85927.0,
        "Depreciation Amortization Depletion Income Statement": 166998.0,
        "Depreciation And Amortization In Income Statement": 166998.0,
        "Research And Development": 3585.0,
        "Selling General And Administration": 1051851.0,
        "Selling And Marketing Expense": 25228.0,
        "General And Administrative Expense": 1026623.0,
        "Other Gand A": 568509.0,
        "Rent And Landing Fees": 44170.0,
        "Salaries And Wages": 413944.0,
        "Gross Profit": 0.0,
        "Cost Of Revenue": 0.0,
        "Total Revenue": 0.0,
        "Operating Revenue": 0.0
    },
    "2024-06-30": {
        "Tax Effect Of Unusual Items": 0.0,
        "Tax Rate For Calcs": 0.0,
        "Normalized EBITDA": -971412.0,
        "Total Unusual Items": -2258870.0,
        "Total Unusual Items Excluding Goodwill": -2258870.0,
        "Net Income From Continuing Operation Net Minority Interest": -4232099.0,
        "Reconciled Depreciation": 162941.0,
        "Reconciled Cost Of Revenue": 33731.0,
        "EBITDA": -3230282.0,
        "EBIT": -3393223.0,
        "Net Interest Income": -838876.0,
        "Interest Expense": 838876.0,
        "Normalized Income": -1973229.0,
        "Net Income From Continuing And Discontinued Operation": -4232099.0,
        "Total Expenses": 1209583.0,
        "Rent Expense Supplemental": 14406.0,
        "Total Operating Income As Reported": -1168268.0,
        "Diluted Average Shares": 458758.0,
        "Basic Average Shares": 458758.0,
        "Diluted EPS": -9.0,
        "Basic EPS": -9.0,
        "Diluted NI Availto Com Stockholders": -4232099.0,
        "Net Income Common Stockholders": -4232099.0,
        "Net Income": -4232099.0,
        "Net Income Including Noncontrolling Interests": -4232099.0,
        "Net Income Continuous Operations": -4232099.0,
        "Pretax Income": -4232099.0,
        "Other Income Expense": -2224955.0,
        "Other Non Operating Income Expenses": 33915.0,
        "Special Income Charges": -3007686.0,
        "Other Special Charges": 3007686.0,
        "Write Off": 0.0,
        "Impairment Of Capital Assets": NaN,
        "Restructuring And Mergern Acquisition": NaN,
        "Gain On Sale Of Security": 748816.0,
        "Net Non Operating Interest Income Expense": -838876.0,
        "Interest Expense Non Operating": 838876.0,
        "Operating Income": -1168268.0,
        "Operating Expense": 1175852.0,
        "Other Operating Expenses": 50326.0,
        "Depreciation Amortization Depletion Income Statement": 162941.0,
        "Depreciation And Amortization In Income Statement": 162941.0,
        "Research And Development": 509.0,
        "Selling General And Administration": 962076.0,
        "Selling And Marketing Expense": 50598.0,
        "General And Administrative Expense": 911478.0,
        "Other Gand A": 527674.0,
        "Rent And Landing Fees": 14406.0,
        "Salaries And Wages": 369398.0,
        "Gross Profit": 7584.0,
        "Cost Of Revenue": 33731.0,
        "Total Revenue": 41315.0,
        "Operating Revenue": 41315.0
    },
    "2024-09-30": {
        "Tax Effect Of Unusual Items": 0.0,
        "Tax Rate For Calcs": 0.0,
        "Normalized EBITDA": -1269980.0,
        "Total Unusual Items": -3938453.0,
        "Total Unusual Items Excluding Goodwill": -3938453.0,
        "Net Income From Continuing Operation Net Minority Interest": -5847365.0,
        "Reconciled Depreciation": 169248.0,
        "Reconciled Cost Of Revenue": 0.0,
        "EBITDA": -5208433.0,
        "EBIT": -5377681.0,
        "Net Interest Income": -469684.0,
        "Interest Expense": 469684.0,
        "Normalized Income": -1908912.0,
        "Net Income From Continuing And Discontinued Operation": -5847365.0,
        "Total Expenses": 1468184.0,
        "Rent Expense Supplemental": 782.0,
        "Total Operating Income As Reported": -5605455.0,
        "Diluted Average Shares": 920156.0,
        "Basic Average Shares": 920156.0,
        "Diluted EPS": -6.0,
        "Basic EPS": -6.0,
        "Diluted NI Availto Com Stockholders": -5847365.0,
        "Net Income Common Stockholders": -5847365.0,
        "Net Income": -5847365.0,
        "Net Income Including Noncontrolling Interests": -5847365.0,
        "Net Income Continuous Operations": -5847365.0,
        "Pretax Income": -5847365.0,
        "Other Income Expense": -3909497.0,
        "Other Non Operating Income Expenses": 28956.0,
        "Special Income Charges": -4297528.0,
        "Other Special Charges": 160257.0,
        "Write Off": 0.0,
        "Impairment Of Capital Assets": 4137271.0,
        "Restructuring And Mergern Acquisition": NaN,
        "Gain On Sale Of Security": 359075.0,
        "Net Non Operating Interest Income Expense": -469684.0,
        "Interest Expense Non Operating": 469684.0,
        "Operating Income": -1468184.0,
        "Operating Expense": 1468184.0,
        "Other Operating Expenses": 99002.0,
        "Depreciation Amortization Depletion Income Statement": 169248.0,
        "Depreciation And Amortization In Income Statement": 169248.0,
        "Research And Development": 54036.0,
        "Selling General And Administration": 1145898.0,
        "Selling And Marketing Expense": 20281.0,
        "General And Administrative Expense": 1125617.0,
        "Other Gand A": 574762.0,
        "Rent And Landing Fees": 782.0,
        "Salaries And Wages": 550073.0,
        "Gross Profit": 0.0,
        "Cost Of Revenue": 0.0,
        "Total Revenue": 0.0,
        "Operating Revenue": 0.0
    },
    "2024-12-31": {
        "Tax Effect Of Unusual Items": 0.0,
        "Tax Rate For Calcs": 0.0,
        "Normalized EBITDA": -2025844.0,
        "Total Unusual Items": -367976.0,
        "Total Unusual Items Excluding Goodwill": -367976.0,
        "Net Income From Continuing Operation Net Minority Interest": -2867651.0,
        "Reconciled Depreciation": 167874.0,
        "Reconciled Cost Of Revenue": 54923.0,
        "EBITDA": -2393820.0,
        "EBIT": -2561694.0,
        "Net Interest Income": -305957.0,
        "Interest Expense": 305957.0,
        "Normalized Income": -2499675.0,
        "Net Income From Continuing And Discontinued Operation": -2867651.0,
        "Total Expenses": 2146847.0,
        "Rent Expense Supplemental": 866.0,
        "Total Operating Income As Reported": -2319941.0,
        "Diluted Average Shares": NaN,
        "Basic Average Shares": NaN,
        "Diluted EPS": NaN,
        "Basic EPS": NaN,
        "Diluted NI Availto Com Stockholders": 1661844.0,
        "Net Income Common Stockholders": -2867651.0,
        "Net Income": -2867651.0,
        "Net Income Including Noncontrolling Interests": -2867651.0,
        "Net Income Continuous Operations": -2867651.0,
        "Pretax Income": -2867651.0,
        "Other Income Expense": -441419.0,
        "Other Non Operating Income Expenses": -73443.0,
        "Special Income Charges": -743252.0,
        "Other Special Charges": 693252.0,
        "Write Off": 50000.0,
        "Impairment Of Capital Assets": 0.0,
        "Restructuring And Mergern Acquisition": NaN,
        "Gain On Sale Of Security": 375276.0,
        "Net Non Operating Interest Income Expense": -305957.0,
        "Interest Expense Non Operating": 305957.0,
        "Operating Income": -2120275.0,
        "Operating Expense": 2091924.0,
        "Other Operating Expenses": 292493.0,
        "Depreciation Amortization Depletion Income Statement": 167874.0,
        "Depreciation And Amortization In Income Statement": 167874.0,
        "Research And Development": 153224.0,
        "Selling General And Administration": 1478333.0,
        "Selling And Marketing Expense": 45531.0,
        "General And Administrative Expense": 1432802.0,
        "Other Gand A": 77357.0,
        "Rent And Landing Fees": 866.0,
        "Salaries And Wages": 1354579.0,
        "Gross Profit": -28351.0,
        "Cost Of Revenue": 54923.0,
        "Total Revenue": 26572.0,
        "Operating Revenue": 26572.0
    },
    "2025-03-31": {
        "Tax Effect Of Unusual Items": 0.0,
        "Tax Rate For Calcs": 0.0,
        "Normalized EBITDA": -1609335.0,
        "Total Unusual Items": 2710618.0,
        "Total Unusual Items Excluding Goodwill": 2710618.0,
        "Net Income From Continuing Operation Net Minority Interest": -145455.0,
        "Reconciled Depreciation": 275395.0,
        "Reconciled Cost Of Revenue": 265393.0,
        "EBITDA": 1101283.0,
        "EBIT": 825888.0,
        "Net Interest Income": -971343.0,
        "Interest Expense": 971343.0,
        "Normalized Income": -2856073.0,
        "Net Income From Continuing And Discontinued Operation": -145455.0,
        "Total Expenses": 2229670.0,
        "Rent Expense Supplemental": 8277.0,
        "Total Operating Income As Reported": -2066567.0,
        "Diluted Average Shares": 5780930.0,
        "Basic Average Shares": 1661921.0,
        "Diluted EPS": -1.17,
        "Basic EPS": -0.09,
        "Diluted NI Availto Com Stockholders": -145455.0,
        "Net Income Common Stockholders": -145455.0,
        "Net Income": -145455.0,
        "Net Income Including Noncontrolling Interests": -145455.0,
        "Net Income Continuous Operations": -145455.0,
        "Pretax Income": -145455.0,
        "Other Income Expense": 2711142.0,
        "Other Non Operating Income Expenses": 524.0,
        "Special Income Charges": -210134.0,
        "Other Special Charges": 28821.0,
        "Write Off": 0.0,
        "Impairment Of Capital Assets": 36385.0,
        "Restructuring And Mergern Acquisition": 144928.0,
        "Gain On Sale Of Security": 2920752.0,
        "Net Non Operating Interest Income Expense": -971343.0,
        "Interest Expense Non Operating": 971343.0,
        "Operating Income": -1885254.0,
        "Operating Expense": 1964277.0,
        "Other Operating Expenses": 245994.0,
        "Depreciation Amortization Depletion Income Statement": 275395.0,
        "Depreciation And Amortization In Income Statement": 275395.0,
        "Research And Development": 233179.0,
        "Selling General And Administration": 1209709.0,
        "Selling And Marketing Expense": 46533.0,
        "General And Administrative Expense": 1163176.0,
        "Other Gand A": 423335.0,
        "Rent And Landing Fees": 8277.0,
        "Salaries And Wages": 731564.0,
        "Gross Profit": 79023.0,
        "Cost Of Revenue": 265393.0,
        "Total Revenue": 344416.0,
        "Operating Revenue": 344416.0
    }
}