{
    "2023-04-30": {
        "Tax Effect Of Unusual Items": NaN,
        "Tax Rate For Calcs": NaN,
        "Normalized EBITDA": NaN,
        "Net Income From Continuing Operation Net Minority Interest": NaN,
        "Reconciled Depreciation": NaN,
        "Reconciled Cost Of Revenue": NaN,
        "EBITDA": NaN,
        "EBIT": NaN,
        "Net Interest Income": NaN,
        "Interest Income": NaN,
        "Normalized Income": NaN,
        "Net Income From Continuing And Discontinued Operation": NaN,
        "Total Expenses": NaN,
        "Total Operating Income As Reported": NaN,
        "Diluted Average Shares": 112746000.0,
        "Basic Average Shares": 112746000.0,
        "Diluted EPS": -0.58,
        "Basic EPS": -0.58,
        "Diluted NI Availto Com Stockholders": NaN,
        "Net Income Common Stockholders": NaN,
        "Net Income": NaN,
        "Net Income Including Noncontrolling Interests": NaN,
        "Net Income Continuous Operations": NaN,
        "Tax Provision": NaN,
        "Pretax Income": NaN,
        "Other Income Expense": NaN,
        "Other Non Operating Income Expenses": NaN,
        "Net Non Operating Interest Income Expense": NaN,
        "Interest Income Non Operating": NaN,
        "Operating Income": NaN,
        "Operating Expense": NaN,
        "Research And Development": NaN,
        "Selling General And Administration": NaN,
        "Selling And Marketing Expense": NaN,
        "General And Administrative Expense": NaN,
        "Other Gand A": NaN,
        "Gross Profit": NaN,
        "Cost Of Revenue": NaN,
        "Total Revenue": NaN,
        "Operating Revenue": NaN
    },
    "2023-01-31": {
        "Tax Effect Of Unusual Items": NaN,
        "Tax Rate For Calcs": NaN,
        "Normalized EBITDA": NaN,
        "Net Income From Continuing Operation Net Minority Interest": NaN,
        "Reconciled Depreciation": NaN,
        "Reconciled Cost Of Revenue": NaN,
        "EBITDA": NaN,
        "EBIT": NaN,
        "Net Interest Income": NaN,
        "Interest Income": NaN,
        "Normalized Income": NaN,
        "Net Income From Continuing And Discontinued Operation": NaN,
        "Total Expenses": NaN,
        "Total Operating Income As Reported": NaN,
        "Diluted Average Shares": 110735000.0,
        "Basic Average Shares": 110735000.0,
        "Diluted EPS": -0.57,
        "Basic EPS": -0.57,
        "Diluted NI Availto Com Stockholders": NaN,
        "Net Income Common Stockholders": NaN,
        "Net Income": NaN,
        "Net Income Including Noncontrolling Interests": NaN,
        "Net Income Continuous Operations": NaN,
        "Tax Provision": NaN,
        "Pretax Income": NaN,
        "Other Income Expense": NaN,
        "Other Non Operating Income Expenses": NaN,
        "Net Non Operating Interest Income Expense": NaN,
        "Interest Income Non Operating": NaN,
        "Operating Income": NaN,
        "Operating Expense": NaN,
        "Research And Development": NaN,
        "Selling General And Administration": NaN,
        "Selling And Marketing Expense": NaN,
        "General And Administrative Expense": NaN,
        "Other Gand A": NaN,
        "Gross Profit": NaN,
        "Cost Of Revenue": NaN,
        "Total Revenue": NaN,
        "Operating Revenue": NaN
    },
    "2022-10-31": {
        "Tax Effect Of Unusual Items": 0.0,
        "Tax Rate For Calcs": 0.21,
        "Normalized EBITDA": -71014000.0,
        "Net Income From Continuing Operation Net Minority Interest": -68850000.0,
        "Reconciled Depreciation": 952000.0,
        "Reconciled Cost Of Revenue": 20752000.0,
        "EBITDA": -71014000.0,
        "EBIT": -71966000.0,
        "Net Interest Income": 4224000.0,
        "Interest Income": 4224000.0,
        "Normalized Income": -68850000.0,
        "Net Income From Continuing And Discontinued Operation": -68850000.0,
        "Total Expenses": 134374000.0,
        "Total Operating Income As Reported": -71966000.0,
        "Diluted Average Shares": 108876000.0,
        "Basic Average Shares": 108876000.0,
        "Diluted EPS": -0.63,
        "Basic EPS": -0.63,
        "Diluted NI Availto Com Stockholders": -68850000.0,
        "Net Income Common Stockholders": -68850000.0,
        "Net Income": -68850000.0,
        "Net Income Including Noncontrolling Interests": -68850000.0,
        "Net Income Continuous Operations": -68850000.0,
        "Tax Provision": 163000.0,
        "Pretax Income": -68687000.0,
        "Other Income Expense": -945000.0,
        "Other Non Operating Income Expenses": -945000.0,
        "Net Non Operating Interest Income Expense": 4224000.0,
        "Interest Income Non Operating": 4224000.0,
        "Operating Income": -71966000.0,
        "Operating Expense": 113622000.0,
        "Research And Development": 50051000.0,
        "Selling General And Administration": 63571000.0,
        "Selling And Marketing Expense": 44936000.0,
        "General And Administrative Expense": 18635000.0,
        "Other Gand A": 18635000.0,
        "Gross Profit": 41656000.0,
        "Cost Of Revenue": 20752000.0,
        "Total Revenue": 62408000.0,
        "Operating Revenue": 62408000.0
    },
    "2022-07-31": {
        "Tax Effect Of Unusual Items": 0.0,
        "Tax Rate For Calcs": 0.4,
        "Normalized EBITDA": -71748000.0,
        "Net Income From Continuing Operation Net Minority Interest": -71871000.0,
        "Reconciled Depreciation": 1461000.0,
        "Reconciled Cost Of Revenue": 18406000.0,
        "EBITDA": -71748000.0,
        "EBIT": -73209000.0,
        "Net Interest Income": 2538000.0,
        "Interest Income": 2538000.0,
        "Normalized Income": -71871000.0,
        "Net Income From Continuing And Discontinued Operation": -71871000.0,
        "Total Expenses": 138517000.0,
        "Total Operating Income As Reported": -73209000.0,
        "Diluted Average Shares": 106842000.0,
        "Basic Average Shares": 106842000.0,
        "Diluted EPS": -0.67,
        "Basic EPS": -0.67,
        "Diluted NI Availto Com Stockholders": -71871000.0,
        "Net Income Common Stockholders": -71871000.0,
        "Net Income": -71871000.0,
        "Net Income Including Noncontrolling Interests": -71871000.0,
        "Net Income Continuous Operations": -71871000.0,
        "Tax Provision": 179000.0,
        "Pretax Income": -71692000.0,
        "Other Income Expense": -1021000.0,
        "Other Non Operating Income Expenses": -1021000.0,
        "Net Non Operating Interest Income Expense": 2538000.0,
        "Interest Income Non Operating": 2538000.0,
        "Operating Income": -73209000.0,
        "Operating Expense": 120111000.0,
        "Research And Development": 55877000.0,
        "Selling General And Administration": 64234000.0,
        "Selling And Marketing Expense": 42987000.0,
        "General And Administrative Expense": 21247000.0,
        "Other Gand A": 21247000.0,
        "Gross Profit": 46902000.0,
        "Cost Of Revenue": 18406000.0,
        "Total Revenue": 65308000.0,
        "Operating Revenue": 65308000.0
    },
    "2023-07-31": {
        "Tax Effect Of Unusual Items": NaN,
        "Tax Rate For Calcs": NaN,
        "Normalized EBITDA": NaN,
        "Net Income From Continuing Operation Net Minority Interest": NaN,
        "Reconciled Depreciation": NaN,
        "Reconciled Cost Of Revenue": NaN,
        "EBITDA": NaN,
        "EBIT": NaN,
        "Net Interest Income": NaN,
        "Interest Income": NaN,
        "Normalized Income": NaN,
        "Net Income From Continuing And Discontinued Operation": NaN,
        "Total Expenses": NaN,
        "Total Operating Income As Reported": NaN,
        "Diluted Average Shares": 115681000.0,
        "Basic Average Shares": 115681000.0,
        "Diluted EPS": -0.56,
        "Basic EPS": -0.56,
        "Diluted NI Availto Com Stockholders": NaN,
        "Net Income Common Stockholders": NaN,
        "Net Income": NaN,
        "Net Income Including Noncontrolling Interests": NaN,
        "Net Income Continuous Operations": NaN,
        "Tax Provision": NaN,
        "Pretax Income": NaN,
        "Other Income Expense": NaN,
        "Other Non Operating Income Expenses": NaN,
        "Net Non Operating Interest Income Expense": NaN,
        "Interest Income Non Operating": NaN,
        "Operating Income": NaN,
        "Operating Expense": NaN,
        "Research And Development": NaN,
        "Selling General And Administration": NaN,
        "Selling And Marketing Expense": NaN,
        "General And Administrative Expense": NaN,
        "Other Gand A": NaN,
        "Gross Profit": NaN,
        "Cost Of Revenue": NaN,
        "Total Revenue": NaN,
        "Operating Revenue": NaN
    },
    "2023-10-31": {
        "Tax Effect Of Unusual Items": 0.0,
        "Tax Rate For Calcs": 0.21,
        "Normalized EBITDA": -76232000.0,
        "Net Income From Continuing Operation Net Minority Interest": -69780000.0,
        "Reconciled Depreciation": 3164000.0,
        "Reconciled Cost Of Revenue": 32116000.0,
        "EBITDA": -76232000.0,
        "EBIT": -79396000.0,
        "Net Interest Income": 10480000.0,
        "Interest Income": 10480000.0,
        "Normalized Income": -69780000.0,
        "Net Income From Continuing And Discontinued Operation": -69780000.0,
        "Total Expenses": 152625000.0,
        "Total Operating Income As Reported": -79396000.0,
        "Diluted Average Shares": 118656000.0,
        "Basic Average Shares": 118656000.0,
        "Diluted EPS": -0.59,
        "Basic EPS": -0.59,
        "Diluted NI Availto Com Stockholders": -69780000.0,
        "Net Income Common Stockholders": -69780000.0,
        "Net Income": -69780000.0,
        "Net Income Including Noncontrolling Interests": -69780000.0,
        "Net Income Continuous Operations": -69780000.0,
        "Tax Provision": 226000.0,
        "Pretax Income": -69554000.0,
        "Other Income Expense": -638000.0,
        "Other Non Operating Income Expenses": -638000.0,
        "Net Non Operating Interest Income Expense": 10480000.0,
        "Interest Income Non Operating": 10480000.0,
        "Operating Income": -79396000.0,
        "Operating Expense": 120509000.0,
        "Research And Development": 50399000.0,
        "Selling General And Administration": 70110000.0,
        "Selling And Marketing Expense": 49895000.0,
        "General And Administrative Expense": 20215000.0,
        "Other Gand A": 20215000.0,
        "Gross Profit": 41113000.0,
        "Cost Of Revenue": 32116000.0,
        "Total Revenue": 73229000.0,
        "Operating Revenue": 73229000.0
    },
    "2024-01-31": {
        "Tax Effect Of Unusual Items": 0.0,
        "Tax Rate For Calcs": 0.21,
        "Normalized EBITDA": -79297000.0,
        "Net Income From Continuing Operation Net Minority Interest": -72631000.0,
        "Reconciled Depreciation": 3249000.0,
        "Reconciled Cost Of Revenue": 33114000.0,
        "EBITDA": -79297000.0,
        "EBIT": -82546000.0,
        "Net Interest Income": 9995000.0,
        "Interest Income": 9995000.0,
        "Normalized Income": -72631000.0,
        "Net Income From Continuing And Discontinued Operation": -72631000.0,
        "Total Expenses": 160947000.0,
        "Total Operating Income As Reported": -82546000.0,
        "Diluted Average Shares": 120486000.0,
        "Basic Average Shares": 120486000.0,
        "Diluted EPS": -0.6,
        "Basic EPS": -0.6,
        "Diluted NI Availto Com Stockholders": -72631000.0,
        "Net Income Common Stockholders": -72631000.0,
        "Net Income": -72631000.0,
        "Net Income Including Noncontrolling Interests": -72631000.0,
        "Net Income Continuous Operations": -72631000.0,
        "Tax Provision": 489000.0,
        "Pretax Income": -72142000.0,
        "Other Income Expense": 409000.0,
        "Other Non Operating Income Expenses": 409000.0,
        "Net Non Operating Interest Income Expense": 9995000.0,
        "Interest Income Non Operating": 9995000.0,
        "Operating Income": -82546000.0,
        "Operating Expense": 127833000.0,
        "Research And Development": 49480000.0,
        "Selling General And Administration": 78353000.0,
        "Selling And Marketing Expense": 57140000.0,
        "General And Administrative Expense": 21213000.0,
        "Other Gand A": 21213000.0,
        "Gross Profit": 45287000.0,
        "Cost Of Revenue": 33114000.0,
        "Total Revenue": 78401000.0,
        "Operating Revenue": 78401000.0
    },
    "2024-04-30": {
        "Tax Effect Of Unusual Items": 0.0,
        "Tax Rate For Calcs": 0.000973,
        "Normalized EBITDA": -79057000.0,
        "Net Income From Continuing Operation Net Minority Interest": -72927000.0,
        "Reconciled Depreciation": 3250000.0,
        "Reconciled Cost Of Revenue": 34979000.0,
        "EBITDA": -79057000.0,
        "EBIT": -82307000.0,
        "Net Interest Income": 9482000.0,
        "Interest Income": 9482000.0,
        "Normalized Income": -72927000.0,
        "Net Income From Continuing And Discontinued Operation": -72927000.0,
        "Total Expenses": 168897000.0,
        "Total Operating Income As Reported": -82307000.0,
        "Diluted Average Shares": 122676000.0,
        "Basic Average Shares": 122676000.0,
        "Diluted EPS": -0.59,
        "Basic EPS": -0.59,
        "Diluted NI Availto Com Stockholders": -72927000.0,
        "Net Income Common Stockholders": -72927000.0,
        "Net Income": -72927000.0,
        "Net Income Including Noncontrolling Interests": -72927000.0,
        "Net Income Continuous Operations": -72927000.0,
        "Tax Provision": -71000.0,
        "Pretax Income": -72998000.0,
        "Other Income Expense": -173000.0,
        "Other Non Operating Income Expenses": -173000.0,
        "Net Non Operating Interest Income Expense": 9482000.0,
        "Interest Income Non Operating": 9482000.0,
        "Operating Income": -82307000.0,
        "Operating Expense": 133918000.0,
        "Research And Development": 50618000.0,
        "Selling General And Administration": 83300000.0,
        "Selling And Marketing Expense": 63247000.0,
        "General And Administrative Expense": 20053000.0,
        "Other Gand A": 20053000.0,
        "Gross Profit": 51611000.0,
        "Cost Of Revenue": 34979000.0,
        "Total Revenue": 86590000.0,
        "Operating Revenue": 86590000.0
    },
    "2024-07-31": {
        "Tax Effect Of Unusual Items": 0.0,
        "Tax Rate For Calcs": 0.21,
        "Normalized EBITDA": -69467000.0,
        "Net Income From Continuing Operation Net Minority Interest": -62827000.0,
        "Reconciled Depreciation": 3119000.0,
        "Reconciled Cost Of Revenue": 35047000.0,
        "EBITDA": -69467000.0,
        "EBIT": -72586000.0,
        "Net Interest Income": 10003000.0,
        "Interest Income": 10003000.0,
        "Normalized Income": -62827000.0,
        "Net Income From Continuing And Discontinued Operation": -62827000.0,
        "Total Expenses": 159799000.0,
        "Total Operating Income As Reported": -72586000.0,
        "Diluted Average Shares": 124979000.0,
        "Basic Average Shares": 124979000.0,
        "Diluted EPS": -0.5,
        "Basic EPS": -0.5,
        "Diluted NI Availto Com Stockholders": -62827000.0,
        "Net Income Common Stockholders": -62827000.0,
        "Net Income": -62827000.0,
        "Net Income Including Noncontrolling Interests": -62827000.0,
        "Net Income Continuous Operations": -62827000.0,
        "Tax Provision": 272000.0,
        "Pretax Income": -62555000.0,
        "Other Income Expense": 28000.0,
        "Other Non Operating Income Expenses": 28000.0,
        "Net Non Operating Interest Income Expense": 10003000.0,
        "Interest Income Non Operating": 10003000.0,
        "Operating Income": -72586000.0,
        "Operating Expense": 124752000.0,
        "Research And Development": 52927000.0,
        "Selling General And Administration": 71825000.0,
        "Selling And Marketing Expense": 52125000.0,
        "General And Administrative Expense": 19700000.0,
        "Other Gand A": 19700000.0,
        "Gross Profit": 52166000.0,
        "Cost Of Revenue": 35047000.0,
        "Total Revenue": 87213000.0,
        "Operating Revenue": 87213000.0
    },
    "2024-10-31": {
        "Tax Effect Of Unusual Items": 0.0,
        "Tax Rate For Calcs": 0.21,
        "Normalized EBITDA": -72315000.0,
        "Net Income From Continuing Operation Net Minority Interest": -65972000.0,
        "Reconciled Depreciation": 2973000.0,
        "Reconciled Cost Of Revenue": 36498000.0,
        "EBITDA": -72315000.0,
        "EBIT": -75288000.0,
        "Net Interest Income": 9560000.0,
        "Interest Income": 9560000.0,
        "Normalized Income": -65972000.0,
        "Net Income From Continuing And Discontinued Operation": -65972000.0,
        "Total Expenses": 169626000.0,
        "Total Operating Income As Reported": -75288000.0,
        "Diluted Average Shares": 127870000.0,
        "Basic Average Shares": 127870000.0,
        "Diluted EPS": -0.52,
        "Basic EPS": -0.52,
        "Diluted NI Availto Com Stockholders": -65972000.0,
        "Net Income Common Stockholders": -65972000.0,
        "Net Income": -65972000.0,
        "Net Income Including Noncontrolling Interests": -65972000.0,
        "Net Income Continuous Operations": -65972000.0,
        "Tax Provision": 257000.0,
        "Pretax Income": -65715000.0,
        "Other Income Expense": 13000.0,
        "Other Non Operating Income Expenses": 13000.0,
        "Net Non Operating Interest Income Expense": 9560000.0,
        "Interest Income Non Operating": 9560000.0,
        "Operating Income": -75288000.0,
        "Operating Expense": 133128000.0,
        "Research And Development": 55715000.0,
        "Selling General And Administration": 77413000.0,
        "Selling And Marketing Expense": 55643000.0,
        "General And Administrative Expense": 21770000.0,
        "Other Gand A": 21770000.0,
        "Gross Profit": 57840000.0,
        "Cost Of Revenue": 36498000.0,
        "Total Revenue": 94338000.0,
        "Operating Revenue": 94338000.0
    },
    "2025-01-31": {
        "Tax Effect Of Unusual Items": 0.0,
        "Tax Rate For Calcs": 0.4,
        "Normalized EBITDA": -84462000.0,
        "Net Income From Continuing Operation Net Minority Interest": -80201000.0,
        "Reconciled Depreciation": 3123000.0,
        "Reconciled Cost Of Revenue": 40435000.0,
        "EBITDA": -84462000.0,
        "EBIT": -87585000.0,
        "Net Interest Income": 8677000.0,
        "Interest Income": 8677000.0,
        "Normalized Income": -80201000.0,
        "Net Income From Continuing And Discontinued Operation": -80201000.0,
        "Total Expenses": 186367000.0,
        "Total Operating Income As Reported": -87585000.0,
        "Diluted Average Shares": 130382000.0,
        "Basic Average Shares": 130382000.0,
        "Diluted EPS": -0.62,
        "Basic EPS": -0.62,
        "Diluted NI Availto Com Stockholders": -80201000.0,
        "Net Income Common Stockholders": -80201000.0,
        "Net Income": -80201000.0,
        "Net Income Including Noncontrolling Interests": -80201000.0,
        "Net Income Continuous Operations": -80201000.0,
        "Tax Provision": 336000.0,
        "Pretax Income": -79865000.0,
        "Other Income Expense": -957000.0,
        "Other Non Operating Income Expenses": -957000.0,
        "Net Non Operating Interest Income Expense": 8677000.0,
        "Interest Income Non Operating": 8677000.0,
        "Operating Income": -87585000.0,
        "Operating Expense": 145932000.0,
        "Research And Development": 59356000.0,
        "Selling General And Administration": 86576000.0,
        "Selling And Marketing Expense": 61201000.0,
        "General And Administrative Expense": 25375000.0,
        "Other Gand A": 25375000.0,
        "Gross Profit": 58347000.0,
        "Cost Of Revenue": 40435000.0,
        "Total Revenue": 98782000.0,
        "Operating Revenue": 98782000.0
    }
}