{
    "2023-03-31": {
        "Tax Effect Of Unusual Items": NaN,
        "Tax Rate For Calcs": NaN,
        "Total Unusual Items": NaN,
        "Total Unusual Items Excluding Goodwill": NaN,
        "Net Income From Continuing Operation Net Minority Interest": NaN,
        "Reconciled Depreciation": NaN,
        "EBIT": NaN,
        "Net Interest Income": NaN,
        "Interest Expense": NaN,
        "Interest Income": NaN,
        "Normalized Income": NaN,
        "Net Income From Continuing And Discontinued Operation": NaN,
        "Total Expenses": NaN,
        "Diluted Average Shares": NaN,
        "Basic Average Shares": NaN,
        "Diluted EPS": NaN,
        "Basic EPS": NaN,
        "Diluted NI Availto Com Stockholders": NaN,
        "Net Income Common Stockholders": NaN,
        "Preferred Stock Dividends": 7000000.0,
        "Net Income": NaN,
        "Minority Interests": NaN,
        "Net Income Including Noncontrolling Interests": NaN,
        "Net Income Discontinuous Operations": NaN,
        "Net Income Continuous Operations": NaN,
        "Tax Provision": NaN,
        "Pretax Income": NaN,
        "Other Income Expense": NaN,
        "Special Income Charges": NaN,
        "Other Special Charges": NaN,
        "Net Non Operating Interest Income Expense": NaN,
        "Interest Expense Non Operating": NaN,
        "Other Operating Expenses": NaN,
        "Selling General And Administration": NaN,
        "General And Administrative Expense": NaN,
        "Other Gand A": NaN,
        "Total Revenue": NaN,
        "Operating Revenue": NaN,
        "Loss Adjustment Expense": NaN,
        "Net Policyholder Benefits And Claims": NaN,
        "Policyholder Benefits Gross": 6397000000.0
    },
    "2022-12-31": {
        "Tax Effect Of Unusual Items": -43666666.666667,
        "Tax Rate For Calcs": 0.333333,
        "Total Unusual Items": -131000000.0,
        "Total Unusual Items Excluding Goodwill": -131000000.0,
        "Net Income From Continuing Operation Net Minority Interest": 271000000.0,
        "Reconciled Depreciation": 930000000.0,
        "EBIT": 593000000.0,
        "Net Interest Income": -314000000.0,
        "Interest Expense": 314000000.0,
        "Interest Income": 734000000.0,
        "Normalized Income": 358333333.333333,
        "Net Income From Continuing And Discontinued Operation": 271000000.0,
        "Total Expenses": 11362000000.0,
        "Diluted Average Shares": NaN,
        "Basic Average Shares": NaN,
        "Diluted EPS": NaN,
        "Basic EPS": NaN,
        "Diluted NI Availto Com Stockholders": 264000000.0,
        "Net Income Common Stockholders": 264000000.0,
        "Preferred Stock Dividends": 7000000.0,
        "Net Income": 271000000.0,
        "Minority Interests": 85000000.0,
        "Net Income Including Noncontrolling Interests": 186000000.0,
        "Net Income Discontinuous Operations": 0.0,
        "Net Income Continuous Operations": 186000000.0,
        "Tax Provision": 93000000.0,
        "Pretax Income": 279000000.0,
        "Other Income Expense": NaN,
        "Special Income Charges": -131000000.0,
        "Other Special Charges": 131000000.0,
        "Net Non Operating Interest Income Expense": -314000000.0,
        "Interest Expense Non Operating": 314000000.0,
        "Other Operating Expenses": 55000000.0,
        "Selling General And Administration": 2698000000.0,
        "General And Administrative Expense": 2698000000.0,
        "Other Gand A": 2698000000.0,
        "Total Revenue": 11641000000.0,
        "Operating Revenue": 11641000000.0
    },
    "2022-09-30": {
        "Tax Effect Of Unusual Items": NaN,
        "Tax Rate For Calcs": NaN,
        "Total Unusual Items": NaN,
        "Total Unusual Items Excluding Goodwill": NaN,
        "Net Income From Continuing Operation Net Minority Interest": NaN,
        "Reconciled Depreciation": NaN,
        "EBIT": NaN,
        "Net Interest Income": NaN,
        "Interest Expense": NaN,
        "Interest Income": NaN,
        "Normalized Income": NaN,
        "Net Income From Continuing And Discontinued Operation": NaN,
        "Total Expenses": NaN,
        "Diluted Average Shares": NaN,
        "Basic Average Shares": NaN,
        "Diluted EPS": NaN,
        "Basic EPS": NaN,
        "Diluted NI Availto Com Stockholders": NaN,
        "Net Income Common Stockholders": NaN,
        "Preferred Stock Dividends": NaN,
        "Net Income": NaN,
        "Minority Interests": NaN,
        "Net Income Including Noncontrolling Interests": NaN,
        "Net Income Discontinuous Operations": NaN,
        "Net Income Continuous Operations": NaN,
        "Tax Provision": NaN,
        "Pretax Income": NaN,
        "Other Income Expense": 195000000.0,
        "Special Income Charges": NaN,
        "Other Special Charges": NaN,
        "Net Non Operating Interest Income Expense": NaN,
        "Interest Expense Non Operating": NaN,
        "Other Operating Expenses": NaN,
        "Selling General And Administration": NaN,
        "General And Administrative Expense": NaN,
        "Other Gand A": NaN,
        "Total Revenue": NaN,
        "Operating Revenue": NaN
    },
    "2022-06-30": {
        "Tax Effect Of Unusual Items": -64500000.0,
        "Tax Rate For Calcs": 0.215,
        "Total Unusual Items": -300000000.0,
        "Total Unusual Items Excluding Goodwill": -300000000.0,
        "Net Income From Continuing Operation Net Minority Interest": 3037000000.0,
        "Reconciled Depreciation": 1251000000.0,
        "EBIT": 4587000000.0,
        "Net Interest Income": -266000000.0,
        "Interest Expense": 266000000.0,
        "Interest Income": NaN,
        "Normalized Income": 3272500000.0,
        "Net Income From Continuing And Discontinued Operation": 3036000000.0,
        "Total Expenses": 10120000000.0,
        "Diluted Average Shares": 800730746.0,
        "Basic Average Shares": 790897301.0,
        "Diluted EPS": 3.43,
        "Basic EPS": 3.47,
        "Diluted NI Availto Com Stockholders": 3028000000.0,
        "Net Income Common Stockholders": 3028000000.0,
        "Preferred Stock Dividends": 8000000.0,
        "Net Income": 3036000000.0,
        "Minority Interests": -356000000.0,
        "Net Income Including Noncontrolling Interests": 3392000000.0,
        "Net Income Discontinuous Operations": -1000000.0,
        "Net Income Continuous Operations": 3393000000.0,
        "Tax Provision": 928000000.0,
        "Pretax Income": 4321000000.0,
        "Other Income Expense": NaN,
        "Special Income Charges": -300000000.0,
        "Other Special Charges": 300000000.0,
        "Net Non Operating Interest Income Expense": -266000000.0,
        "Interest Expense Non Operating": 266000000.0,
        "Other Operating Expenses": NaN,
        "Selling General And Administration": 2223000000.0,
        "General And Administrative Expense": 2223000000.0,
        "Other Gand A": 2223000000.0,
        "Total Revenue": 14441000000.0,
        "Operating Revenue": 14441000000.0
    },
    "2023-06-30": {
        "Tax Effect Of Unusual Items": NaN,
        "Tax Rate For Calcs": NaN,
        "Total Unusual Items": NaN,
        "Total Unusual Items Excluding Goodwill": NaN,
        "Net Income From Continuing Operation Net Minority Interest": NaN,
        "Reconciled Depreciation": NaN,
        "EBIT": NaN,
        "Net Interest Income": NaN,
        "Interest Expense": NaN,
        "Interest Income": NaN,
        "Normalized Income": NaN,
        "Net Income From Continuing And Discontinued Operation": NaN,
        "Total Expenses": NaN,
        "Diluted Average Shares": NaN,
        "Basic Average Shares": NaN,
        "Diluted EPS": NaN,
        "Basic EPS": NaN,
        "Diluted NI Availto Com Stockholders": NaN,
        "Net Income Common Stockholders": NaN,
        "Preferred Stock Dividends": 8000000.0,
        "Net Income": NaN,
        "Minority Interests": NaN,
        "Net Income Including Noncontrolling Interests": NaN,
        "Net Income Discontinuous Operations": NaN,
        "Net Income Continuous Operations": NaN,
        "Tax Provision": NaN,
        "Pretax Income": NaN,
        "Other Income Expense": NaN,
        "Special Income Charges": NaN,
        "Other Special Charges": NaN,
        "Net Non Operating Interest Income Expense": NaN,
        "Interest Expense Non Operating": NaN,
        "Other Operating Expenses": NaN,
        "Selling General And Administration": NaN,
        "General And Administrative Expense": NaN,
        "Other Gand A": NaN,
        "Total Revenue": NaN,
        "Operating Revenue": NaN,
        "Loss Adjustment Expense": NaN,
        "Net Policyholder Benefits And Claims": NaN,
        "Policyholder Benefits Gross": 6858000000.0
    },
    "2022-03-31": {
        "Diluted EPS": 5.04,
        "Total Revenue": NaN,
        "Gross Profit": NaN,
        "Operating Income": NaN,
        "EBIT": NaN,
        "Net Income": NaN
    },
    "2021-12-31": {
        "Diluted EPS": 4.38,
        "Total Revenue": NaN,
        "Gross Profit": NaN,
        "Operating Income": NaN,
        "EBIT": NaN,
        "Net Income": NaN
    },
    "2021-09-30": {
        "Diluted EPS": 1.92,
        "Total Revenue": NaN,
        "Gross Profit": NaN,
        "Operating Income": NaN,
        "EBIT": NaN,
        "Net Income": NaN
    },
    "2021-06-30": {
        "Diluted EPS": 0.11,
        "Total Revenue": NaN,
        "Gross Profit": NaN,
        "Operating Income": 254,
        "EBIT": NaN,
        "Net Income": 91
    },
    "2021-03-31": {
        "Diluted EPS": 4.41,
        "Total Revenue": NaN,
        "Gross Profit": NaN,
        "Operating Income": NaN,
        "EBIT": NaN,
        "Net Income": NaN
    },
    "2020-12-31": {
        "Diluted EPS": -0.03,
        "Total Revenue": NaN,
        "Gross Profit": 558,
        "Operating Income": -664,
        "EBIT": 591,
        "Net Income": -60
    },
    "2020-09-30": {
        "Diluted EPS": 0.32,
        "Total Revenue": NaN,
        "Gross Profit": NaN,
        "Operating Income": 366,
        "EBIT": NaN,
        "Net Income": 281
    },
    "2020-06-30": {
        "Diluted EPS": -9.15,
        "Total Revenue": NaN,
        "Gross Profit": -130,
        "Operating Income": NaN,
        "EBIT": -202,
        "Net Income": NaN
    },
    "2020-03-31": {
        "Diluted EPS": 1.98,
        "Total Revenue": NaN,
        "Gross Profit": NaN,
        "Operating Income": NaN,
        "EBIT": NaN,
        "Net Income": NaN
    },
    "2019-12-31": {
        "Diluted EPS": 1.03,
        "Total Revenue": NaN,
        "Gross Profit": NaN,
        "Operating Income": NaN,
        "EBIT": NaN,
        "Net Income": 922
    },
    "2019-09-30": {
        "Diluted EPS": 0.72,
        "Total Revenue": NaN,
        "Gross Profit": NaN,
        "Operating Income": NaN,
        "EBIT": NaN,
        "Net Income": 648
    },
    "2019-06-30": {
        "Diluted EPS": 1.24,
        "Total Revenue": NaN,
        "Gross Profit": NaN,
        "Operating Income": NaN,
        "EBIT": NaN,
        "Net Income": NaN
    },
    "2019-03-31": {
        "Diluted EPS": 0.75,
        "Total Revenue": NaN,
        "Gross Profit": NaN,
        "Operating Income": NaN,
        "EBIT": NaN,
        "Net Income": 654
    },
    "2018-12-31": {
        "Diluted EPS": -0.63,
        "Total Revenue": NaN,
        "Gross Profit": NaN,
        "Operating Income": -736,
        "EBIT": NaN,
        "Net Income": -622
    },
    "2018-09-30": {
        "Diluted EPS": -1.41,
        "Total Revenue": NaN,
        "Gross Profit": -84,
        "Operating Income": NaN,
        "EBIT": -171,
        "Net Income": NaN
    },
    "2018-06-30": {
        "Diluted EPS": 1.02,
        "Total Revenue": NaN,
        "Gross Profit": NaN,
        "Operating Income": NaN,
        "EBIT": NaN,
        "Net Income": 937
    },
    "2018-03-31": {
        "Diluted EPS": 1.01,
        "Total Revenue": NaN,
        "Gross Profit": NaN,
        "Operating Income": NaN,
        "EBIT": NaN,
        "Net Income": 938
    },
    "2017-12-31": {
        "Diluted EPS": -7.0,
        "Total Revenue": NaN,
        "Gross Profit": NaN,
        "Operating Income": 733,
        "EBIT": NaN,
        "Net Income": NaN
    },
    "2017-09-30": {
        "Diluted EPS": -1.91,
        "Total Revenue": NaN,
        "Gross Profit": NaN,
        "Operating Income": NaN,
        "EBIT": NaN,
        "Net Income": NaN
    },
    "2017-06-30": {
        "Diluted EPS": 1.19,
        "Total Revenue": NaN,
        "Gross Profit": NaN,
        "Operating Income": NaN,
        "EBIT": NaN,
        "Net Income": NaN
    },
    "2017-03-31": {
        "Diluted EPS": 1.18,
        "Total Revenue": NaN,
        "Gross Profit": NaN,
        "Operating Income": NaN,
        "EBIT": NaN,
        "Net Income": NaN
    },
    "2016-12-31": {
        "Diluted EPS": -2.72,
        "Total Revenue": NaN,
        "Gross Profit": NaN,
        "Operating Income": NaN,
        "EBIT": NaN,
        "Net Income": NaN
    },
    "2016-09-30": {
        "Diluted EPS": 0.42,
        "Total Revenue": NaN,
        "Gross Profit": NaN,
        "Operating Income": 595,
        "EBIT": NaN,
        "Net Income": 462
    },
    "2016-06-30": {
        "Diluted EPS": 1.68,
        "Total Revenue": NaN,
        "Gross Profit": NaN,
        "Operating Income": NaN,
        "EBIT": NaN,
        "Net Income": NaN
    },
    "2016-03-31": {
        "Diluted EPS": -0.16,
        "Total Revenue": NaN,
        "Gross Profit": NaN,
        "Operating Income": NaN,
        "EBIT": NaN,
        "Net Income": -183
    },
    "2015-12-31": {
        "Diluted EPS": -1.27,
        "Total Revenue": NaN,
        "Gross Profit": NaN,
        "Operating Income": NaN,
        "EBIT": NaN,
        "Net Income": NaN
    },
    "2015-09-30": {
        "Diluted EPS": -0.18,
        "Total Revenue": NaN,
        "Gross Profit": NaN,
        "Operating Income": 234,
        "EBIT": NaN,
        "Net Income": -231
    },
    "2015-06-30": {
        "Diluted EPS": 1.32,
        "Total Revenue": NaN,
        "Gross Profit": NaN,
        "Operating Income": NaN,
        "EBIT": NaN,
        "Net Income": NaN
    },
    "2015-03-31": {
        "Diluted EPS": 1.78,
        "Total Revenue": NaN,
        "Gross Profit": NaN,
        "Operating Income": NaN,
        "EBIT": NaN,
        "Net Income": NaN
    },
    "2014-12-31": {
        "Diluted EPS": 0.49,
        "Total Revenue": NaN,
        "Gross Profit": 659,
        "Operating Income": NaN,
        "EBIT": 394,
        "Net Income": 655
    },
    "2014-09-30": {
        "Diluted EPS": 1.52,
        "Total Revenue": NaN,
        "Gross Profit": NaN,
        "Operating Income": NaN,
        "EBIT": NaN,
        "Net Income": NaN
    },
    "2014-06-30": {
        "Diluted EPS": 2.1,
        "Total Revenue": NaN,
        "Gross Profit": NaN,
        "Operating Income": NaN,
        "EBIT": NaN,
        "Net Income": NaN
    },
    "2014-03-31": {
        "Diluted EPS": 1.09,
        "Total Revenue": NaN,
        "Gross Profit": NaN,
        "Operating Income": NaN,
        "EBIT": NaN,
        "Net Income": NaN
    },
    "2013-12-31": {
        "Diluted EPS": 1.34,
        "Total Revenue": NaN,
        "Gross Profit": NaN,
        "Operating Income": -607,
        "EBIT": NaN,
        "Net Income": NaN
    },
    "2013-09-30": {
        "Diluted EPS": 1.46,
        "Total Revenue": NaN,
        "Gross Profit": NaN,
        "Operating Income": NaN,
        "EBIT": NaN,
        "Net Income": NaN
    },
    "2013-06-30": {
        "Diluted EPS": 1.84,
        "Total Revenue": NaN,
        "Gross Profit": NaN,
        "Operating Income": NaN,
        "EBIT": NaN,
        "Net Income": NaN
    },
    "2013-03-31": {
        "Diluted EPS": 1.49,
        "Total Revenue": NaN,
        "Gross Profit": NaN,
        "Operating Income": NaN,
        "EBIT": NaN,
        "Net Income": NaN
    },
    "2012-12-31": {
        "Diluted EPS": -2.13,
        "Total Revenue": NaN,
        "Gross Profit": NaN,
        "Operating Income": NaN,
        "EBIT": NaN,
        "Net Income": NaN
    },
    "2012-09-30": {
        "Diluted EPS": 1.13,
        "Total Revenue": NaN,
        "Gross Profit": NaN,
        "Operating Income": NaN,
        "EBIT": NaN,
        "Net Income": NaN
    },
    "2012-06-30": {
        "Diluted EPS": 1.33,
        "Total Revenue": NaN,
        "Gross Profit": NaN,
        "Operating Income": NaN,
        "EBIT": NaN,
        "Net Income": NaN
    },
    "2012-03-31": {
        "Diluted EPS": 1.71,
        "Total Revenue": NaN,
        "Gross Profit": NaN,
        "Operating Income": NaN,
        "EBIT": NaN,
        "Net Income": NaN
    },
    "2011-12-31": {
        "Diluted EPS": 11.8,
        "Total Revenue": NaN,
        "Gross Profit": NaN,
        "Operating Income": NaN,
        "EBIT": NaN,
        "Net Income": NaN
    },
    "2011-09-30": {
        "Diluted EPS": -2.1,
        "Total Revenue": NaN,
        "Gross Profit": NaN,
        "Operating Income": NaN,
        "EBIT": -391,
        "Net Income": NaN
    },
    "2011-06-30": {
        "Diluted EPS": 1.0,
        "Total Revenue": NaN,
        "Gross Profit": NaN,
        "Operating Income": NaN,
        "EBIT": NaN,
        "Net Income": NaN
    },
    "2011-03-31": {
        "Diluted EPS": 0.31,
        "Total Revenue": NaN,
        "Gross Profit": NaN,
        "Operating Income": NaN,
        "EBIT": NaN,
        "Net Income": 485
    },
    "2010-12-31": {
        "Diluted EPS": 50.42,
        "Total Revenue": NaN,
        "Gross Profit": NaN,
        "Operating Income": NaN,
        "EBIT": NaN,
        "Net Income": NaN
    },
    "2010-09-30": {
        "Diluted EPS": -18.53,
        "Total Revenue": NaN,
        "Gross Profit": NaN,
        "Operating Income": NaN,
        "EBIT": NaN,
        "Net Income": NaN
    },
    "2010-06-30": {
        "Diluted EPS": -19.57,
        "Total Revenue": NaN,
        "Gross Profit": NaN,
        "Operating Income": NaN,
        "EBIT": NaN,
        "Net Income": NaN
    },
    "2010-03-31": {
        "Diluted EPS": 2.66,
        "Total Revenue": NaN,
        "Gross Profit": NaN,
        "Operating Income": NaN,
        "EBIT": NaN,
        "Net Income": 359
    },
    "2009-12-31": {
        "Diluted EPS": -53.79,
        "Total Revenue": NaN,
        "Gross Profit": NaN,
        "Operating Income": NaN,
        "EBIT": -510,
        "Net Income": NaN
    },
    "2009-09-30": {
        "Diluted EPS": 0.68,
        "Total Revenue": NaN,
        "Gross Profit": NaN,
        "Operating Income": NaN,
        "EBIT": NaN,
        "Net Income": 92
    },
    "2009-06-30": {
        "Diluted EPS": 2.3,
        "Total Revenue": NaN,
        "Gross Profit": NaN,
        "Operating Income": NaN,
        "EBIT": NaN,
        "Net Income": 311
    },
    "2009-03-31": {
        "Diluted EPS": -39.67,
        "Total Revenue": NaN,
        "Gross Profit": NaN,
        "Operating Income": NaN,
        "EBIT": NaN,
        "Net Income": NaN
    },
    "2023-09-30": {
        "Tax Effect Of Unusual Items": NaN,
        "Tax Rate For Calcs": NaN,
        "Total Unusual Items": NaN,
        "Total Unusual Items Excluding Goodwill": NaN,
        "Net Income From Continuing Operation Net Minority Interest": NaN,
        "Reconciled Depreciation": NaN,
        "EBIT": NaN,
        "Net Interest Income": NaN,
        "Interest Expense": NaN,
        "Interest Income": NaN,
        "Normalized Income": NaN,
        "Net Income From Continuing And Discontinued Operation": NaN,
        "Total Expenses": NaN,
        "Diluted Average Shares": NaN,
        "Basic Average Shares": NaN,
        "Diluted EPS": NaN,
        "Basic EPS": NaN,
        "Diluted NI Availto Com Stockholders": NaN,
        "Net Income Common Stockholders": NaN,
        "Preferred Stock Dividends": 7000000.0,
        "Net Income": NaN,
        "Minority Interests": NaN,
        "Net Income Including Noncontrolling Interests": NaN,
        "Net Income Discontinuous Operations": NaN,
        "Net Income Continuous Operations": NaN,
        "Tax Provision": NaN,
        "Pretax Income": NaN,
        "Other Income Expense": NaN,
        "Special Income Charges": NaN,
        "Other Special Charges": NaN,
        "Net Non Operating Interest Income Expense": NaN,
        "Interest Expense Non Operating": NaN,
        "Other Operating Expenses": NaN,
        "Selling General And Administration": NaN,
        "General And Administrative Expense": NaN,
        "Other Gand A": NaN,
        "Total Revenue": NaN,
        "Operating Revenue": NaN,
        "Loss Adjustment Expense": NaN,
        "Net Policyholder Benefits And Claims": NaN,
        "Policyholder Benefits Gross": 4982000000.0
    },
    "2023-12-31": {
        "Tax Effect Of Unusual Items": NaN,
        "Tax Rate For Calcs": NaN,
        "Total Unusual Items": NaN,
        "Total Unusual Items Excluding Goodwill": NaN,
        "Net Income From Continuing Operation Net Minority Interest": NaN,
        "Reconciled Depreciation": NaN,
        "EBIT": NaN,
        "Net Interest Income": NaN,
        "Interest Expense": NaN,
        "Interest Income": NaN,
        "Normalized Income": NaN,
        "Net Income From Continuing And Discontinued Operation": NaN,
        "Total Expenses": NaN,
        "Diluted Average Shares": NaN,
        "Basic Average Shares": NaN,
        "Diluted EPS": NaN,
        "Basic EPS": NaN,
        "Diluted NI Availto Com Stockholders": NaN,
        "Net Income Common Stockholders": NaN,
        "Preferred Stock Dividends": 7000000.0,
        "Net Income": NaN,
        "Minority Interests": NaN,
        "Net Income Including Noncontrolling Interests": NaN,
        "Net Income Discontinuous Operations": NaN,
        "Net Income Continuous Operations": NaN,
        "Tax Provision": NaN,
        "Pretax Income": NaN,
        "Other Income Expense": NaN,
        "Special Income Charges": NaN,
        "Other Special Charges": NaN,
        "Net Non Operating Interest Income Expense": NaN,
        "Interest Expense Non Operating": NaN,
        "Other Operating Expenses": NaN,
        "Selling General And Administration": NaN,
        "General And Administrative Expense": NaN,
        "Other Gand A": NaN,
        "Total Revenue": NaN,
        "Operating Revenue": NaN,
        "Loss Adjustment Expense": NaN,
        "Net Policyholder Benefits And Claims": NaN,
        "Policyholder Benefits Gross": 6518000000.0
    },
    "2024-03-31": {
        "Tax Effect Of Unusual Items": NaN,
        "Tax Rate For Calcs": NaN,
        "Total Unusual Items": NaN,
        "Total Unusual Items Excluding Goodwill": NaN,
        "Net Income From Continuing Operation Net Minority Interest": NaN,
        "Reconciled Depreciation": NaN,
        "EBIT": NaN,
        "Net Interest Income": NaN,
        "Interest Expense": NaN,
        "Interest Income": NaN,
        "Normalized Income": NaN,
        "Net Income From Continuing And Discontinued Operation": NaN,
        "Total Expenses": NaN,
        "Diluted Average Shares": NaN,
        "Basic Average Shares": NaN,
        "Diluted EPS": NaN,
        "Basic EPS": NaN,
        "Diluted NI Availto Com Stockholders": NaN,
        "Net Income Common Stockholders": NaN,
        "Preferred Stock Dividends": 22000000.0,
        "Net Income": NaN,
        "Minority Interests": NaN,
        "Net Income Including Noncontrolling Interests": NaN,
        "Net Income Discontinuous Operations": NaN,
        "Net Income Continuous Operations": NaN,
        "Tax Provision": NaN,
        "Pretax Income": NaN,
        "Other Income Expense": 217000000.0,
        "Special Income Charges": NaN,
        "Other Special Charges": NaN,
        "Net Non Operating Interest Income Expense": NaN,
        "Interest Expense Non Operating": NaN,
        "Other Operating Expenses": NaN,
        "Selling General And Administration": NaN,
        "General And Administrative Expense": NaN,
        "Other Gand A": NaN,
        "Total Revenue": NaN,
        "Operating Revenue": NaN,
        "Loss Adjustment Expense": NaN,
        "Net Policyholder Benefits And Claims": NaN,
        "Policyholder Benefits Gross": 6320000000.0
    },
    "2024-06-30": {
        "Tax Effect Of Unusual Items": 23230000.0,
        "Tax Rate For Calcs": 0.23,
        "Total Unusual Items": 101000000.0,
        "Total Unusual Items Excluding Goodwill": 101000000.0,
        "Net Income From Continuing Operation Net Minority Interest": 382000000.0,
        "Reconciled Depreciation": 900000000.0,
        "EBIT": 742000000.0,
        "Net Interest Income": -125000000.0,
        "Interest Expense": 125000000.0,
        "Interest Income": 73000000.0,
        "Normalized Income": 304230000.0,
        "Net Income From Continuing And Discontinued Operation": -3977000000.0,
        "Total Expenses": 5952000000.0,
        "Diluted Average Shares": 666955168.0,
        "Basic Average Shares": 661092967.0,
        "Diluted EPS": -6.02,
        "Basic EPS": -6.02,
        "Diluted NI Availto Com Stockholders": -3977000000.0,
        "Net Income Common Stockholders": -3977000000.0,
        "Preferred Stock Dividends": NaN,
        "Net Income": -3977000000.0,
        "Minority Interests": -93000000.0,
        "Net Income Including Noncontrolling Interests": -3884000000.0,
        "Net Income Discontinuous Operations": -4359000000.0,
        "Net Income Continuous Operations": 475000000.0,
        "Tax Provision": 142000000.0,
        "Pretax Income": 617000000.0,
        "Other Income Expense": 2000000.0,
        "Special Income Charges": 101000000.0,
        "Other Special Charges": -101000000.0,
        "Net Non Operating Interest Income Expense": -125000000.0,
        "Interest Expense Non Operating": 125000000.0,
        "Other Operating Expenses": 9000000.0,
        "Selling General And Administration": 1610000000.0,
        "General And Administrative Expense": 1610000000.0,
        "Other Gand A": 1610000000.0,
        "Total Revenue": 6569000000.0,
        "Operating Revenue": 6569000000.0,
        "Loss Adjustment Expense": 3467000000.0,
        "Net Policyholder Benefits And Claims": 3467000000.0,
        "Policyholder Benefits Gross": NaN
    },
    "2024-09-30": {
        "Tax Effect Of Unusual Items": -2072000.0,
        "Tax Rate For Calcs": 0.259,
        "Total Unusual Items": -8000000.0,
        "Total Unusual Items Excluding Goodwill": -8000000.0,
        "Net Income From Continuing Operation Net Minority Interest": 483000000.0,
        "Reconciled Depreciation": 856000000.0,
        "EBIT": 761000000.0,
        "Net Interest Income": -112000000.0,
        "Interest Expense": 112000000.0,
        "Interest Income": 61000000.0,
        "Normalized Income": 488928000.0,
        "Net Income From Continuing And Discontinued Operation": 459000000.0,
        "Total Expenses": 6106000000.0,
        "Diluted Average Shares": 647365442.0,
        "Basic Average Shares": 641621768.0,
        "Diluted EPS": 0.71,
        "Basic EPS": 0.72,
        "Diluted NI Availto Com Stockholders": 459000000.0,
        "Net Income Common Stockholders": 459000000.0,
        "Preferred Stock Dividends": NaN,
        "Net Income": 459000000.0,
        "Minority Interests": 2000000.0,
        "Net Income Including Noncontrolling Interests": 457000000.0,
        "Net Income Discontinuous Operations": -24000000.0,
        "Net Income Continuous Operations": 481000000.0,
        "Tax Provision": 168000000.0,
        "Pretax Income": 649000000.0,
        "Other Income Expense": NaN,
        "Special Income Charges": -8000000.0,
        "Other Special Charges": 8000000.0,
        "Net Non Operating Interest Income Expense": -112000000.0,
        "Interest Expense Non Operating": 112000000.0,
        "Other Operating Expenses": 4000000.0,
        "Selling General And Administration": 1346000000.0,
        "General And Administrative Expense": 1346000000.0,
        "Other Gand A": 1346000000.0,
        "Total Revenue": 6755000000.0,
        "Operating Revenue": 6755000000.0,
        "Loss Adjustment Expense": 3773000000.0,
        "Net Policyholder Benefits And Claims": 3773000000.0,
        "Policyholder Benefits Gross": NaN
    },
    "2024-12-31": {
        "Tax Effect Of Unusual Items": 197212807.244502,
        "Tax Rate For Calcs": 0.387451,
        "Total Unusual Items": 509000000.0,
        "Total Unusual Items Excluding Goodwill": 509000000.0,
        "Net Income From Continuing Operation Net Minority Interest": 944000000.0,
        "Reconciled Depreciation": 990000000.0,
        "EBIT": 1655000000.0,
        "Net Interest Income": -109000000.0,
        "Interest Expense": 109000000.0,
        "Interest Income": 50000000.0,
        "Normalized Income": 632212807.244502,
        "Net Income From Continuing And Discontinued Operation": 898000000.0,
        "Total Expenses": 5631000000.0,
        "Diluted Average Shares": 627200000.0,
        "Basic Average Shares": 606159452.0,
        "Diluted EPS": 1.43,
        "Basic EPS": 1.481458,
        "Diluted NI Availto Com Stockholders": 898000000.0,
        "Net Income Common Stockholders": 898000000.0,
        "Preferred Stock Dividends": 0.0,
        "Net Income": 898000000.0,
        "Minority Interests": -3000000.0,
        "Net Income Including Noncontrolling Interests": 901000000.0,
        "Net Income Discontinuous Operations": -46000000.0,
        "Net Income Continuous Operations": 947000000.0,
        "Tax Provision": 599000000.0,
        "Pretax Income": 1546000000.0,
        "Other Income Expense": 167000000.0,
        "Special Income Charges": 509000000.0,
        "Other Special Charges": -509000000.0,
        "Net Non Operating Interest Income Expense": -109000000.0,
        "Interest Expense Non Operating": 109000000.0,
        "Other Operating Expenses": 0.0,
        "Selling General And Administration": 1335000000.0,
        "General And Administrative Expense": 1335000000.0,
        "Other Gand A": 1335000000.0,
        "Total Revenue": 7173000000.0,
        "Operating Revenue": 7173000000.0,
        "Loss Adjustment Expense": 3814000000.0,
        "Net Policyholder Benefits And Claims": 3814000000.0,
        "Policyholder Benefits Gross": NaN
    },
    "2025-03-31": {
        "Tax Effect Of Unusual Items": 819000.0,
        "Tax Rate For Calcs": 0.273,
        "Total Unusual Items": 3000000.0,
        "Total Unusual Items Excluding Goodwill": 3000000.0,
        "Net Income From Continuing Operation Net Minority Interest": 698000000.0,
        "Reconciled Depreciation": 866000000.0,
        "EBIT": 1052000000.0,
        "Net Interest Income": -92000000.0,
        "Interest Expense": 92000000.0,
        "Interest Income": 51000000.0,
        "Normalized Income": 695819000.0,
        "Net Income From Continuing And Discontinued Operation": 698000000.0,
        "Total Expenses": 5814000000.0,
        "Diluted Average Shares": 599240046.0,
        "Basic Average Shares": 593839665.0,
        "Diluted EPS": 1.16,
        "Basic EPS": 1.18,
        "Diluted NI Availto Com Stockholders": 698000000.0,
        "Net Income Common Stockholders": 698000000.0,
        "Preferred Stock Dividends": NaN,
        "Net Income": 698000000.0,
        "Minority Interests": 0.0,
        "Net Income Including Noncontrolling Interests": 698000000.0,
        "Net Income Discontinuous Operations": 0.0,
        "Net Income Continuous Operations": 698000000.0,
        "Tax Provision": 262000000.0,
        "Pretax Income": 960000000.0,
        "Other Income Expense": 42000000.0,
        "Special Income Charges": 3000000.0,
        "Other Special Charges": -3000000.0,
        "Net Non Operating Interest Income Expense": -92000000.0,
        "Interest Expense Non Operating": 92000000.0,
        "Other Operating Expenses": -9000000.0,
        "Selling General And Administration": 1115000000.0,
        "General And Administrative Expense": 1115000000.0,
        "Other Gand A": 1115000000.0,
        "Total Revenue": 6774000000.0,
        "Operating Revenue": 6774000000.0,
        "Loss Adjustment Expense": 3794000000.0,
        "Net Policyholder Benefits And Claims": 3794000000.0,
        "Policyholder Benefits Gross": NaN
    },
    "2025-06-30": {
        "Tax Effect Of Unusual Items": 14245000.0,
        "Tax Rate For Calcs": 0.259,
        "Total Unusual Items": 55000000.0,
        "Total Unusual Items Excluding Goodwill": 55000000.0,
        "Net Income From Continuing Operation Net Minority Interest": 1144000000.0,
        "Reconciled Depreciation": 883000000.0,
        "EBIT": 1644000000.0,
        "Net Interest Income": -100000000.0,
        "Interest Expense": 100000000.0,
        "Interest Income": 53000000.0,
        "Normalized Income": 1103245000.0,
        "Net Income From Continuing And Discontinued Operation": 1144000000.0,
        "Total Expenses": 5497000000.0,
        "Diluted Average Shares": 577941232.0,
        "Basic Average Shares": 572817409.0,
        "Diluted EPS": 1.98,
        "Basic EPS": 2.0,
        "Diluted NI Availto Com Stockholders": 1144000000.0,
        "Net Income Common Stockholders": 1144000000.0,
        "Preferred Stock Dividends": NaN,
        "Net Income": 1144000000.0,
        "Minority Interests": 0.0,
        "Net Income Including Noncontrolling Interests": 1144000000.0,
        "Net Income Discontinuous Operations": 0.0,
        "Net Income Continuous Operations": 1144000000.0,
        "Tax Provision": 400000000.0,
        "Pretax Income": 1544000000.0,
        "Other Income Expense": 6000000.0,
        "Special Income Charges": 55000000.0,
        "Other Special Charges": -55000000.0,
        "Net Non Operating Interest Income Expense": -100000000.0,
        "Interest Expense Non Operating": 100000000.0,
        "Other Operating Expenses": -50000000.0,
        "Selling General And Administration": 1162000000.0,
        "General And Administrative Expense": 1162000000.0,
        "Other Gand A": 1162000000.0,
        "Total Revenue": 7041000000.0,
        "Operating Revenue": 7041000000.0,
        "Loss Adjustment Expense": 3493000000.0,
        "Net Policyholder Benefits And Claims": 3493000000.0,
        "Policyholder Benefits Gross": NaN
    }
}