{
    "2023-12-31": {
        "Tax Effect Of Unusual Items": NaN,
        "Tax Rate For Calcs": NaN,
        "Normalized EBITDA": NaN,
        "Total Unusual Items": NaN,
        "Total Unusual Items Excluding Goodwill": NaN,
        "Net Income From Continuing Operation Net Minority Interest": NaN,
        "Reconciled Depreciation": NaN,
        "Reconciled Cost Of Revenue": NaN,
        "EBITDA": NaN,
        "EBIT": NaN,
        "Net Interest Income": NaN,
        "Interest Expense": NaN,
        "Interest Income": NaN,
        "Normalized Income": NaN,
        "Net Income From Continuing And Discontinued Operation": NaN,
        "Total Expenses": NaN,
        "Total Operating Income As Reported": NaN,
        "Diluted Average Shares": NaN,
        "Basic Average Shares": NaN,
        "Diluted EPS": NaN,
        "Basic EPS": NaN,
        "Diluted NI Availto Com Stockholders": NaN,
        "Net Income Common Stockholders": NaN,
        "Otherunder Preferred Stock Dividend": NaN,
        "Preferred Stock Dividends": 1129000.0,
        "Net Income": NaN,
        "Minority Interests": NaN,
        "Net Income Including Noncontrolling Interests": NaN,
        "Net Income Continuous Operations": NaN,
        "Tax Provision": NaN,
        "Pretax Income": NaN,
        "Other Income Expense": NaN,
        "Other Non Operating Income Expenses": NaN,
        "Special Income Charges": NaN,
        "Restructuring And Mergern Acquisition": NaN,
        "Net Non Operating Interest Income Expense": NaN,
        "Interest Expense Non Operating": NaN,
        "Interest Income Non Operating": NaN,
        "Operating Income": NaN,
        "Operating Expense": NaN,
        "Research And Development": NaN,
        "Selling General And Administration": NaN,
        "Gross Profit": NaN,
        "Cost Of Revenue": NaN,
        "Total Revenue": NaN,
        "Operating Revenue": NaN
    },
    "2023-09-30": {
        "Tax Effect Of Unusual Items": NaN,
        "Tax Rate For Calcs": NaN,
        "Normalized EBITDA": NaN,
        "Total Unusual Items": NaN,
        "Total Unusual Items Excluding Goodwill": NaN,
        "Net Income From Continuing Operation Net Minority Interest": NaN,
        "Reconciled Depreciation": NaN,
        "Reconciled Cost Of Revenue": NaN,
        "EBITDA": NaN,
        "EBIT": NaN,
        "Net Interest Income": NaN,
        "Interest Expense": NaN,
        "Interest Income": NaN,
        "Normalized Income": NaN,
        "Net Income From Continuing And Discontinued Operation": NaN,
        "Total Expenses": NaN,
        "Total Operating Income As Reported": NaN,
        "Diluted Average Shares": 35653000.0,
        "Basic Average Shares": 35653000.0,
        "Diluted EPS": -0.14,
        "Basic EPS": -0.14,
        "Diluted NI Availto Com Stockholders": NaN,
        "Net Income Common Stockholders": NaN,
        "Otherunder Preferred Stock Dividend": NaN,
        "Preferred Stock Dividends": 1128000.0,
        "Net Income": NaN,
        "Minority Interests": NaN,
        "Net Income Including Noncontrolling Interests": NaN,
        "Net Income Continuous Operations": NaN,
        "Tax Provision": NaN,
        "Pretax Income": NaN,
        "Other Income Expense": NaN,
        "Other Non Operating Income Expenses": NaN,
        "Special Income Charges": NaN,
        "Restructuring And Mergern Acquisition": NaN,
        "Net Non Operating Interest Income Expense": NaN,
        "Interest Expense Non Operating": NaN,
        "Interest Income Non Operating": NaN,
        "Operating Income": NaN,
        "Operating Expense": NaN,
        "Research And Development": NaN,
        "Selling General And Administration": NaN,
        "Gross Profit": NaN,
        "Cost Of Revenue": NaN,
        "Total Revenue": NaN,
        "Operating Revenue": NaN
    },
    "2023-06-30": {
        "Tax Effect Of Unusual Items": NaN,
        "Tax Rate For Calcs": NaN,
        "Normalized EBITDA": NaN,
        "Total Unusual Items": NaN,
        "Total Unusual Items Excluding Goodwill": NaN,
        "Net Income From Continuing Operation Net Minority Interest": NaN,
        "Reconciled Depreciation": NaN,
        "Reconciled Cost Of Revenue": NaN,
        "EBITDA": NaN,
        "EBIT": NaN,
        "Net Interest Income": NaN,
        "Interest Expense": NaN,
        "Interest Income": NaN,
        "Normalized Income": NaN,
        "Net Income From Continuing And Discontinued Operation": NaN,
        "Total Expenses": NaN,
        "Total Operating Income As Reported": NaN,
        "Diluted Average Shares": NaN,
        "Basic Average Shares": NaN,
        "Diluted EPS": NaN,
        "Basic EPS": NaN,
        "Diluted NI Availto Com Stockholders": NaN,
        "Net Income Common Stockholders": NaN,
        "Otherunder Preferred Stock Dividend": NaN,
        "Preferred Stock Dividends": 1129000.0,
        "Net Income": NaN,
        "Minority Interests": NaN,
        "Net Income Including Noncontrolling Interests": NaN,
        "Net Income Continuous Operations": NaN,
        "Tax Provision": NaN,
        "Pretax Income": NaN,
        "Other Income Expense": NaN,
        "Other Non Operating Income Expenses": NaN,
        "Special Income Charges": NaN,
        "Restructuring And Mergern Acquisition": NaN,
        "Net Non Operating Interest Income Expense": NaN,
        "Interest Expense Non Operating": NaN,
        "Interest Income Non Operating": NaN,
        "Operating Income": NaN,
        "Operating Expense": NaN,
        "Research And Development": NaN,
        "Selling General And Administration": NaN,
        "Gross Profit": NaN,
        "Cost Of Revenue": NaN,
        "Total Revenue": NaN,
        "Operating Revenue": NaN
    },
    "2023-03-31": {
        "Tax Effect Of Unusual Items": NaN,
        "Tax Rate For Calcs": NaN,
        "Normalized EBITDA": NaN,
        "Total Unusual Items": NaN,
        "Total Unusual Items Excluding Goodwill": NaN,
        "Net Income From Continuing Operation Net Minority Interest": NaN,
        "Reconciled Depreciation": NaN,
        "Reconciled Cost Of Revenue": NaN,
        "EBITDA": NaN,
        "EBIT": NaN,
        "Net Interest Income": NaN,
        "Interest Expense": NaN,
        "Interest Income": NaN,
        "Normalized Income": NaN,
        "Net Income From Continuing And Discontinued Operation": NaN,
        "Total Expenses": NaN,
        "Total Operating Income As Reported": NaN,
        "Diluted Average Shares": 43702000.0,
        "Basic Average Shares": 35548000.0,
        "Diluted EPS": 0.08,
        "Basic EPS": 0.1,
        "Diluted NI Availto Com Stockholders": NaN,
        "Net Income Common Stockholders": NaN,
        "Otherunder Preferred Stock Dividend": NaN,
        "Preferred Stock Dividends": NaN,
        "Net Income": NaN,
        "Minority Interests": NaN,
        "Net Income Including Noncontrolling Interests": NaN,
        "Net Income Continuous Operations": NaN,
        "Tax Provision": NaN,
        "Pretax Income": NaN,
        "Other Income Expense": NaN,
        "Other Non Operating Income Expenses": NaN,
        "Special Income Charges": NaN,
        "Restructuring And Mergern Acquisition": NaN,
        "Net Non Operating Interest Income Expense": NaN,
        "Interest Expense Non Operating": NaN,
        "Interest Income Non Operating": NaN,
        "Operating Income": NaN,
        "Operating Expense": NaN,
        "Research And Development": NaN,
        "Selling General And Administration": NaN,
        "Gross Profit": NaN,
        "Cost Of Revenue": NaN,
        "Total Revenue": NaN,
        "Operating Revenue": NaN
    },
    "2022-12-31": {
        "Tax Effect Of Unusual Items": 0.0,
        "Tax Rate For Calcs": 0.21,
        "Normalized EBITDA": 864000.0,
        "Total Unusual Items": NaN,
        "Total Unusual Items Excluding Goodwill": NaN,
        "Net Income From Continuing Operation Net Minority Interest": -1656000.0,
        "Reconciled Depreciation": 2110000.0,
        "Reconciled Cost Of Revenue": 16753000.0,
        "EBITDA": 864000.0,
        "EBIT": -1246000.0,
        "Net Interest Income": -245000.0,
        "Interest Expense": NaN,
        "Interest Income": -245000.0,
        "Normalized Income": -1656000.0,
        "Net Income From Continuing And Discontinued Operation": -1656000.0,
        "Total Expenses": 34360000.0,
        "Total Operating Income As Reported": -1246000.0,
        "Diluted Average Shares": 35446000.0,
        "Basic Average Shares": 35446000.0,
        "Diluted EPS": -0.08,
        "Basic EPS": -0.08,
        "Diluted NI Availto Com Stockholders": -2911000.0,
        "Net Income Common Stockholders": -2911000.0,
        "Otherunder Preferred Stock Dividend": 167000.0,
        "Preferred Stock Dividends": 1088000.0,
        "Net Income": -1656000.0,
        "Minority Interests": 1000.0,
        "Net Income Including Noncontrolling Interests": -1657000.0,
        "Net Income Continuous Operations": -1657000.0,
        "Tax Provision": 189000.0,
        "Pretax Income": -1468000.0,
        "Other Income Expense": 23000.0,
        "Other Non Operating Income Expenses": 23000.0,
        "Special Income Charges": NaN,
        "Restructuring And Mergern Acquisition": NaN,
        "Net Non Operating Interest Income Expense": -245000.0,
        "Interest Expense Non Operating": NaN,
        "Interest Income Non Operating": -245000.0,
        "Operating Income": -1246000.0,
        "Operating Expense": 17607000.0,
        "Research And Development": 1999000.0,
        "Selling General And Administration": 15608000.0,
        "Gross Profit": 16361000.0,
        "Cost Of Revenue": 16753000.0,
        "Total Revenue": 33114000.0,
        "Operating Revenue": 33114000.0
    },
    "2024-06-30": {
        "Tax Effect Of Unusual Items": NaN,
        "Tax Rate For Calcs": NaN,
        "Normalized EBITDA": NaN,
        "Total Unusual Items": 0.0,
        "Total Unusual Items Excluding Goodwill": 0.0,
        "Net Income From Continuing Operation Net Minority Interest": NaN,
        "Reconciled Depreciation": NaN,
        "Reconciled Cost Of Revenue": NaN,
        "EBITDA": NaN,
        "EBIT": NaN,
        "Net Interest Income": NaN,
        "Interest Expense": NaN,
        "Interest Income": NaN,
        "Normalized Income": NaN,
        "Net Income From Continuing And Discontinued Operation": NaN,
        "Total Expenses": NaN,
        "Total Operating Income As Reported": NaN,
        "Diluted Average Shares": NaN,
        "Basic Average Shares": NaN,
        "Diluted EPS": NaN,
        "Basic EPS": NaN,
        "Diluted NI Availto Com Stockholders": NaN,
        "Net Income Common Stockholders": NaN,
        "Otherunder Preferred Stock Dividend": 0.0,
        "Preferred Stock Dividends": 25000.0,
        "Net Income": NaN,
        "Minority Interests": NaN,
        "Net Income Including Noncontrolling Interests": NaN,
        "Net Income Continuous Operations": NaN,
        "Tax Provision": NaN,
        "Pretax Income": NaN,
        "Other Income Expense": NaN,
        "Other Non Operating Income Expenses": NaN,
        "Special Income Charges": 0.0,
        "Restructuring And Mergern Acquisition": 0.0,
        "Net Non Operating Interest Income Expense": NaN,
        "Interest Expense Non Operating": NaN,
        "Interest Income Non Operating": NaN,
        "Operating Income": NaN,
        "Operating Expense": NaN,
        "Research And Development": NaN,
        "Selling General And Administration": NaN,
        "Gross Profit": NaN,
        "Cost Of Revenue": NaN,
        "Total Revenue": NaN,
        "Operating Revenue": NaN
    },
    "2024-03-31": {
        "Tax Effect Of Unusual Items": NaN,
        "Tax Rate For Calcs": NaN,
        "Normalized EBITDA": NaN,
        "Total Unusual Items": 0.0,
        "Total Unusual Items Excluding Goodwill": 0.0,
        "Net Income From Continuing Operation Net Minority Interest": NaN,
        "Reconciled Depreciation": NaN,
        "Reconciled Cost Of Revenue": NaN,
        "EBITDA": NaN,
        "EBIT": NaN,
        "Net Interest Income": NaN,
        "Interest Expense": NaN,
        "Interest Income": NaN,
        "Normalized Income": NaN,
        "Net Income From Continuing And Discontinued Operation": NaN,
        "Total Expenses": NaN,
        "Total Operating Income As Reported": NaN,
        "Diluted Average Shares": NaN,
        "Basic Average Shares": NaN,
        "Diluted EPS": NaN,
        "Basic EPS": NaN,
        "Diluted NI Availto Com Stockholders": NaN,
        "Net Income Common Stockholders": NaN,
        "Otherunder Preferred Stock Dividend": 9996000.0,
        "Preferred Stock Dividends": 1128000.0,
        "Net Income": NaN,
        "Minority Interests": NaN,
        "Net Income Including Noncontrolling Interests": NaN,
        "Net Income Continuous Operations": NaN,
        "Tax Provision": NaN,
        "Pretax Income": NaN,
        "Other Income Expense": NaN,
        "Other Non Operating Income Expenses": NaN,
        "Special Income Charges": 0.0,
        "Restructuring And Mergern Acquisition": 0.0,
        "Net Non Operating Interest Income Expense": NaN,
        "Interest Expense Non Operating": NaN,
        "Interest Income Non Operating": NaN,
        "Operating Income": NaN,
        "Operating Expense": NaN,
        "Research And Development": NaN,
        "Selling General And Administration": NaN,
        "Gross Profit": NaN,
        "Cost Of Revenue": NaN,
        "Total Revenue": NaN,
        "Operating Revenue": NaN
    },
    "2024-09-30": {
        "Tax Effect Of Unusual Items": 0.0,
        "Tax Rate For Calcs": 0.21,
        "Normalized EBITDA": 11479000.0,
        "Total Unusual Items": 0.0,
        "Total Unusual Items Excluding Goodwill": 0.0,
        "Net Income From Continuing Operation Net Minority Interest": -1888000.0,
        "Reconciled Depreciation": 9064000.0,
        "Reconciled Cost Of Revenue": 35675000.0,
        "EBITDA": 11479000.0,
        "EBIT": 2415000.0,
        "Net Interest Income": -3874000.0,
        "Interest Expense": 4042000.0,
        "Interest Income": 168000.0,
        "Normalized Income": -1888000.0,
        "Net Income From Continuing And Discontinued Operation": -1888000.0,
        "Total Expenses": 76445000.0,
        "Total Operating Income As Reported": 573000.0,
        "Diluted Average Shares": 107532000.0,
        "Basic Average Shares": 107532000.0,
        "Diluted EPS": -0.02,
        "Basic EPS": -0.02,
        "Diluted NI Availto Com Stockholders": -1888000.0,
        "Net Income Common Stockholders": -1888000.0,
        "Otherunder Preferred Stock Dividend": 0.0,
        "Preferred Stock Dividends": NaN,
        "Net Income": -1888000.0,
        "Minority Interests": -5000.0,
        "Net Income Including Noncontrolling Interests": -1883000.0,
        "Net Income Continuous Operations": -1883000.0,
        "Tax Provision": 256000.0,
        "Pretax Income": -1627000.0,
        "Other Income Expense": 1674000.0,
        "Other Non Operating Income Expenses": 1674000.0,
        "Special Income Charges": 0.0,
        "Restructuring And Mergern Acquisition": 0.0,
        "Net Non Operating Interest Income Expense": -3874000.0,
        "Interest Expense Non Operating": 4042000.0,
        "Interest Income Non Operating": 168000.0,
        "Operating Income": 573000.0,
        "Operating Expense": 40770000.0,
        "Research And Development": 3435000.0,
        "Selling General And Administration": 37335000.0,
        "Gross Profit": 41343000.0,
        "Cost Of Revenue": 35675000.0,
        "Total Revenue": 77018000.0,
        "Operating Revenue": 77018000.0
    },
    "2024-12-31": {
        "Tax Effect Of Unusual Items": 0.0,
        "Tax Rate For Calcs": 0.21,
        "Normalized EBITDA": -2895000.0,
        "Total Unusual Items": 0.0,
        "Total Unusual Items Excluding Goodwill": 0.0,
        "Net Income From Continuing Operation Net Minority Interest": -14349000.0,
        "Reconciled Depreciation": -12244000.0,
        "Reconciled Cost Of Revenue": 47646000.0,
        "EBITDA": -2895000.0,
        "EBIT": -2895000.0,
        "Net Interest Income": -7583000.0,
        "Interest Expense": 7942000.0,
        "Interest Income": 359000.0,
        "Normalized Income": -14349000.0,
        "Net Income From Continuing And Discontinued Operation": -14349000.0,
        "Total Expenses": 107672000.0,
        "Total Operating Income As Reported": -1243000.0,
        "Diluted Average Shares": 132189000.0,
        "Basic Average Shares": 132189000.0,
        "Diluted EPS": -0.11,
        "Basic EPS": -0.11,
        "Diluted NI Availto Com Stockholders": -14349000.0,
        "Net Income Common Stockholders": -14349000.0,
        "Otherunder Preferred Stock Dividend": 0.0,
        "Preferred Stock Dividends": NaN,
        "Net Income": -14349000.0,
        "Minority Interests": 1000.0,
        "Net Income Including Noncontrolling Interests": -14350000.0,
        "Net Income Continuous Operations": -14350000.0,
        "Tax Provision": 3513000.0,
        "Pretax Income": -10837000.0,
        "Other Income Expense": -2011000.0,
        "Other Non Operating Income Expenses": -2011000.0,
        "Special Income Charges": 0.0,
        "Restructuring And Mergern Acquisition": 0.0,
        "Net Non Operating Interest Income Expense": -7583000.0,
        "Interest Expense Non Operating": 7942000.0,
        "Interest Income Non Operating": 359000.0,
        "Operating Income": -1243000.0,
        "Operating Expense": 60026000.0,
        "Research And Development": 4621000.0,
        "Selling General And Administration": 55405000.0,
        "Gross Profit": 58783000.0,
        "Cost Of Revenue": 47646000.0,
        "Total Revenue": 106429000.0,
        "Operating Revenue": 106429000.0
    },
    "2025-03-31": {
        "Tax Effect Of Unusual Items": 0.0,
        "Tax Rate For Calcs": 0.023858,
        "Normalized EBITDA": 33252000.0,
        "Total Unusual Items": 0.0,
        "Total Unusual Items Excluding Goodwill": 0.0,
        "Net Income From Continuing Operation Net Minority Interest": -12439000.0,
        "Reconciled Depreciation": 40339000.0,
        "Reconciled Cost Of Revenue": 48875000.0,
        "EBITDA": 33252000.0,
        "EBIT": -7087000.0,
        "Net Interest Income": -5560000.0,
        "Interest Expense": 5655000.0,
        "Interest Income": 95000.0,
        "Normalized Income": -12439000.0,
        "Net Income From Continuing And Discontinued Operation": -12439000.0,
        "Total Expenses": 110618000.0,
        "Total Operating Income As Reported": -6980000.0,
        "Diluted Average Shares": 132793000.0,
        "Basic Average Shares": 132793000.0,
        "Diluted EPS": -0.09,
        "Basic EPS": -0.09,
        "Diluted NI Availto Com Stockholders": -12439000.0,
        "Net Income Common Stockholders": -12439000.0,
        "Otherunder Preferred Stock Dividend": 0.0,
        "Preferred Stock Dividends": 0.0,
        "Net Income": -12439000.0,
        "Minority Interests": -1000.0,
        "Net Income Including Noncontrolling Interests": -12438000.0,
        "Net Income Continuous Operations": -12438000.0,
        "Tax Provision": -304000.0,
        "Pretax Income": -12742000.0,
        "Other Income Expense": -202000.0,
        "Other Non Operating Income Expenses": -202000.0,
        "Special Income Charges": 0.0,
        "Restructuring And Mergern Acquisition": 0.0,
        "Net Non Operating Interest Income Expense": -5560000.0,
        "Interest Expense Non Operating": 5655000.0,
        "Interest Income Non Operating": 95000.0,
        "Operating Income": -6980000.0,
        "Operating Expense": 61743000.0,
        "Research And Development": 4904000.0,
        "Selling General And Administration": 56839000.0,
        "Gross Profit": 54763000.0,
        "Cost Of Revenue": 48875000.0,
        "Total Revenue": 103638000.0,
        "Operating Revenue": 103638000.0
    },
    "2025-06-30": {
        "Tax Effect Of Unusual Items": 0.0,
        "Tax Rate For Calcs": 0.21,
        "Normalized EBITDA": 12945000.0,
        "Total Unusual Items": NaN,
        "Total Unusual Items Excluding Goodwill": NaN,
        "Net Income From Continuing Operation Net Minority Interest": -10234000.0,
        "Reconciled Depreciation": 16031000.0,
        "Reconciled Cost Of Revenue": 47640000.0,
        "EBITDA": 12945000.0,
        "EBIT": -3086000.0,
        "Net Interest Income": -6590000.0,
        "Interest Expense": 6786000.0,
        "Interest Income": 196000.0,
        "Normalized Income": -10234000.0,
        "Net Income From Continuing And Discontinued Operation": -10234000.0,
        "Total Expenses": 106160000.0,
        "Total Operating Income As Reported": -2039000.0,
        "Diluted Average Shares": 133313000.0,
        "Basic Average Shares": 133313000.0,
        "Diluted EPS": -0.08,
        "Basic EPS": -0.08,
        "Diluted NI Availto Com Stockholders": -10234000.0,
        "Net Income Common Stockholders": -10234000.0,
        "Otherunder Preferred Stock Dividend": NaN,
        "Preferred Stock Dividends": NaN,
        "Net Income": -10234000.0,
        "Minority Interests": 0.0,
        "Net Income Including Noncontrolling Interests": -10234000.0,
        "Net Income Continuous Operations": -10234000.0,
        "Tax Provision": 362000.0,
        "Pretax Income": -9872000.0,
        "Other Income Expense": -1243000.0,
        "Other Non Operating Income Expenses": -1243000.0,
        "Special Income Charges": NaN,
        "Restructuring And Mergern Acquisition": NaN,
        "Net Non Operating Interest Income Expense": -6590000.0,
        "Interest Expense Non Operating": 6786000.0,
        "Interest Income Non Operating": 196000.0,
        "Operating Income": -2039000.0,
        "Operating Expense": 58520000.0,
        "Research And Development": 4857000.0,
        "Selling General And Administration": 53663000.0,
        "Gross Profit": 56481000.0,
        "Cost Of Revenue": 47640000.0,
        "Total Revenue": 104121000.0,
        "Operating Revenue": 104121000.0
    },
    "2025-09-30": {
        "Tax Effect Of Unusual Items": 0.0,
        "Tax Rate For Calcs": 0.21,
        "Normalized EBITDA": 19753000.0,
        "Total Unusual Items": NaN,
        "Total Unusual Items Excluding Goodwill": NaN,
        "Net Income From Continuing Operation Net Minority Interest": -4288000.0,
        "Reconciled Depreciation": 15793000.0,
        "Reconciled Cost Of Revenue": 49090000.0,
        "EBITDA": 19753000.0,
        "EBIT": 3960000.0,
        "Net Interest Income": -6715000.0,
        "Interest Expense": 6977000.0,
        "Interest Income": 262000.0,
        "Normalized Income": -4288000.0,
        "Net Income From Continuing And Discontinued Operation": -4288000.0,
        "Total Expenses": 107435000.0,
        "Total Operating Income As Reported": 4244000.0,
        "Diluted Average Shares": 133676000.0,
        "Basic Average Shares": 133676000.0,
        "Diluted EPS": -0.03,
        "Basic EPS": -0.03,
        "Diluted NI Availto Com Stockholders": -4288000.0,
        "Net Income Common Stockholders": -4288000.0,
        "Otherunder Preferred Stock Dividend": NaN,
        "Preferred Stock Dividends": NaN,
        "Net Income": -4288000.0,
        "Minority Interests": 0.0,
        "Net Income Including Noncontrolling Interests": -4288000.0,
        "Net Income Continuous Operations": -4288000.0,
        "Tax Provision": 1271000.0,
        "Pretax Income": -3017000.0,
        "Other Income Expense": -546000.0,
        "Other Non Operating Income Expenses": -546000.0,
        "Special Income Charges": NaN,
        "Restructuring And Mergern Acquisition": NaN,
        "Net Non Operating Interest Income Expense": -6715000.0,
        "Interest Expense Non Operating": 6977000.0,
        "Interest Income Non Operating": 262000.0,
        "Operating Income": 4244000.0,
        "Operating Expense": 58345000.0,
        "Research And Development": 4194000.0,
        "Selling General And Administration": 54151000.0,
        "Gross Profit": 62589000.0,
        "Cost Of Revenue": 49090000.0,
        "Total Revenue": 111679000.0,
        "Operating Revenue": 111679000.0
    }
}