{
    "2023-03-31": {
        "Tax Effect Of Unusual Items": NaN,
        "Tax Rate For Calcs": NaN,
        "Total Unusual Items": NaN,
        "Total Unusual Items Excluding Goodwill": NaN,
        "Net Income From Continuing Operation Net Minority Interest": NaN,
        "Reconciled Depreciation": NaN,
        "EBIT": NaN,
        "Net Interest Income": NaN,
        "Interest Expense": NaN,
        "Normalized Income": NaN,
        "Net Income From Continuing And Discontinued Operation": NaN,
        "Total Expenses": NaN,
        "Diluted Average Shares": NaN,
        "Basic Average Shares": NaN,
        "Diluted EPS": NaN,
        "Basic EPS": NaN,
        "Diluted NI Availto Com Stockholders": NaN,
        "Net Income Common Stockholders": NaN,
        "Net Income": NaN,
        "Net Income Including Noncontrolling Interests": NaN,
        "Net Income Continuous Operations": NaN,
        "Tax Provision": NaN,
        "Pretax Income": NaN,
        "Special Income Charges": NaN,
        "Other Special Charges": -100000.0,
        "Net Non Operating Interest Income Expense": NaN,
        "Interest Expense Non Operating": NaN,
        "Total Revenue": NaN,
        "Operating Revenue": NaN,
        "Loss Adjustment Expense": NaN,
        "Net Policyholder Benefits And Claims": NaN
    },
    "2022-12-31": {
        "Tax Effect Of Unusual Items": NaN,
        "Tax Rate For Calcs": NaN,
        "Total Unusual Items": NaN,
        "Total Unusual Items Excluding Goodwill": NaN,
        "Net Income From Continuing Operation Net Minority Interest": NaN,
        "Reconciled Depreciation": NaN,
        "EBIT": NaN,
        "Net Interest Income": NaN,
        "Interest Expense": NaN,
        "Normalized Income": NaN,
        "Net Income From Continuing And Discontinued Operation": NaN,
        "Total Expenses": NaN,
        "Diluted Average Shares": NaN,
        "Basic Average Shares": NaN,
        "Diluted EPS": NaN,
        "Basic EPS": NaN,
        "Diluted NI Availto Com Stockholders": NaN,
        "Net Income Common Stockholders": NaN,
        "Net Income": NaN,
        "Net Income Including Noncontrolling Interests": NaN,
        "Net Income Discontinuous Operations": 0.0,
        "Net Income Continuous Operations": NaN,
        "Tax Provision": NaN,
        "Pretax Income": NaN,
        "Special Income Charges": NaN,
        "Other Special Charges": 0.0,
        "Net Non Operating Interest Income Expense": NaN,
        "Interest Expense Non Operating": NaN,
        "Total Revenue": NaN,
        "Operating Revenue": NaN,
        "Loss Adjustment Expense": NaN,
        "Net Policyholder Benefits And Claims": NaN
    },
    "2022-09-30": {
        "Tax Effect Of Unusual Items": NaN,
        "Tax Rate For Calcs": NaN,
        "Total Unusual Items": NaN,
        "Total Unusual Items Excluding Goodwill": NaN,
        "Net Income From Continuing Operation Net Minority Interest": NaN,
        "Reconciled Depreciation": NaN,
        "EBIT": NaN,
        "Net Interest Income": NaN,
        "Interest Expense": NaN,
        "Normalized Income": NaN,
        "Net Income From Continuing And Discontinued Operation": NaN,
        "Total Expenses": NaN,
        "Diluted Average Shares": NaN,
        "Basic Average Shares": NaN,
        "Diluted EPS": NaN,
        "Basic EPS": NaN,
        "Diluted NI Availto Com Stockholders": NaN,
        "Net Income Common Stockholders": NaN,
        "Net Income": NaN,
        "Net Income Including Noncontrolling Interests": NaN,
        "Net Income Discontinuous Operations": 0.0,
        "Net Income Continuous Operations": NaN,
        "Tax Provision": NaN,
        "Pretax Income": NaN,
        "Special Income Charges": NaN,
        "Other Special Charges": NaN,
        "Net Non Operating Interest Income Expense": NaN,
        "Interest Expense Non Operating": NaN,
        "Total Revenue": NaN,
        "Operating Revenue": NaN
    },
    "2022-06-30": {
        "Tax Effect Of Unusual Items": -227896.995708,
        "Tax Rate For Calcs": 0.253219,
        "Total Unusual Items": -900000.0,
        "Total Unusual Items Excluding Goodwill": -900000.0,
        "Net Income From Continuing Operation Net Minority Interest": 52200000.0,
        "Reconciled Depreciation": 48100000.0,
        "EBIT": 97100000.0,
        "Net Interest Income": -27200000.0,
        "Interest Expense": 27200000.0,
        "Normalized Income": 52872103.004292,
        "Net Income From Continuing And Discontinued Operation": 52200000.0,
        "Total Expenses": 2439800000.0,
        "Diluted Average Shares": 55014947.0,
        "Basic Average Shares": 54607321.0,
        "Diluted EPS": 0.95,
        "Basic EPS": 0.96,
        "Diluted NI Availto Com Stockholders": 52200000.0,
        "Net Income Common Stockholders": 52200000.0,
        "Net Income": 52200000.0,
        "Minority Interests": 0.0,
        "Net Income Including Noncontrolling Interests": 52200000.0,
        "Net Income Discontinuous Operations": 0.0,
        "Net Income Continuous Operations": 52200000.0,
        "Tax Provision": 17700000.0,
        "Pretax Income": 69900000.0,
        "Special Income Charges": -900000.0,
        "Other Special Charges": 900000.0,
        "Impairment Of Capital Assets": NaN,
        "Net Non Operating Interest Income Expense": -27200000.0,
        "Interest Expense Non Operating": 27200000.0,
        "Total Revenue": 2509700000.0,
        "Operating Revenue": 2509700000.0
    },
    "2023-06-30": {
        "Tax Effect Of Unusual Items": 0.0,
        "Tax Rate For Calcs": 0.234949,
        "Total Unusual Items": 0.0,
        "Total Unusual Items Excluding Goodwill": 0.0,
        "Net Income From Continuing Operation Net Minority Interest": 156300000.0,
        "Reconciled Depreciation": 47200000.0,
        "EBIT": 231500000.0,
        "Net Interest Income": -27200000.0,
        "Interest Expense": 27200000.0,
        "Normalized Income": 156300000.0,
        "Net Income From Continuing And Discontinued Operation": 156300000.0,
        "Total Expenses": 2527300000.0,
        "Diluted Average Shares": 53889682.0,
        "Basic Average Shares": 53745611.0,
        "Diluted EPS": 2.9,
        "Basic EPS": 2.91,
        "Diluted NI Availto Com Stockholders": 156300000.0,
        "Net Income Common Stockholders": 156300000.0,
        "Net Income": 156300000.0,
        "Net Income Including Noncontrolling Interests": 156300000.0,
        "Net Income Continuous Operations": 156300000.0,
        "Tax Provision": 48000000.0,
        "Pretax Income": 204300000.0,
        "Special Income Charges": 0.0,
        "Other Special Charges": NaN,
        "Net Non Operating Interest Income Expense": -27200000.0,
        "Interest Expense Non Operating": 27200000.0,
        "Total Revenue": 2731600000.0,
        "Operating Revenue": 2731600000.0,
        "Loss Adjustment Expense": 632500000.0,
        "Net Policyholder Benefits And Claims": 632500000.0
    },
    "2022-03-31": {
        "Diluted EPS": 2.65,
        "Total Revenue": NaN,
        "Gross Profit": NaN,
        "Operating Income": 175,
        "EBIT": 249,
        "Net Income": 149
    },
    "2021-12-31": {
        "Diluted EPS": 1.87,
        "Total Revenue": NaN,
        "Gross Profit": NaN,
        "Operating Income": 150,
        "EBIT": 223,
        "Net Income": 113
    },
    "2021-09-30": {
        "Diluted EPS": 14.79,
        "Total Revenue": NaN,
        "Gross Profit": NaN,
        "Operating Income": 188,
        "EBIT": 258,
        "Net Income": 880
    },
    "2021-06-30": {
        "Diluted EPS": 3.36,
        "Total Revenue": NaN,
        "Gross Profit": NaN,
        "Operating Income": 240,
        "EBIT": 311,
        "Net Income": 206
    },
    "2021-03-31": {
        "Diluted EPS": 2.64,
        "Total Revenue": NaN,
        "Gross Profit": NaN,
        "Operating Income": 193,
        "EBIT": 263,
        "Net Income": 158
    },
    "2020-12-31": {
        "Diluted EPS": 2.32,
        "Total Revenue": NaN,
        "Gross Profit": NaN,
        "Operating Income": 156,
        "EBIT": 221,
        "Net Income": 134
    },
    "2020-09-30": {
        "Diluted EPS": -0.58,
        "Total Revenue": NaN,
        "Gross Profit": NaN,
        "Operating Income": 113,
        "EBIT": 178,
        "Net Income": -35
    },
    "2020-06-30": {
        "Diluted EPS": 2.81,
        "Total Revenue": NaN,
        "Gross Profit": NaN,
        "Operating Income": 209,
        "EBIT": 268,
        "Net Income": 174
    },
    "2020-03-31": {
        "Diluted EPS": 2.43,
        "Total Revenue": NaN,
        "Gross Profit": NaN,
        "Operating Income": 100,
        "EBIT": 158,
        "Net Income": 150
    },
    "2019-12-31": {
        "Diluted EPS": 2.07,
        "Total Revenue": NaN,
        "Gross Profit": NaN,
        "Operating Income": 111,
        "EBIT": 192,
        "Net Income": 123
    },
    "2019-09-30": {
        "Diluted EPS": -0.96,
        "Total Revenue": NaN,
        "Gross Profit": NaN,
        "Operating Income": 97,
        "EBIT": 152,
        "Net Income": -60
    },
    "2019-06-30": {
        "Diluted EPS": 2.21,
        "Total Revenue": NaN,
        "Gross Profit": NaN,
        "Operating Income": 193,
        "EBIT": 245,
        "Net Income": 140
    },
    "2019-03-31": {
        "Diluted EPS": 2.52,
        "Total Revenue": NaN,
        "Gross Profit": NaN,
        "Operating Income": 217,
        "EBIT": 266,
        "Net Income": 161
    },
    "2018-12-31": {
        "Diluted EPS": 0.17,
        "Total Revenue": NaN,
        "Gross Profit": NaN,
        "Operating Income": 43,
        "EBIT": 95,
        "Net Income": 20
    },
    "2018-09-30": {
        "Diluted EPS": 0.76,
        "Total Revenue": NaN,
        "Gross Profit": NaN,
        "Operating Income": 76,
        "EBIT": 125,
        "Net Income": 48
    },
    "2018-06-30": {
        "Diluted EPS": 1.09,
        "Total Revenue": NaN,
        "Gross Profit": NaN,
        "Operating Income": 78,
        "EBIT": 114,
        "Net Income": 62
    },
    "2018-03-31": {
        "Diluted EPS": 1.96,
        "Total Revenue": NaN,
        "Gross Profit": NaN,
        "Operating Income": 137,
        "EBIT": 170,
        "Net Income": 106
    },
    "2017-12-31": {
        "Diluted EPS": 5.75,
        "Total Revenue": NaN,
        "Gross Profit": NaN,
        "Operating Income": 158,
        "EBIT": 171,
        "Net Income": 313
    },
    "2017-09-30": {
        "Diluted EPS": -1.05,
        "Total Revenue": NaN,
        "Gross Profit": 904,
        "Operating Income": -108,
        "EBIT": -95,
        "Net Income": -57
    },
    "2017-06-30": {
        "Diluted EPS": 2.16,
        "Total Revenue": NaN,
        "Gross Profit": NaN,
        "Operating Income": 179,
        "EBIT": 191,
        "Net Income": 120
    },
    "2017-03-31": {
        "Diluted EPS": 2.53,
        "Total Revenue": NaN,
        "Gross Profit": NaN,
        "Operating Income": 215,
        "EBIT": 228,
        "Net Income": 144
    },
    "2016-12-31": {
        "Diluted EPS": 0.72,
        "Total Revenue": NaN,
        "Gross Profit": NaN,
        "Operating Income": 55,
        "EBIT": 69,
        "Net Income": 31
    },
    "2016-09-30": {
        "Diluted EPS": 2.37,
        "Total Revenue": NaN,
        "Gross Profit": NaN,
        "Operating Income": 221,
        "EBIT": 235,
        "Net Income": 144
    },
    "2016-06-30": {
        "Diluted EPS": 2.7,
        "Total Revenue": NaN,
        "Gross Profit": NaN,
        "Operating Income": 236,
        "EBIT": 251,
        "Net Income": 169
    },
    "2016-03-31": {
        "Diluted EPS": 3.34,
        "Total Revenue": NaN,
        "Gross Profit": NaN,
        "Operating Income": 338,
        "EBIT": 352,
        "Net Income": 220
    },
    "2015-12-31": {
        "Diluted EPS": 0.97,
        "Total Revenue": NaN,
        "Gross Profit": NaN,
        "Operating Income": 110,
        "EBIT": 124,
        "Net Income": 66
    },
    "2015-09-30": {
        "Diluted EPS": -0.1,
        "Total Revenue": NaN,
        "Gross Profit": NaN,
        "Operating Income": -32,
        "EBIT": -18,
        "Net Income": -7
    },
    "2015-06-30": {
        "Diluted EPS": 0.47,
        "Total Revenue": NaN,
        "Gross Profit": NaN,
        "Operating Income": 40,
        "EBIT": 54,
        "Net Income": 33
    },
    "2015-03-31": {
        "Diluted EPS": 0.71,
        "Total Revenue": NaN,
        "Gross Profit": NaN,
        "Operating Income": 83,
        "EBIT": 97,
        "Net Income": 50
    },
    "2014-12-31": {
        "Diluted EPS": 0.71,
        "Total Revenue": NaN,
        "Gross Profit": NaN,
        "Operating Income": 90,
        "EBIT": 104,
        "Net Income": 50
    },
    "2014-09-30": {
        "Diluted EPS": 1.92,
        "Total Revenue": NaN,
        "Gross Profit": NaN,
        "Operating Income": 225,
        "EBIT": 239,
        "Net Income": 140
    },
    "2014-06-30": {
        "Diluted EPS": 1.95,
        "Total Revenue": NaN,
        "Gross Profit": NaN,
        "Operating Income": 194,
        "EBIT": 208,
        "Net Income": 144
    },
    "2014-03-31": {
        "Diluted EPS": 1.86,
        "Total Revenue": NaN,
        "Gross Profit": NaN,
        "Operating Income": 235,
        "EBIT": 252,
        "Net Income": 137
    },
    "2013-12-31": {
        "Diluted EPS": 1.46,
        "Total Revenue": NaN,
        "Gross Profit": NaN,
        "Operating Income": 179,
        "EBIT": 199,
        "Net Income": 109
    },
    "2013-09-30": {
        "Diluted EPS": 1.68,
        "Total Revenue": NaN,
        "Gross Profit": NaN,
        "Operating Income": 194,
        "EBIT": 215,
        "Net Income": 129
    },
    "2013-06-30": {
        "Diluted EPS": 1.7,
        "Total Revenue": NaN,
        "Gross Profit": NaN,
        "Operating Income": 211,
        "EBIT": 232,
        "Net Income": 134
    },
    "2013-03-31": {
        "Diluted EPS": 1.46,
        "Total Revenue": NaN,
        "Gross Profit": NaN,
        "Operating Income": 206,
        "EBIT": 222,
        "Net Income": 118
    },
    "2012-12-31": {
        "Diluted EPS": 0.4,
        "Total Revenue": NaN,
        "Gross Profit": NaN,
        "Operating Income": 35,
        "EBIT": 50,
        "Net Income": 25
    },
    "2012-09-30": {
        "Diluted EPS": 1.52,
        "Total Revenue": NaN,
        "Gross Profit": NaN,
        "Operating Income": 209,
        "EBIT": 224,
        "Net Income": 126
    },
    "2012-06-30": {
        "Diluted EPS": 1.94,
        "Total Revenue": NaN,
        "Gross Profit": NaN,
        "Operating Income": 265,
        "EBIT": 280,
        "Net Income": 169
    },
    "2012-03-31": {
        "Diluted EPS": 1.81,
        "Total Revenue": NaN,
        "Gross Profit": NaN,
        "Operating Income": 250,
        "EBIT": 265,
        "Net Income": 163
    },
    "2011-12-31": {
        "Diluted EPS": 1.69,
        "Total Revenue": NaN,
        "Gross Profit": NaN,
        "Operating Income": 249,
        "EBIT": 264,
        "Net Income": 159
    },
    "2011-09-30": {
        "Diluted EPS": 0.77,
        "Total Revenue": NaN,
        "Gross Profit": NaN,
        "Operating Income": 112,
        "EBIT": 128,
        "Net Income": 74
    },
    "2011-06-30": {
        "Diluted EPS": 1.67,
        "Total Revenue": NaN,
        "Gross Profit": NaN,
        "Operating Income": 131,
        "EBIT": 146,
        "Net Income": 165
    },
    "2011-03-31": {
        "Diluted EPS": 1.38,
        "Total Revenue": NaN,
        "Gross Profit": NaN,
        "Operating Income": 214,
        "EBIT": 230,
        "Net Income": 141
    },
    "2010-12-31": {
        "Diluted EPS": -1.6,
        "Total Revenue": NaN,
        "Gross Profit": NaN,
        "Operating Income": -122,
        "EBIT": -107,
        "Net Income": -185
    },
    "2010-09-30": {
        "Diluted EPS": 1.3,
        "Total Revenue": NaN,
        "Gross Profit": NaN,
        "Operating Income": 227,
        "EBIT": 242,
        "Net Income": 142
    },
    "2010-06-30": {
        "Diluted EPS": 1.46,
        "Total Revenue": NaN,
        "Gross Profit": NaN,
        "Operating Income": 253,
        "EBIT": 269,
        "Net Income": 165
    },
    "2010-03-31": {
        "Diluted EPS": 1.34,
        "Total Revenue": NaN,
        "Gross Profit": NaN,
        "Operating Income": 248,
        "EBIT": 264,
        "Net Income": 157
    },
    "2009-12-31": {
        "Diluted EPS": 0.1,
        "Total Revenue": NaN,
        "Gross Profit": NaN,
        "Operating Income": 61,
        "EBIT": 76,
        "Net Income": 12
    },
    "2009-09-30": {
        "Diluted EPS": 1.22,
        "Total Revenue": NaN,
        "Gross Profit": NaN,
        "Operating Income": 209,
        "EBIT": 224,
        "Net Income": 145
    },
    "2009-06-30": {
        "Diluted EPS": 1.63,
        "Total Revenue": NaN,
        "Gross Profit": NaN,
        "Operating Income": 282,
        "EBIT": 297,
        "Net Income": 193
    },
    "2009-03-31": {
        "Diluted EPS": 0.68,
        "Total Revenue": NaN,
        "Gross Profit": NaN,
        "Operating Income": 158,
        "EBIT": 173,
        "Net Income": 81
    },
    "2023-09-30": {
        "Tax Effect Of Unusual Items": NaN,
        "Tax Rate For Calcs": NaN,
        "Total Unusual Items": NaN,
        "Total Unusual Items Excluding Goodwill": NaN,
        "Net Income From Continuing Operation Net Minority Interest": NaN,
        "Reconciled Depreciation": NaN,
        "EBIT": NaN,
        "Net Interest Income": NaN,
        "Interest Expense": NaN,
        "Normalized Income": NaN,
        "Net Income From Continuing And Discontinued Operation": NaN,
        "Total Expenses": NaN,
        "Diluted Average Shares": 53745173.0,
        "Basic Average Shares": 53535982.0,
        "Diluted EPS": 3.54,
        "Basic EPS": 3.55,
        "Diluted NI Availto Com Stockholders": NaN,
        "Net Income Common Stockholders": NaN,
        "Net Income": NaN,
        "Net Income Including Noncontrolling Interests": NaN,
        "Net Income Continuous Operations": NaN,
        "Tax Provision": NaN,
        "Pretax Income": NaN,
        "Special Income Charges": NaN,
        "Other Special Charges": NaN,
        "Net Non Operating Interest Income Expense": NaN,
        "Interest Expense Non Operating": NaN,
        "Total Revenue": NaN,
        "Operating Revenue": NaN,
        "Loss Adjustment Expense": NaN,
        "Net Policyholder Benefits And Claims": NaN
    },
    "2023-12-31": {
        "Tax Effect Of Unusual Items": NaN,
        "Tax Rate For Calcs": NaN,
        "Total Unusual Items": 0.0,
        "Total Unusual Items Excluding Goodwill": 0.0,
        "Net Income From Continuing Operation Net Minority Interest": NaN,
        "Reconciled Depreciation": NaN,
        "EBIT": NaN,
        "Net Interest Income": NaN,
        "Interest Expense": NaN,
        "Normalized Income": NaN,
        "Net Income From Continuing And Discontinued Operation": NaN,
        "Total Expenses": NaN,
        "Diluted Average Shares": NaN,
        "Basic Average Shares": NaN,
        "Diluted EPS": NaN,
        "Basic EPS": NaN,
        "Diluted NI Availto Com Stockholders": NaN,
        "Net Income Common Stockholders": NaN,
        "Net Income": NaN,
        "Net Income Including Noncontrolling Interests": NaN,
        "Net Income Continuous Operations": NaN,
        "Tax Provision": NaN,
        "Pretax Income": NaN,
        "Special Income Charges": 0.0,
        "Other Special Charges": 0.0,
        "Net Non Operating Interest Income Expense": NaN,
        "Interest Expense Non Operating": NaN,
        "Total Revenue": NaN,
        "Operating Revenue": NaN,
        "Loss Adjustment Expense": NaN,
        "Net Policyholder Benefits And Claims": NaN
    },
    "2024-03-31": {
        "Tax Effect Of Unusual Items": NaN,
        "Tax Rate For Calcs": NaN,
        "Total Unusual Items": 0.0,
        "Total Unusual Items Excluding Goodwill": 0.0,
        "Net Income From Continuing Operation Net Minority Interest": NaN,
        "Reconciled Depreciation": NaN,
        "EBIT": NaN,
        "Net Interest Income": NaN,
        "Interest Expense": NaN,
        "Normalized Income": NaN,
        "Net Income From Continuing And Discontinued Operation": NaN,
        "Total Expenses": NaN,
        "Diluted Average Shares": NaN,
        "Basic Average Shares": NaN,
        "Diluted EPS": NaN,
        "Basic EPS": NaN,
        "Diluted NI Availto Com Stockholders": NaN,
        "Net Income Common Stockholders": NaN,
        "Net Income": NaN,
        "Net Income Including Noncontrolling Interests": NaN,
        "Net Income Continuous Operations": NaN,
        "Tax Provision": NaN,
        "Pretax Income": NaN,
        "Special Income Charges": 0.0,
        "Other Special Charges": NaN,
        "Net Non Operating Interest Income Expense": NaN,
        "Interest Expense Non Operating": NaN,
        "Total Revenue": NaN,
        "Operating Revenue": NaN,
        "Loss Adjustment Expense": NaN,
        "Net Policyholder Benefits And Claims": NaN
    },
    "2024-06-30": {
        "Tax Effect Of Unusual Items": 0.0,
        "Tax Rate For Calcs": 0.189781,
        "Total Unusual Items": 0.0,
        "Total Unusual Items Excluding Goodwill": 0.0,
        "Net Income From Continuing Operation Net Minority Interest": 188700000.0,
        "Reconciled Depreciation": 50500000.0,
        "EBIT": 259600000.0,
        "Net Interest Income": -26700000.0,
        "Interest Expense": 26700000.0,
        "Normalized Income": 188700000.0,
        "Net Income From Continuing And Discontinued Operation": 188700000.0,
        "Total Expenses": 2692000000.0,
        "Diluted Average Shares": 52717736.0,
        "Basic Average Shares": 52500727.0,
        "Diluted EPS": 3.58,
        "Basic EPS": 3.59,
        "Diluted NI Availto Com Stockholders": 188700000.0,
        "Net Income Common Stockholders": 188700000.0,
        "Net Income": 188700000.0,
        "Net Income Including Noncontrolling Interests": 188700000.0,
        "Net Income Continuous Operations": 188700000.0,
        "Tax Provision": 44200000.0,
        "Pretax Income": 232900000.0,
        "Special Income Charges": 0.0,
        "Other Special Charges": NaN,
        "Net Non Operating Interest Income Expense": -26700000.0,
        "Interest Expense Non Operating": 26700000.0,
        "Total Revenue": 2924900000.0,
        "Operating Revenue": 2924900000.0,
        "Loss Adjustment Expense": 696100000.0,
        "Net Policyholder Benefits And Claims": 696100000.0
    },
    "2024-09-30": {
        "Tax Effect Of Unusual Items": 0.0,
        "Tax Rate For Calcs": 0.116832,
        "Total Unusual Items": 0.0,
        "Total Unusual Items Excluding Goodwill": 0.0,
        "Net Income From Continuing Operation Net Minority Interest": 133800000.0,
        "Reconciled Depreciation": 58500000.0,
        "EBIT": 178200000.0,
        "Net Interest Income": -26700000.0,
        "Interest Expense": 26700000.0,
        "Normalized Income": 133800000.0,
        "Net Income From Continuing And Discontinued Operation": 133800000.0,
        "Total Expenses": 2816200000.0,
        "Diluted Average Shares": 52464522.0,
        "Basic Average Shares": 52204057.0,
        "Diluted EPS": 2.55,
        "Basic EPS": 2.56,
        "Diluted NI Availto Com Stockholders": 133800000.0,
        "Net Income Common Stockholders": 133800000.0,
        "Net Income": 133800000.0,
        "Net Income Including Noncontrolling Interests": 133800000.0,
        "Net Income Continuous Operations": 133800000.0,
        "Tax Provision": 17700000.0,
        "Pretax Income": 151500000.0,
        "Special Income Charges": 0.0,
        "Other Special Charges": NaN,
        "Net Non Operating Interest Income Expense": -26700000.0,
        "Interest Expense Non Operating": 26700000.0,
        "Total Revenue": 2967700000.0,
        "Operating Revenue": 2967700000.0,
        "Loss Adjustment Expense": 776800000.0,
        "Net Policyholder Benefits And Claims": 776800000.0
    },
    "2024-12-31": {
        "Tax Effect Of Unusual Items": 0.0,
        "Tax Rate For Calcs": 0.1948,
        "Total Unusual Items": 0.0,
        "Total Unusual Items Excluding Goodwill": 0.0,
        "Net Income From Continuing Operation Net Minority Interest": 201300000.0,
        "Reconciled Depreciation": 63900000.0,
        "EBIT": 276800000.0,
        "Net Interest Income": -26800000.0,
        "Interest Expense": 26800000.0,
        "Normalized Income": 201300000.0,
        "Net Income From Continuing And Discontinued Operation": 201300000.0,
        "Total Expenses": 2854800000.0,
        "Diluted Average Shares": 52076048.0,
        "Basic Average Shares": 51696455.0,
        "Diluted EPS": 3.87,
        "Basic EPS": 3.89,
        "Diluted NI Availto Com Stockholders": 201300000.0,
        "Net Income Common Stockholders": 201300000.0,
        "Net Income": 201300000.0,
        "Net Income Including Noncontrolling Interests": 201300000.0,
        "Net Income Continuous Operations": 201300000.0,
        "Tax Provision": 48700000.0,
        "Pretax Income": 250000000.0,
        "Special Income Charges": 0.0,
        "Other Special Charges": NaN,
        "Net Non Operating Interest Income Expense": -26800000.0,
        "Interest Expense Non Operating": 26800000.0,
        "Total Revenue": 3104800000.0,
        "Operating Revenue": 3104800000.0,
        "Loss Adjustment Expense": 670500000.0,
        "Net Policyholder Benefits And Claims": 670500000.0
    },
    "2025-03-31": {
        "Tax Effect Of Unusual Items": 0.0,
        "Tax Rate For Calcs": 0.20196,
        "Total Unusual Items": NaN,
        "Total Unusual Items Excluding Goodwill": NaN,
        "Net Income From Continuing Operation Net Minority Interest": 146600000.0,
        "Reconciled Depreciation": 56700000.0,
        "EBIT": 210500000.0,
        "Net Interest Income": -26800000.0,
        "Interest Expense": 26800000.0,
        "Normalized Income": 146600000.0,
        "Net Income From Continuing And Discontinued Operation": 146600000.0,
        "Total Expenses": 2890300000.0,
        "Diluted Average Shares": 51731116.0,
        "Basic Average Shares": 51281419.0,
        "Diluted EPS": 2.83,
        "Basic EPS": 2.86,
        "Diluted NI Availto Com Stockholders": 146600000.0,
        "Net Income Common Stockholders": 146600000.0,
        "Net Income": 146600000.0,
        "Net Income Including Noncontrolling Interests": 146600000.0,
        "Net Income Continuous Operations": 146600000.0,
        "Tax Provision": 37100000.0,
        "Pretax Income": 183700000.0,
        "Special Income Charges": NaN,
        "Other Special Charges": NaN,
        "Net Non Operating Interest Income Expense": -26800000.0,
        "Interest Expense Non Operating": 26800000.0,
        "Total Revenue": 3074000000.0,
        "Operating Revenue": 3074000000.0,
        "Loss Adjustment Expense": 779700000.0,
        "Net Policyholder Benefits And Claims": 779700000.0
    },
    "2025-06-30": {
        "Tax Effect Of Unusual Items": 0.0,
        "Tax Rate For Calcs": 0.185813,
        "Total Unusual Items": NaN,
        "Total Unusual Items Excluding Goodwill": NaN,
        "Net Income From Continuing Operation Net Minority Interest": 235300000.0,
        "Reconciled Depreciation": 59000000.0,
        "EBIT": 315700000.0,
        "Net Interest Income": -26700000.0,
        "Interest Expense": 26700000.0,
        "Normalized Income": 235300000.0,
        "Net Income From Continuing And Discontinued Operation": 235300000.0,
        "Total Expenses": 2869400000.0,
        "Diluted Average Shares": 51572065.0,
        "Basic Average Shares": 51135518.0,
        "Diluted EPS": 4.56,
        "Basic EPS": 4.6,
        "Diluted NI Availto Com Stockholders": 235300000.0,
        "Net Income Common Stockholders": 235300000.0,
        "Net Income": 235300000.0,
        "Net Income Including Noncontrolling Interests": 235300000.0,
        "Net Income Continuous Operations": 235300000.0,
        "Tax Provision": 53700000.0,
        "Pretax Income": 289000000.0,
        "Special Income Charges": NaN,
        "Other Special Charges": NaN,
        "Net Non Operating Interest Income Expense": -26700000.0,
        "Interest Expense Non Operating": 26700000.0,
        "Total Revenue": 3158400000.0,
        "Operating Revenue": 3158400000.0,
        "Loss Adjustment Expense": 721500000.0,
        "Net Policyholder Benefits And Claims": 721500000.0
    }
}