{
    "2023-03-31": {
        "Tax Effect Of Unusual Items": NaN,
        "Tax Rate For Calcs": NaN,
        "Normalized EBITDA": NaN,
        "Net Income From Continuing Operation Net Minority Interest": NaN,
        "Reconciled Depreciation": NaN,
        "EBITDA": NaN,
        "EBIT": NaN,
        "Net Interest Income": NaN,
        "Interest Expense": NaN,
        "Interest Income": 3379000.0,
        "Normalized Income": NaN,
        "Net Income From Continuing And Discontinued Operation": NaN,
        "Total Expenses": NaN,
        "Total Operating Income As Reported": NaN,
        "Diluted Average Shares": 46944059.0,
        "Basic Average Shares": 46944059.0,
        "Diluted EPS": -0.55,
        "Basic EPS": -0.55,
        "Diluted NI Availto Com Stockholders": NaN,
        "Net Income Common Stockholders": NaN,
        "Net Income": NaN,
        "Net Income Including Noncontrolling Interests": NaN,
        "Net Income Continuous Operations": NaN,
        "Pretax Income": NaN,
        "Other Income Expense": NaN,
        "Other Non Operating Income Expenses": NaN,
        "Net Non Operating Interest Income Expense": NaN,
        "Interest Expense Non Operating": NaN,
        "Interest Income Non Operating": 3379000.0,
        "Operating Income": NaN,
        "Operating Expense": NaN,
        "Research And Development": NaN,
        "Selling General And Administration": NaN,
        "General And Administrative Expense": NaN,
        "Other Gand A": NaN,
        "Total Revenue": NaN,
        "Operating Revenue": NaN
    },
    "2022-12-31": {
        "Tax Effect Of Unusual Items": NaN,
        "Tax Rate For Calcs": NaN,
        "Normalized EBITDA": NaN,
        "Net Income From Continuing Operation Net Minority Interest": NaN,
        "Reconciled Depreciation": NaN,
        "EBITDA": NaN,
        "EBIT": NaN,
        "Net Interest Income": NaN,
        "Interest Expense": NaN,
        "Interest Income": NaN,
        "Normalized Income": NaN,
        "Net Income From Continuing And Discontinued Operation": NaN,
        "Total Expenses": NaN,
        "Total Operating Income As Reported": NaN,
        "Diluted Average Shares": NaN,
        "Basic Average Shares": NaN,
        "Diluted EPS": NaN,
        "Basic EPS": NaN,
        "Diluted NI Availto Com Stockholders": NaN,
        "Net Income Common Stockholders": NaN,
        "Net Income": NaN,
        "Net Income Including Noncontrolling Interests": NaN,
        "Net Income Continuous Operations": NaN,
        "Pretax Income": NaN,
        "Other Income Expense": 2723000.0,
        "Other Non Operating Income Expenses": 2723000.0,
        "Net Non Operating Interest Income Expense": NaN,
        "Interest Expense Non Operating": NaN,
        "Interest Income Non Operating": NaN,
        "Operating Income": NaN,
        "Operating Expense": NaN,
        "Research And Development": NaN,
        "Selling General And Administration": NaN,
        "General And Administrative Expense": NaN,
        "Other Gand A": NaN,
        "Total Revenue": NaN,
        "Operating Revenue": NaN
    },
    "2022-09-30": {
        "Tax Effect Of Unusual Items": NaN,
        "Tax Rate For Calcs": NaN,
        "Normalized EBITDA": NaN,
        "Net Income From Continuing Operation Net Minority Interest": NaN,
        "Reconciled Depreciation": NaN,
        "EBITDA": NaN,
        "EBIT": NaN,
        "Net Interest Income": NaN,
        "Interest Expense": NaN,
        "Interest Income": NaN,
        "Normalized Income": NaN,
        "Net Income From Continuing And Discontinued Operation": NaN,
        "Total Expenses": NaN,
        "Total Operating Income As Reported": NaN,
        "Diluted Average Shares": NaN,
        "Basic Average Shares": NaN,
        "Diluted EPS": NaN,
        "Basic EPS": NaN,
        "Diluted NI Availto Com Stockholders": NaN,
        "Net Income Common Stockholders": NaN,
        "Net Income": NaN,
        "Net Income Including Noncontrolling Interests": NaN,
        "Net Income Continuous Operations": NaN,
        "Pretax Income": NaN,
        "Other Income Expense": 873000.0,
        "Other Non Operating Income Expenses": 873000.0,
        "Net Non Operating Interest Income Expense": NaN,
        "Interest Expense Non Operating": NaN,
        "Interest Income Non Operating": NaN,
        "Operating Income": NaN,
        "Operating Expense": NaN,
        "Research And Development": NaN,
        "Selling General And Administration": NaN,
        "General And Administrative Expense": NaN,
        "Other Gand A": NaN,
        "Total Revenue": NaN,
        "Operating Revenue": NaN
    },
    "2022-06-30": {
        "Tax Effect Of Unusual Items": 0.0,
        "Tax Rate For Calcs": 0.0,
        "Normalized EBITDA": -27339000.0,
        "Net Income From Continuing Operation Net Minority Interest": -27403000.0,
        "Reconciled Depreciation": 11000.0,
        "EBITDA": -27339000.0,
        "EBIT": -27350000.0,
        "Net Interest Income": 147000.0,
        "Interest Expense": 53000.0,
        "Interest Income": 200000.0,
        "Normalized Income": -27403000.0,
        "Net Income From Continuing And Discontinued Operation": -27403000.0,
        "Total Expenses": 27594000.0,
        "Total Operating Income As Reported": -27594000.0,
        "Diluted Average Shares": 35383685.0,
        "Basic Average Shares": 35383685.0,
        "Diluted EPS": -0.77,
        "Basic EPS": -0.77,
        "Diluted NI Availto Com Stockholders": -27403000.0,
        "Net Income Common Stockholders": -27403000.0,
        "Net Income": -27403000.0,
        "Net Income Including Noncontrolling Interests": -27403000.0,
        "Net Income Continuous Operations": -27403000.0,
        "Pretax Income": -27403000.0,
        "Other Income Expense": 44000.0,
        "Other Non Operating Income Expenses": 44000.0,
        "Net Non Operating Interest Income Expense": 147000.0,
        "Interest Expense Non Operating": 53000.0,
        "Interest Income Non Operating": 200000.0,
        "Operating Income": -27594000.0,
        "Operating Expense": 27594000.0,
        "Research And Development": 21363000.0,
        "Selling General And Administration": 6231000.0,
        "General And Administrative Expense": 6231000.0,
        "Other Gand A": 6231000.0,
        "Total Revenue": 0.0,
        "Operating Revenue": 0.0
    },
    "2022-03-31": {
        "Diluted EPS": -0.74,
        "Total Revenue": NaN,
        "Gross Profit": NaN,
        "Operating Income": -26,
        "EBIT": -26,
        "Net Income": -26
    },
    "2021-12-31": {
        "Diluted EPS": -0.93,
        "Total Revenue": NaN,
        "Gross Profit": NaN,
        "Operating Income": -32,
        "EBIT": -32,
        "Net Income": -32
    },
    "2021-09-30": {
        "Diluted EPS": -0.7,
        "Total Revenue": NaN,
        "Gross Profit": NaN,
        "Operating Income": -24,
        "EBIT": -24,
        "Net Income": -24
    },
    "2021-06-30": {
        "Diluted EPS": -0.83,
        "Total Revenue": NaN,
        "Gross Profit": NaN,
        "Operating Income": -29,
        "EBIT": -29,
        "Net Income": -29
    },
    "2021-03-31": {
        "Diluted EPS": -0.43,
        "Total Revenue": NaN,
        "Gross Profit": NaN,
        "Operating Income": -15,
        "EBIT": -15,
        "Net Income": -15
    },
    "2020-12-31": {
        "Diluted EPS": -0.9,
        "Total Revenue": NaN,
        "Gross Profit": NaN,
        "Operating Income": -30,
        "EBIT": -30,
        "Net Income": -30
    },
    "2020-09-30": {
        "Diluted EPS": -0.63,
        "Total Revenue": NaN,
        "Gross Profit": NaN,
        "Operating Income": -22,
        "EBIT": -22,
        "Net Income": -21
    },
    "2020-06-30": {
        "Diluted EPS": -0.57,
        "Total Revenue": NaN,
        "Gross Profit": NaN,
        "Operating Income": -16,
        "EBIT": -16,
        "Net Income": -16
    },
    "2020-03-31": {
        "Diluted EPS": -0.42,
        "Total Revenue": NaN,
        "Gross Profit": NaN,
        "Operating Income": -12,
        "EBIT": -12,
        "Net Income": -12
    },
    "2019-12-31": {
        "Diluted EPS": 31.77,
        "Total Revenue": NaN,
        "Gross Profit": NaN,
        "Operating Income": -16,
        "EBIT": -16,
        "Net Income": -16
    },
    "2019-09-30": {
        "Diluted EPS": -0.56,
        "Total Revenue": NaN,
        "Gross Profit": NaN,
        "Operating Income": -16,
        "EBIT": -16,
        "Net Income": -16
    },
    "2019-06-30": {
        "Diluted EPS": -2.21,
        "Total Revenue": NaN,
        "Gross Profit": NaN,
        "Operating Income": -8,
        "EBIT": -8,
        "Net Income": -7
    },
    "2019-03-31": {
        "Diluted EPS": -31.9,
        "Total Revenue": NaN,
        "Gross Profit": NaN,
        "Operating Income": -6,
        "EBIT": -6,
        "Net Income": -5
    },
    "2018-12-31": {
        "Diluted EPS": 0.0,
        "Total Revenue": NaN,
        "Gross Profit": NaN,
        "Operating Income": NaN,
        "EBIT": NaN,
        "Net Income": NaN
    },
    "2018-09-30": {
        "Diluted EPS": -89.66,
        "Total Revenue": NaN,
        "Gross Profit": NaN,
        "Operating Income": -2,
        "EBIT": -2,
        "Net Income": -11
    },
    "2018-06-30": {
        "Diluted EPS": -94.86,
        "Total Revenue": NaN,
        "Gross Profit": NaN,
        "Operating Income": -9,
        "EBIT": -9,
        "Net Income": -9
    },
    "2023-06-30": {
        "Tax Effect Of Unusual Items": NaN,
        "Tax Rate For Calcs": NaN,
        "Normalized EBITDA": NaN,
        "Net Income From Continuing Operation Net Minority Interest": NaN,
        "Reconciled Depreciation": NaN,
        "EBITDA": NaN,
        "EBIT": NaN,
        "Net Interest Income": NaN,
        "Interest Expense": NaN,
        "Interest Income": NaN,
        "Normalized Income": NaN,
        "Net Income From Continuing And Discontinued Operation": NaN,
        "Total Expenses": NaN,
        "Total Operating Income As Reported": NaN,
        "Diluted Average Shares": NaN,
        "Basic Average Shares": NaN,
        "Diluted EPS": NaN,
        "Basic EPS": NaN,
        "Diluted NI Availto Com Stockholders": NaN,
        "Net Income Common Stockholders": NaN,
        "Net Income": NaN,
        "Net Income Including Noncontrolling Interests": NaN,
        "Net Income Continuous Operations": NaN,
        "Pretax Income": NaN,
        "Other Income Expense": 5403000.0,
        "Other Non Operating Income Expenses": 5403000.0,
        "Net Non Operating Interest Income Expense": NaN,
        "Interest Expense Non Operating": NaN,
        "Interest Income Non Operating": NaN,
        "Operating Income": NaN,
        "Operating Expense": NaN,
        "Research And Development": NaN,
        "Selling General And Administration": NaN,
        "General And Administrative Expense": NaN,
        "Other Gand A": NaN,
        "Total Revenue": NaN,
        "Operating Revenue": NaN
    },
    "2023-09-30": {
        "Tax Effect Of Unusual Items": NaN,
        "Tax Rate For Calcs": NaN,
        "Normalized EBITDA": NaN,
        "Net Income From Continuing Operation Net Minority Interest": NaN,
        "Reconciled Depreciation": NaN,
        "EBITDA": NaN,
        "EBIT": NaN,
        "Net Interest Income": NaN,
        "Interest Expense": NaN,
        "Interest Income": NaN,
        "Normalized Income": NaN,
        "Net Income From Continuing And Discontinued Operation": NaN,
        "Total Expenses": NaN,
        "Total Operating Income As Reported": NaN,
        "Diluted Average Shares": NaN,
        "Basic Average Shares": NaN,
        "Diluted EPS": NaN,
        "Basic EPS": NaN,
        "Diluted NI Availto Com Stockholders": NaN,
        "Net Income Common Stockholders": NaN,
        "Net Income": NaN,
        "Net Income Including Noncontrolling Interests": NaN,
        "Net Income Continuous Operations": NaN,
        "Pretax Income": NaN,
        "Other Income Expense": 7844000.0,
        "Other Non Operating Income Expenses": 7844000.0,
        "Net Non Operating Interest Income Expense": NaN,
        "Interest Expense Non Operating": NaN,
        "Interest Income Non Operating": NaN,
        "Operating Income": NaN,
        "Operating Expense": NaN,
        "Research And Development": NaN,
        "Selling General And Administration": NaN,
        "General And Administrative Expense": NaN,
        "Other Gand A": NaN,
        "Total Revenue": NaN,
        "Operating Revenue": NaN
    },
    "2023-12-31": {
        "Tax Effect Of Unusual Items": 0.0,
        "Tax Rate For Calcs": 0.0,
        "Normalized EBITDA": -54287000.0,
        "Net Income From Continuing Operation Net Minority Interest": -55186000.0,
        "Reconciled Depreciation": 2000.0,
        "EBITDA": -54287000.0,
        "EBIT": -54289000.0,
        "Net Interest Income": 23313000.0,
        "Interest Expense": 897000.0,
        "Interest Income": NaN,
        "Normalized Income": -55186000.0,
        "Net Income From Continuing And Discontinued Operation": -55186000.0,
        "Total Expenses": 61873000.0,
        "Total Operating Income As Reported": -61873000.0,
        "Diluted Average Shares": NaN,
        "Basic Average Shares": NaN,
        "Diluted EPS": NaN,
        "Basic EPS": NaN,
        "Diluted NI Availto Com Stockholders": -55186000.0,
        "Net Income Common Stockholders": -55186000.0,
        "Net Income": -55186000.0,
        "Net Income Including Noncontrolling Interests": -55186000.0,
        "Net Income Continuous Operations": -55186000.0,
        "Pretax Income": -55186000.0,
        "Other Income Expense": NaN,
        "Other Non Operating Income Expenses": NaN,
        "Net Non Operating Interest Income Expense": 23313000.0,
        "Interest Expense Non Operating": 897000.0,
        "Interest Income Non Operating": NaN,
        "Operating Income": -61873000.0,
        "Operating Expense": 61873000.0,
        "Research And Development": 53392000.0,
        "Selling General And Administration": 8481000.0,
        "General And Administrative Expense": 8481000.0,
        "Other Gand A": 8481000.0,
        "Total Revenue": 0.0,
        "Operating Revenue": 0.0
    },
    "2024-03-31": {
        "Tax Effect Of Unusual Items": 0.0,
        "Tax Rate For Calcs": 0.0,
        "Normalized EBITDA": -52352000.0,
        "Net Income From Continuing Operation Net Minority Interest": -53344000.0,
        "Reconciled Depreciation": 1000.0,
        "EBITDA": -52352000.0,
        "EBIT": -52353000.0,
        "Net Interest Income": 6610000.0,
        "Interest Expense": 991000.0,
        "Interest Income": 7601000.0,
        "Normalized Income": -53344000.0,
        "Net Income From Continuing And Discontinued Operation": -53344000.0,
        "Total Expenses": 59954000.0,
        "Total Operating Income As Reported": -59954000.0,
        "Diluted Average Shares": 59307759.0,
        "Basic Average Shares": 59307759.0,
        "Diluted EPS": -0.9,
        "Basic EPS": -0.9,
        "Diluted NI Availto Com Stockholders": -53344000.0,
        "Net Income Common Stockholders": -53344000.0,
        "Net Income": -53344000.0,
        "Net Income Including Noncontrolling Interests": -53344000.0,
        "Net Income Continuous Operations": -53344000.0,
        "Pretax Income": -53344000.0,
        "Net Non Operating Interest Income Expense": 6610000.0,
        "Interest Expense Non Operating": 991000.0,
        "Interest Income Non Operating": 7601000.0,
        "Operating Income": -59954000.0,
        "Operating Expense": 59954000.0,
        "Research And Development": 50650000.0,
        "Selling General And Administration": 9304000.0,
        "General And Administrative Expense": 9304000.0,
        "Other Gand A": 9304000.0,
        "Total Revenue": 0.0,
        "Operating Revenue": 0.0
    },
    "2024-06-30": {
        "Tax Effect Of Unusual Items": 0.0,
        "Tax Rate For Calcs": 0.0,
        "Normalized EBITDA": -54755000.0,
        "Net Income From Continuing Operation Net Minority Interest": -55987000.0,
        "Reconciled Depreciation": 1000.0,
        "EBITDA": -54755000.0,
        "EBIT": -54756000.0,
        "Net Interest Income": 9754000.0,
        "Interest Expense": 1231000.0,
        "Interest Income": 10985000.0,
        "Normalized Income": -55987000.0,
        "Net Income From Continuing And Discontinued Operation": -55987000.0,
        "Total Expenses": 65741000.0,
        "Total Operating Income As Reported": -65741000.0,
        "Diluted Average Shares": 69160484.0,
        "Basic Average Shares": 69160484.0,
        "Diluted EPS": -0.81,
        "Basic EPS": -0.81,
        "Diluted NI Availto Com Stockholders": -55987000.0,
        "Net Income Common Stockholders": -55987000.0,
        "Net Income": -55987000.0,
        "Net Income Including Noncontrolling Interests": -55987000.0,
        "Net Income Continuous Operations": -55987000.0,
        "Pretax Income": -55987000.0,
        "Net Non Operating Interest Income Expense": 9754000.0,
        "Interest Expense Non Operating": 1231000.0,
        "Interest Income Non Operating": 10985000.0,
        "Operating Income": -65741000.0,
        "Operating Expense": 65741000.0,
        "Research And Development": 55322000.0,
        "Selling General And Administration": 10419000.0,
        "General And Administrative Expense": 10419000.0,
        "Other Gand A": 10419000.0,
        "Total Revenue": 0.0,
        "Operating Revenue": 0.0
    },
    "2024-09-30": {
        "Tax Effect Of Unusual Items": 0.0,
        "Tax Rate For Calcs": 0.0,
        "Normalized EBITDA": -71458000.0,
        "Net Income From Continuing Operation Net Minority Interest": -72705000.0,
        "Reconciled Depreciation": 1000.0,
        "EBITDA": -71458000.0,
        "EBIT": -71459000.0,
        "Net Interest Income": 8998000.0,
        "Interest Expense": 1246000.0,
        "Interest Income": 10244000.0,
        "Normalized Income": -72705000.0,
        "Net Income From Continuing And Discontinued Operation": -72705000.0,
        "Total Expenses": 81703000.0,
        "Total Operating Income As Reported": -81703000.0,
        "Diluted Average Shares": 69442136.0,
        "Basic Average Shares": 69442136.0,
        "Diluted EPS": -1.05,
        "Basic EPS": -1.05,
        "Diluted NI Availto Com Stockholders": -72705000.0,
        "Net Income Common Stockholders": -72705000.0,
        "Net Income": -72705000.0,
        "Net Income Including Noncontrolling Interests": -72705000.0,
        "Net Income Continuous Operations": -72705000.0,
        "Pretax Income": -72705000.0,
        "Net Non Operating Interest Income Expense": 8998000.0,
        "Interest Expense Non Operating": 1246000.0,
        "Interest Income Non Operating": 10244000.0,
        "Operating Income": -81703000.0,
        "Operating Expense": 81703000.0,
        "Research And Development": 72232000.0,
        "Selling General And Administration": 9471000.0,
        "General And Administrative Expense": 9471000.0,
        "Other Gand A": 9471000.0,
        "Total Revenue": 0.0,
        "Operating Revenue": 0.0
    },
    "2024-12-31": {
        "Tax Effect Of Unusual Items": 0.0,
        "Tax Rate For Calcs": 0.0,
        "Normalized EBITDA": -68809000.0,
        "Net Income From Continuing Operation Net Minority Interest": -70024000.0,
        "Reconciled Depreciation": 15000.0,
        "EBITDA": -68809000.0,
        "EBIT": -68824000.0,
        "Net Interest Income": 8001000.0,
        "Interest Expense": 1200000.0,
        "Interest Income": 9201000.0,
        "Normalized Income": -70024000.0,
        "Net Income From Continuing And Discontinued Operation": -70024000.0,
        "Total Expenses": 78025000.0,
        "Total Operating Income As Reported": -78025000.0,
        "Diluted Average Shares": 70573609.0,
        "Basic Average Shares": 70573609.0,
        "Diluted EPS": -0.99,
        "Basic EPS": -0.99,
        "Diluted NI Availto Com Stockholders": -70024000.0,
        "Net Income Common Stockholders": -70024000.0,
        "Net Income": -70024000.0,
        "Net Income Including Noncontrolling Interests": -70024000.0,
        "Net Income Continuous Operations": -70024000.0,
        "Pretax Income": -70024000.0,
        "Net Non Operating Interest Income Expense": 8001000.0,
        "Interest Expense Non Operating": 1200000.0,
        "Interest Income Non Operating": 9201000.0,
        "Operating Income": -78025000.0,
        "Operating Expense": 78025000.0,
        "Research And Development": 69293000.0,
        "Selling General And Administration": 8732000.0,
        "General And Administrative Expense": 8732000.0,
        "Other Gand A": 8732000.0,
        "Total Revenue": 0.0,
        "Operating Revenue": 0.0
    },
    "2025-03-31": {
        "Tax Effect Of Unusual Items": 0.0,
        "Tax Rate For Calcs": 0.0,
        "Normalized EBITDA": -69571000.0,
        "Net Income From Continuing Operation Net Minority Interest": -70725000.0,
        "Reconciled Depreciation": 0.0,
        "EBITDA": -69571000.0,
        "EBIT": -69571000.0,
        "Net Interest Income": 10157000.0,
        "Interest Expense": 1154000.0,
        "Interest Income": 11311000.0,
        "Normalized Income": -70725000.0,
        "Net Income From Continuing And Discontinued Operation": -70725000.0,
        "Total Expenses": 80882000.0,
        "Total Operating Income As Reported": -80882000.0,
        "Diluted Average Shares": 78656629.0,
        "Basic Average Shares": 78656629.0,
        "Diluted EPS": -0.9,
        "Basic EPS": -0.9,
        "Diluted NI Availto Com Stockholders": -70725000.0,
        "Net Income Common Stockholders": -70725000.0,
        "Net Income": -70725000.0,
        "Net Income Including Noncontrolling Interests": -70725000.0,
        "Net Income Continuous Operations": -70725000.0,
        "Pretax Income": -70725000.0,
        "Net Non Operating Interest Income Expense": 10157000.0,
        "Interest Expense Non Operating": 1154000.0,
        "Interest Income Non Operating": 11311000.0,
        "Operating Income": -80882000.0,
        "Operating Expense": 80882000.0,
        "Research And Development": 69567000.0,
        "Selling General And Administration": 11315000.0,
        "General And Administrative Expense": 11315000.0,
        "Other Gand A": 11315000.0,
        "Total Revenue": 0.0,
        "Operating Revenue": 0.0
    }
}