{
    "2023-03-31": {
        "Tax Effect Of Unusual Items": NaN,
        "Tax Rate For Calcs": NaN,
        "Normalized EBITDA": NaN,
        "Total Unusual Items": NaN,
        "Total Unusual Items Excluding Goodwill": NaN,
        "Net Income From Continuing Operation Net Minority Interest": NaN,
        "Reconciled Cost Of Revenue": NaN,
        "EBITDA": NaN,
        "EBIT": NaN,
        "Net Interest Income": NaN,
        "Interest Expense": NaN,
        "Normalized Income": NaN,
        "Net Income From Continuing And Discontinued Operation": NaN,
        "Total Expenses": NaN,
        "Total Operating Income As Reported": NaN,
        "Diluted Average Shares": NaN,
        "Basic Average Shares": NaN,
        "Diluted EPS": NaN,
        "Basic EPS": NaN,
        "Diluted NI Availto Com Stockholders": NaN,
        "Net Income Common Stockholders": NaN,
        "Net Income": NaN,
        "Net Income Including Noncontrolling Interests": NaN,
        "Net Income Discontinuous Operations": NaN,
        "Net Income Continuous Operations": NaN,
        "Tax Provision": NaN,
        "Pretax Income": NaN,
        "Other Income Expense": NaN,
        "Special Income Charges": NaN,
        "Impairment Of Capital Assets": NaN,
        "Restructuring And Mergern Acquisition": 0.0,
        "Net Non Operating Interest Income Expense": NaN,
        "Total Other Finance Cost": NaN,
        "Interest Expense Non Operating": NaN,
        "Operating Income": NaN,
        "Operating Expense": NaN,
        "Research And Development": NaN,
        "Selling General And Administration": NaN,
        "Selling And Marketing Expense": NaN,
        "General And Administrative Expense": NaN,
        "Other Gand A": NaN,
        "Gross Profit": NaN,
        "Cost Of Revenue": NaN,
        "Total Revenue": NaN,
        "Operating Revenue": NaN
    },
    "2022-12-31": {
        "Tax Effect Of Unusual Items": NaN,
        "Tax Rate For Calcs": NaN,
        "Normalized EBITDA": NaN,
        "Total Unusual Items": NaN,
        "Total Unusual Items Excluding Goodwill": NaN,
        "Net Income From Continuing Operation Net Minority Interest": NaN,
        "Reconciled Cost Of Revenue": NaN,
        "EBITDA": NaN,
        "EBIT": NaN,
        "Net Interest Income": NaN,
        "Interest Expense": NaN,
        "Interest Income": -9000.0,
        "Normalized Income": NaN,
        "Net Income From Continuing And Discontinued Operation": NaN,
        "Total Expenses": NaN,
        "Total Operating Income As Reported": NaN,
        "Diluted Average Shares": NaN,
        "Basic Average Shares": NaN,
        "Diluted EPS": NaN,
        "Basic EPS": NaN,
        "Diluted NI Availto Com Stockholders": NaN,
        "Net Income Common Stockholders": NaN,
        "Net Income": NaN,
        "Net Income Including Noncontrolling Interests": NaN,
        "Net Income Discontinuous Operations": NaN,
        "Net Income Continuous Operations": NaN,
        "Tax Provision": NaN,
        "Pretax Income": NaN,
        "Other Income Expense": 259000.0,
        "Special Income Charges": NaN,
        "Impairment Of Capital Assets": NaN,
        "Restructuring And Mergern Acquisition": 0.0,
        "Net Non Operating Interest Income Expense": NaN,
        "Total Other Finance Cost": NaN,
        "Interest Expense Non Operating": NaN,
        "Interest Income Non Operating": -9000.0,
        "Operating Income": NaN,
        "Operating Expense": NaN,
        "Research And Development": NaN,
        "Selling General And Administration": NaN,
        "Selling And Marketing Expense": NaN,
        "General And Administrative Expense": NaN,
        "Other Gand A": NaN,
        "Gross Profit": NaN,
        "Cost Of Revenue": NaN,
        "Total Revenue": NaN,
        "Operating Revenue": NaN
    },
    "2022-09-30": {
        "Tax Effect Of Unusual Items": NaN,
        "Tax Rate For Calcs": NaN,
        "Normalized EBITDA": NaN,
        "Total Unusual Items": NaN,
        "Total Unusual Items Excluding Goodwill": NaN,
        "Net Income From Continuing Operation Net Minority Interest": NaN,
        "Reconciled Cost Of Revenue": NaN,
        "EBITDA": NaN,
        "EBIT": NaN,
        "Net Interest Income": NaN,
        "Interest Expense": NaN,
        "Interest Income": 35000.0,
        "Normalized Income": NaN,
        "Net Income From Continuing And Discontinued Operation": NaN,
        "Total Expenses": NaN,
        "Total Operating Income As Reported": NaN,
        "Diluted Average Shares": NaN,
        "Basic Average Shares": NaN,
        "Diluted EPS": NaN,
        "Basic EPS": NaN,
        "Diluted NI Availto Com Stockholders": NaN,
        "Net Income Common Stockholders": NaN,
        "Net Income": NaN,
        "Net Income Including Noncontrolling Interests": NaN,
        "Net Income Discontinuous Operations": -104000.0,
        "Net Income Continuous Operations": NaN,
        "Tax Provision": NaN,
        "Pretax Income": NaN,
        "Other Income Expense": NaN,
        "Special Income Charges": NaN,
        "Impairment Of Capital Assets": NaN,
        "Restructuring And Mergern Acquisition": 0.0,
        "Net Non Operating Interest Income Expense": NaN,
        "Total Other Finance Cost": NaN,
        "Interest Expense Non Operating": NaN,
        "Interest Income Non Operating": 35000.0,
        "Operating Income": NaN,
        "Operating Expense": NaN,
        "Research And Development": NaN,
        "Selling General And Administration": NaN,
        "Selling And Marketing Expense": NaN,
        "General And Administrative Expense": NaN,
        "Other Gand A": NaN,
        "Gross Profit": NaN,
        "Cost Of Revenue": NaN,
        "Total Revenue": NaN,
        "Operating Revenue": NaN
    },
    "2022-06-30": {
        "Tax Effect Of Unusual Items": -12683.591331,
        "Tax Rate For Calcs": 0.022291,
        "Normalized EBITDA": -2326000.0,
        "Total Unusual Items": -569000.0,
        "Total Unusual Items Excluding Goodwill": -569000.0,
        "Net Income From Continuing Operation Net Minority Interest": -3158000.0,
        "Reconciled Cost Of Revenue": 2161000.0,
        "EBITDA": -2895000.0,
        "EBIT": -2895000.0,
        "Net Interest Income": 234000.0,
        "Interest Income": NaN,
        "Normalized Income": -2601683.591331,
        "Net Income From Continuing And Discontinued Operation": -3158000.0,
        "Total Expenses": 7672000.0,
        "Total Operating Income As Reported": -3464000.0,
        "Diluted Average Shares": 3158000.0,
        "Basic Average Shares": 3158000.0,
        "Diluted EPS": -1.0,
        "Basic EPS": -1.0,
        "Diluted NI Availto Com Stockholders": -3158000.0,
        "Net Income Common Stockholders": -3158000.0,
        "Net Income": -3158000.0,
        "Net Income Including Noncontrolling Interests": -3158000.0,
        "Net Income Continuous Operations": -3158000.0,
        "Tax Provision": -72000.0,
        "Pretax Income": -3230000.0,
        "Other Income Expense": -569000.0,
        "Special Income Charges": -569000.0,
        "Impairment Of Capital Assets": 569000.0,
        "Restructuring And Mergern Acquisition": 0.0,
        "Net Non Operating Interest Income Expense": 234000.0,
        "Total Other Finance Cost": -234000.0,
        "Interest Income Non Operating": NaN,
        "Operating Income": -2895000.0,
        "Operating Expense": 5511000.0,
        "Research And Development": 889000.0,
        "Selling General And Administration": 4622000.0,
        "Selling And Marketing Expense": 2624000.0,
        "General And Administrative Expense": 1998000.0,
        "Other Gand A": 1998000.0,
        "Gross Profit": 2616000.0,
        "Cost Of Revenue": 2161000.0,
        "Total Revenue": 4777000.0,
        "Operating Revenue": 4777000.0
    },
    "2022-03-31": {
        "Diluted EPS": -1.6,
        "Total Revenue": 4,
        "Gross Profit": 2,
        "Operating Income": -5,
        "EBIT": -5,
        "Net Income": -5
    },
    "2021-12-31": {
        "Diluted EPS": 45.3,
        "Total Revenue": 4,
        "Gross Profit": 2,
        "Operating Income": -6,
        "EBIT": -6,
        "Net Income": -5
    },
    "2021-09-30": {
        "Diluted EPS": -5.2,
        "Total Revenue": 3,
        "Gross Profit": 2,
        "Operating Income": -4,
        "EBIT": -4,
        "Net Income": -4
    },
    "2021-06-30": {
        "Diluted EPS": -0.9,
        "Total Revenue": 2,
        "Gross Profit": 1,
        "Operating Income": -2,
        "EBIT": -2,
        "Net Income": -2
    },
    "2021-03-31": {
        "Diluted EPS": -44.0,
        "Total Revenue": 1,
        "Gross Profit": 0,
        "Operating Income": -2,
        "EBIT": -2,
        "Net Income": -3
    },
    "2020-12-31": {
        "Diluted EPS": -292.0,
        "Total Revenue": 1,
        "Gross Profit": 0,
        "Operating Income": -5,
        "EBIT": -5,
        "Net Income": -5
    },
    "2020-09-30": {
        "Diluted EPS": -48.0,
        "Total Revenue": 1,
        "Gross Profit": 1,
        "Operating Income": -2,
        "EBIT": -2,
        "Net Income": -1
    },
    "2020-06-30": {
        "Diluted EPS": -4.0,
        "Total Revenue": 1,
        "Gross Profit": 1,
        "Operating Income": -2,
        "EBIT": -2,
        "Net Income": -2
    },
    "2020-03-31": {
        "Diluted EPS": 8.0,
        "Total Revenue": 1,
        "Gross Profit": 1,
        "Operating Income": -3,
        "EBIT": -3,
        "Net Income": 1
    },
    "2019-12-31": {
        "Diluted EPS": -144.0,
        "Total Revenue": 1,
        "Gross Profit": 0,
        "Operating Income": -4,
        "EBIT": -4,
        "Net Income": -11
    },
    "2019-09-30": {
        "Diluted EPS": -32.0,
        "Total Revenue": 1,
        "Gross Profit": 1,
        "Operating Income": -2,
        "EBIT": -2,
        "Net Income": 1
    },
    "2019-06-30": {
        "Diluted EPS": -48.0,
        "Total Revenue": 0,
        "Gross Profit": 0,
        "Operating Income": -2,
        "EBIT": -2,
        "Net Income": 0
    },
    "2019-03-31": {
        "Diluted EPS": -188.0,
        "Total Revenue": 0,
        "Gross Profit": 0,
        "Operating Income": -2,
        "EBIT": -2,
        "Net Income": -2
    },
    "2018-12-31": {
        "Diluted EPS": NaN,
        "Total Revenue": 0,
        "Gross Profit": 0,
        "Operating Income": -2,
        "EBIT": -2,
        "Net Income": -3
    },
    "2018-09-30": {
        "Diluted EPS": -976.0,
        "Total Revenue": 0,
        "Gross Profit": 0,
        "Operating Income": -2,
        "EBIT": -2,
        "Net Income": -5
    },
    "2018-06-30": {
        "Diluted EPS": -800.0,
        "Total Revenue": 0,
        "Gross Profit": 0,
        "Operating Income": -2,
        "EBIT": -2,
        "Net Income": -2
    },
    "2018-03-31": {
        "Diluted EPS": -800.0,
        "Total Revenue": 0,
        "Gross Profit": 0,
        "Operating Income": -2,
        "EBIT": -2,
        "Net Income": -2
    },
    "2017-12-31": {
        "Diluted EPS": -320.0,
        "Total Revenue": 0,
        "Gross Profit": 0,
        "Operating Income": -2,
        "EBIT": -2,
        "Net Income": -2
    },
    "2017-09-30": {
        "Diluted EPS": -720.0,
        "Total Revenue": 0,
        "Gross Profit": 0,
        "Operating Income": -2,
        "EBIT": -2,
        "Net Income": -1
    },
    "2017-06-30": {
        "Diluted EPS": -480.0,
        "Total Revenue": 0,
        "Gross Profit": 0,
        "Operating Income": -2,
        "EBIT": -2,
        "Net Income": -1
    },
    "2017-03-31": {
        "Diluted EPS": -800.0,
        "Total Revenue": 0,
        "Gross Profit": 0,
        "Operating Income": -1,
        "EBIT": -1,
        "Net Income": -1
    },
    "2016-12-31": {
        "Diluted EPS": 0.0,
        "Total Revenue": NaN,
        "Gross Profit": NaN,
        "Operating Income": NaN,
        "EBIT": NaN,
        "Net Income": NaN
    },
    "2023-06-30": {
        "Tax Effect Of Unusual Items": NaN,
        "Tax Rate For Calcs": NaN,
        "Normalized EBITDA": NaN,
        "Total Unusual Items": NaN,
        "Total Unusual Items Excluding Goodwill": NaN,
        "Net Income From Continuing Operation Net Minority Interest": NaN,
        "Reconciled Cost Of Revenue": NaN,
        "EBITDA": NaN,
        "EBIT": NaN,
        "Net Interest Income": NaN,
        "Interest Expense": NaN,
        "Normalized Income": NaN,
        "Net Income From Continuing And Discontinued Operation": NaN,
        "Total Expenses": NaN,
        "Total Operating Income As Reported": NaN,
        "Diluted Average Shares": NaN,
        "Basic Average Shares": NaN,
        "Diluted EPS": NaN,
        "Basic EPS": NaN,
        "Diluted NI Availto Com Stockholders": NaN,
        "Net Income Common Stockholders": NaN,
        "Net Income": NaN,
        "Net Income Including Noncontrolling Interests": NaN,
        "Net Income Discontinuous Operations": NaN,
        "Net Income Continuous Operations": NaN,
        "Tax Provision": NaN,
        "Pretax Income": NaN,
        "Other Income Expense": -6311000.0,
        "Special Income Charges": NaN,
        "Impairment Of Capital Assets": NaN,
        "Net Non Operating Interest Income Expense": NaN,
        "Total Other Finance Cost": NaN,
        "Interest Expense Non Operating": NaN,
        "Operating Income": NaN,
        "Operating Expense": NaN,
        "Research And Development": NaN,
        "Selling General And Administration": NaN,
        "Selling And Marketing Expense": NaN,
        "General And Administrative Expense": NaN,
        "Other Gand A": NaN,
        "Gross Profit": NaN,
        "Cost Of Revenue": NaN,
        "Total Revenue": NaN,
        "Operating Revenue": NaN
    },
    "2023-09-30": {
        "Tax Effect Of Unusual Items": NaN,
        "Tax Rate For Calcs": NaN,
        "Normalized EBITDA": NaN,
        "Total Unusual Items": NaN,
        "Total Unusual Items Excluding Goodwill": NaN,
        "Net Income From Continuing Operation Net Minority Interest": NaN,
        "Reconciled Cost Of Revenue": NaN,
        "EBITDA": NaN,
        "EBIT": NaN,
        "Net Interest Income": NaN,
        "Interest Expense": 652000.0,
        "Normalized Income": NaN,
        "Net Income From Continuing And Discontinued Operation": NaN,
        "Total Expenses": NaN,
        "Total Operating Income As Reported": NaN,
        "Diluted Average Shares": NaN,
        "Basic Average Shares": NaN,
        "Diluted EPS": NaN,
        "Basic EPS": NaN,
        "Diluted NI Availto Com Stockholders": NaN,
        "Net Income Common Stockholders": NaN,
        "Net Income": NaN,
        "Net Income Including Noncontrolling Interests": NaN,
        "Net Income Discontinuous Operations": NaN,
        "Net Income Continuous Operations": NaN,
        "Tax Provision": NaN,
        "Pretax Income": NaN,
        "Other Income Expense": NaN,
        "Special Income Charges": NaN,
        "Impairment Of Capital Assets": NaN,
        "Net Non Operating Interest Income Expense": NaN,
        "Total Other Finance Cost": NaN,
        "Interest Expense Non Operating": 652000.0,
        "Operating Income": NaN,
        "Operating Expense": NaN,
        "Research And Development": NaN,
        "Selling General And Administration": NaN,
        "Selling And Marketing Expense": NaN,
        "General And Administrative Expense": NaN,
        "Other Gand A": NaN,
        "Gross Profit": NaN,
        "Cost Of Revenue": NaN,
        "Total Revenue": NaN,
        "Operating Revenue": NaN
    },
    "2023-12-31": {
        "Tax Effect Of Unusual Items": NaN,
        "Tax Rate For Calcs": NaN,
        "Normalized EBITDA": NaN,
        "Total Unusual Items": 54000.0,
        "Total Unusual Items Excluding Goodwill": 54000.0,
        "Net Income From Continuing Operation Net Minority Interest": NaN,
        "Reconciled Cost Of Revenue": NaN,
        "EBITDA": NaN,
        "EBIT": NaN,
        "Net Interest Income": NaN,
        "Interest Expense": -107000.0,
        "Normalized Income": NaN,
        "Net Income From Continuing And Discontinued Operation": NaN,
        "Total Expenses": NaN,
        "Total Operating Income As Reported": NaN,
        "Diluted Average Shares": NaN,
        "Basic Average Shares": NaN,
        "Diluted EPS": NaN,
        "Basic EPS": NaN,
        "Diluted NI Availto Com Stockholders": NaN,
        "Net Income Common Stockholders": NaN,
        "Net Income": NaN,
        "Net Income Including Noncontrolling Interests": NaN,
        "Net Income Discontinuous Operations": 0.0,
        "Net Income Continuous Operations": NaN,
        "Tax Provision": NaN,
        "Pretax Income": NaN,
        "Other Income Expense": -29000.0,
        "Special Income Charges": 0.0,
        "Impairment Of Capital Assets": 0.0,
        "Net Non Operating Interest Income Expense": NaN,
        "Total Other Finance Cost": NaN,
        "Interest Expense Non Operating": -107000.0,
        "Operating Income": NaN,
        "Operating Expense": NaN,
        "Research And Development": NaN,
        "Selling General And Administration": NaN,
        "Selling And Marketing Expense": NaN,
        "General And Administrative Expense": NaN,
        "Other Gand A": NaN,
        "Gross Profit": NaN,
        "Cost Of Revenue": NaN,
        "Total Revenue": NaN,
        "Operating Revenue": NaN
    },
    "2024-03-31": {
        "Tax Effect Of Unusual Items": 0.0,
        "Tax Rate For Calcs": 0.171461,
        "Normalized EBITDA": 2586000.0,
        "Total Unusual Items": 0.0,
        "Total Unusual Items Excluding Goodwill": 0.0,
        "Net Income From Continuing Operation Net Minority Interest": 1440000.0,
        "Reconciled Cost Of Revenue": 1803000.0,
        "EBITDA": 2586000.0,
        "EBIT": 2586000.0,
        "Net Interest Income": -848000.0,
        "Interest Expense": NaN,
        "Normalized Income": 1440000.0,
        "Net Income From Continuing And Discontinued Operation": 1440000.0,
        "Total Expenses": 5790000.0,
        "Total Operating Income As Reported": 2586000.0,
        "Diluted Average Shares": 7200000.0,
        "Basic Average Shares": 7200000.0,
        "Diluted EPS": 0.2,
        "Basic EPS": 0.2,
        "Diluted NI Availto Com Stockholders": 1440000.0,
        "Net Income Common Stockholders": 1440000.0,
        "Net Income": 1440000.0,
        "Net Income Including Noncontrolling Interests": 1440000.0,
        "Net Income Discontinuous Operations": 0.0,
        "Net Income Continuous Operations": 1440000.0,
        "Tax Provision": 298000.0,
        "Pretax Income": 1738000.0,
        "Other Income Expense": NaN,
        "Special Income Charges": 0.0,
        "Impairment Of Capital Assets": 0.0,
        "Net Non Operating Interest Income Expense": -848000.0,
        "Total Other Finance Cost": 848000.0,
        "Interest Expense Non Operating": NaN,
        "Operating Income": 2586000.0,
        "Operating Expense": 3987000.0,
        "Research And Development": 1022000.0,
        "Selling General And Administration": 2965000.0,
        "Selling And Marketing Expense": 1725000.0,
        "General And Administrative Expense": 1240000.0,
        "Other Gand A": 1240000.0,
        "Gross Profit": 6573000.0,
        "Cost Of Revenue": 1803000.0,
        "Total Revenue": 8376000.0,
        "Operating Revenue": 8376000.0
    },
    "2024-06-30": {
        "Tax Effect Of Unusual Items": 0.0,
        "Tax Rate For Calcs": 0.23,
        "Normalized EBITDA": 2679000.0,
        "Total Unusual Items": 0.0,
        "Total Unusual Items Excluding Goodwill": 0.0,
        "Net Income From Continuing Operation Net Minority Interest": -351000.0,
        "Reconciled Cost Of Revenue": 2051000.0,
        "EBITDA": 2679000.0,
        "EBIT": 2679000.0,
        "Net Interest Income": -2497000.0,
        "Interest Expense": NaN,
        "Normalized Income": -351000.0,
        "Net Income From Continuing And Discontinued Operation": -351000.0,
        "Total Expenses": 6205000.0,
        "Total Operating Income As Reported": 2679000.0,
        "Diluted Average Shares": 6835601.0,
        "Basic Average Shares": 6835601.0,
        "Diluted EPS": -0.1,
        "Basic EPS": -0.1,
        "Diluted NI Availto Com Stockholders": -351000.0,
        "Net Income Common Stockholders": -351000.0,
        "Net Income": -351000.0,
        "Net Income Including Noncontrolling Interests": -351000.0,
        "Net Income Discontinuous Operations": 0.0,
        "Net Income Continuous Operations": -351000.0,
        "Tax Provision": 533000.0,
        "Pretax Income": 182000.0,
        "Other Income Expense": NaN,
        "Special Income Charges": 0.0,
        "Impairment Of Capital Assets": 0.0,
        "Net Non Operating Interest Income Expense": -2497000.0,
        "Total Other Finance Cost": 2497000.0,
        "Interest Expense Non Operating": NaN,
        "Operating Income": 2679000.0,
        "Operating Expense": 4154000.0,
        "Research And Development": 1121000.0,
        "Selling General And Administration": 3033000.0,
        "Selling And Marketing Expense": 1647000.0,
        "General And Administrative Expense": 1386000.0,
        "Other Gand A": 1386000.0,
        "Gross Profit": 6833000.0,
        "Cost Of Revenue": 2051000.0,
        "Total Revenue": 8884000.0,
        "Operating Revenue": 8884000.0
    },
    "2024-09-30": {
        "Tax Effect Of Unusual Items": 0.0,
        "Tax Rate For Calcs": 0.061409,
        "Normalized EBITDA": 1064000.0,
        "Total Unusual Items": 0.0,
        "Total Unusual Items Excluding Goodwill": 0.0,
        "Net Income From Continuing Operation Net Minority Interest": 4249000.0,
        "Reconciled Cost Of Revenue": 2029000.0,
        "EBITDA": 1064000.0,
        "EBIT": 1064000.0,
        "Net Interest Income": 3463000.0,
        "Interest Expense": NaN,
        "Normalized Income": 4249000.0,
        "Net Income From Continuing And Discontinued Operation": 4249000.0,
        "Total Expenses": 6130000.0,
        "Total Operating Income As Reported": 1064000.0,
        "Diluted Average Shares": 7081667.0,
        "Basic Average Shares": 7081667.0,
        "Diluted EPS": 0.6,
        "Basic EPS": 0.6,
        "Diluted NI Availto Com Stockholders": 4249000.0,
        "Net Income Common Stockholders": 4249000.0,
        "Net Income": 4249000.0,
        "Net Income Including Noncontrolling Interests": 4249000.0,
        "Net Income Discontinuous Operations": 0.0,
        "Net Income Continuous Operations": 4249000.0,
        "Tax Provision": 278000.0,
        "Pretax Income": 4527000.0,
        "Other Income Expense": NaN,
        "Special Income Charges": 0.0,
        "Impairment Of Capital Assets": 0.0,
        "Net Non Operating Interest Income Expense": 3463000.0,
        "Total Other Finance Cost": -3463000.0,
        "Interest Expense Non Operating": NaN,
        "Operating Income": 1064000.0,
        "Operating Expense": 4101000.0,
        "Research And Development": 1142000.0,
        "Selling General And Administration": 2959000.0,
        "Selling And Marketing Expense": 1673000.0,
        "General And Administrative Expense": 1286000.0,
        "Other Gand A": 1286000.0,
        "Gross Profit": 5165000.0,
        "Cost Of Revenue": 2029000.0,
        "Total Revenue": 7194000.0,
        "Operating Revenue": 7194000.0
    },
    "2024-12-31": {
        "Tax Effect Of Unusual Items": -90368.231047,
        "Tax Rate For Calcs": 0.202166,
        "Normalized EBITDA": 1512000.0,
        "Total Unusual Items": -447000.0,
        "Total Unusual Items Excluding Goodwill": -447000.0,
        "Net Income From Continuing Operation Net Minority Interest": 442000.0,
        "Reconciled Cost Of Revenue": 2032000.0,
        "EBITDA": 1065000.0,
        "EBIT": 1065000.0,
        "Net Interest Income": 262000.0,
        "Interest Expense": NaN,
        "Normalized Income": 798631.768953,
        "Net Income From Continuing And Discontinued Operation": 442000.0,
        "Total Expenses": 6592000.0,
        "Total Operating Income As Reported": 391000.0,
        "Diluted Average Shares": 6914427.0,
        "Basic Average Shares": 6914427.0,
        "Diluted EPS": 0.1,
        "Basic EPS": 0.1,
        "Diluted NI Availto Com Stockholders": 442000.0,
        "Net Income Common Stockholders": 442000.0,
        "Net Income": 442000.0,
        "Net Income Including Noncontrolling Interests": 442000.0,
        "Net Income Discontinuous Operations": 0.0,
        "Net Income Continuous Operations": 442000.0,
        "Tax Provision": 112000.0,
        "Pretax Income": 554000.0,
        "Other Income Expense": NaN,
        "Special Income Charges": -387000.0,
        "Impairment Of Capital Assets": 0.0,
        "Net Non Operating Interest Income Expense": 262000.0,
        "Total Other Finance Cost": 140000.0,
        "Interest Expense Non Operating": NaN,
        "Operating Income": 778000.0,
        "Operating Expense": 4560000.0,
        "Research And Development": 1210000.0,
        "Selling General And Administration": 3195000.0,
        "Selling And Marketing Expense": -3064000.0,
        "General And Administrative Expense": 6259000.0,
        "Other Gand A": -1414000.0,
        "Gross Profit": 5338000.0,
        "Cost Of Revenue": 2032000.0,
        "Total Revenue": 7370000.0,
        "Operating Revenue": 7370000.0
    },
    "2025-03-31": {
        "Tax Effect Of Unusual Items": 0.0,
        "Tax Rate For Calcs": 0.251376,
        "Normalized EBITDA": 333000.0,
        "Total Unusual Items": NaN,
        "Total Unusual Items Excluding Goodwill": NaN,
        "Net Income From Continuing Operation Net Minority Interest": 408000.0,
        "Reconciled Cost Of Revenue": 2318000.0,
        "EBITDA": 333000.0,
        "EBIT": 333000.0,
        "Net Interest Income": 212000.0,
        "Interest Expense": NaN,
        "Normalized Income": 408000.0,
        "Net Income From Continuing And Discontinued Operation": 408000.0,
        "Total Expenses": 6800000.0,
        "Total Operating Income As Reported": 333000.0,
        "Diluted Average Shares": 6952588.0,
        "Basic Average Shares": 6952588.0,
        "Diluted EPS": 0.1,
        "Basic EPS": 0.1,
        "Diluted NI Availto Com Stockholders": 408000.0,
        "Net Income Common Stockholders": 408000.0,
        "Net Income": 408000.0,
        "Net Income Including Noncontrolling Interests": 408000.0,
        "Net Income Discontinuous Operations": NaN,
        "Net Income Continuous Operations": 408000.0,
        "Tax Provision": 137000.0,
        "Pretax Income": 545000.0,
        "Other Income Expense": NaN,
        "Special Income Charges": NaN,
        "Impairment Of Capital Assets": NaN,
        "Net Non Operating Interest Income Expense": 212000.0,
        "Total Other Finance Cost": -212000.0,
        "Interest Expense Non Operating": NaN,
        "Operating Income": 333000.0,
        "Operating Expense": 4482000.0,
        "Research And Development": 1370000.0,
        "Selling General And Administration": 3112000.0,
        "Selling And Marketing Expense": 1827000.0,
        "General And Administrative Expense": 1285000.0,
        "Other Gand A": 1285000.0,
        "Gross Profit": 4815000.0,
        "Cost Of Revenue": 2318000.0,
        "Total Revenue": 7133000.0,
        "Operating Revenue": 7133000.0
    }
}