{
    "2023-03-31": {
        "Tax Effect Of Unusual Items": NaN,
        "Tax Rate For Calcs": NaN,
        "Normalized EBITDA": NaN,
        "Total Unusual Items": NaN,
        "Total Unusual Items Excluding Goodwill": NaN,
        "Net Income From Continuing Operation Net Minority Interest": NaN,
        "Reconciled Depreciation": NaN,
        "Reconciled Cost Of Revenue": NaN,
        "EBITDA": NaN,
        "EBIT": NaN,
        "Net Interest Income": NaN,
        "Interest Expense": NaN,
        "Normalized Income": NaN,
        "Net Income From Continuing And Discontinued Operation": NaN,
        "Total Expenses": NaN,
        "Rent Expense Supplemental": 17288.0,
        "Total Operating Income As Reported": NaN,
        "Diluted Average Shares": NaN,
        "Basic Average Shares": NaN,
        "Diluted EPS": NaN,
        "Basic EPS": NaN,
        "Diluted NI Availto Com Stockholders": NaN,
        "Net Income Common Stockholders": NaN,
        "Net Income": NaN,
        "Minority Interests": NaN,
        "Net Income Including Noncontrolling Interests": NaN,
        "Net Income Continuous Operations": NaN,
        "Tax Provision": NaN,
        "Pretax Income": NaN,
        "Other Income Expense": NaN,
        "Other Non Operating Income Expenses": NaN,
        "Special Income Charges": NaN,
        "Write Off": NaN,
        "Earnings From Equity Interest": NaN,
        "Gain On Sale Of Security": NaN,
        "Net Non Operating Interest Income Expense": NaN,
        "Interest Expense Non Operating": NaN,
        "Operating Income": NaN,
        "Operating Expense": NaN,
        "Research And Development": 92350.0,
        "Selling General And Administration": NaN,
        "Selling And Marketing Expense": NaN,
        "General And Administrative Expense": NaN,
        "Other Gand A": NaN,
        "Rent And Landing Fees": 17288.0,
        "Salaries And Wages": NaN,
        "Gross Profit": NaN,
        "Cost Of Revenue": NaN,
        "Total Revenue": NaN,
        "Operating Revenue": NaN
    },
    "2022-12-31": {
        "Tax Effect Of Unusual Items": NaN,
        "Tax Rate For Calcs": NaN,
        "Normalized EBITDA": NaN,
        "Total Unusual Items": NaN,
        "Total Unusual Items Excluding Goodwill": NaN,
        "Net Income From Continuing Operation Net Minority Interest": NaN,
        "Reconciled Depreciation": NaN,
        "Reconciled Cost Of Revenue": NaN,
        "EBITDA": NaN,
        "EBIT": NaN,
        "Net Interest Income": NaN,
        "Interest Expense": NaN,
        "Normalized Income": NaN,
        "Net Income From Continuing And Discontinued Operation": NaN,
        "Total Expenses": NaN,
        "Rent Expense Supplemental": NaN,
        "Total Operating Income As Reported": NaN,
        "Diluted Average Shares": NaN,
        "Basic Average Shares": NaN,
        "Diluted EPS": NaN,
        "Basic EPS": NaN,
        "Diluted NI Availto Com Stockholders": NaN,
        "Net Income Common Stockholders": NaN,
        "Net Income": NaN,
        "Minority Interests": NaN,
        "Net Income Including Noncontrolling Interests": NaN,
        "Net Income Continuous Operations": NaN,
        "Tax Provision": NaN,
        "Pretax Income": NaN,
        "Other Income Expense": NaN,
        "Other Non Operating Income Expenses": NaN,
        "Special Income Charges": 0.0,
        "Other Special Charges": 0.0,
        "Write Off": NaN,
        "Earnings From Equity Interest": NaN,
        "Gain On Sale Of Security": NaN,
        "Net Non Operating Interest Income Expense": NaN,
        "Interest Expense Non Operating": NaN,
        "Operating Income": NaN,
        "Operating Expense": NaN,
        "Research And Development": NaN,
        "Selling General And Administration": NaN,
        "Selling And Marketing Expense": NaN,
        "General And Administrative Expense": NaN,
        "Other Gand A": NaN,
        "Rent And Landing Fees": NaN,
        "Salaries And Wages": NaN,
        "Gross Profit": NaN,
        "Cost Of Revenue": NaN,
        "Total Revenue": NaN,
        "Operating Revenue": NaN
    },
    "2022-09-30": {
        "Tax Effect Of Unusual Items": NaN,
        "Tax Rate For Calcs": NaN,
        "Normalized EBITDA": NaN,
        "Total Unusual Items": NaN,
        "Total Unusual Items Excluding Goodwill": NaN,
        "Net Income From Continuing Operation Net Minority Interest": NaN,
        "Reconciled Depreciation": NaN,
        "Reconciled Cost Of Revenue": NaN,
        "EBITDA": NaN,
        "EBIT": NaN,
        "Net Interest Income": NaN,
        "Interest Expense": NaN,
        "Normalized Income": NaN,
        "Net Income From Continuing And Discontinued Operation": NaN,
        "Total Expenses": NaN,
        "Rent Expense Supplemental": 18938.0,
        "Total Operating Income As Reported": NaN,
        "Diluted Average Shares": 9703603.0,
        "Basic Average Shares": 9703603.0,
        "Diluted EPS": -0.56,
        "Basic EPS": -0.56,
        "Diluted NI Availto Com Stockholders": NaN,
        "Net Income Common Stockholders": NaN,
        "Net Income": NaN,
        "Minority Interests": NaN,
        "Net Income Including Noncontrolling Interests": NaN,
        "Net Income Continuous Operations": NaN,
        "Tax Provision": NaN,
        "Pretax Income": NaN,
        "Other Income Expense": NaN,
        "Other Non Operating Income Expenses": NaN,
        "Special Income Charges": 0.0,
        "Other Special Charges": NaN,
        "Write Off": 0.0,
        "Earnings From Equity Interest": NaN,
        "Gain On Sale Of Security": NaN,
        "Net Non Operating Interest Income Expense": NaN,
        "Interest Expense Non Operating": NaN,
        "Operating Income": NaN,
        "Operating Expense": NaN,
        "Research And Development": NaN,
        "Selling General And Administration": NaN,
        "Selling And Marketing Expense": NaN,
        "General And Administrative Expense": NaN,
        "Other Gand A": NaN,
        "Rent And Landing Fees": 18938.0,
        "Salaries And Wages": NaN,
        "Gross Profit": NaN,
        "Cost Of Revenue": NaN,
        "Total Revenue": NaN,
        "Operating Revenue": NaN
    },
    "2022-06-30": {
        "Tax Effect Of Unusual Items": 0.0,
        "Tax Rate For Calcs": 0.0,
        "Normalized EBITDA": -1236461.0,
        "Total Unusual Items": -580731.0,
        "Total Unusual Items Excluding Goodwill": -580731.0,
        "Net Income From Continuing Operation Net Minority Interest": -2028474.0,
        "Reconciled Depreciation": 117539.0,
        "Reconciled Cost Of Revenue": 211703.0,
        "EBITDA": -1817192.0,
        "EBIT": -1934731.0,
        "Net Interest Income": -93743.0,
        "Interest Expense": 93743.0,
        "Normalized Income": -1447743.0,
        "Net Income From Continuing And Discontinued Operation": -2028474.0,
        "Total Expenses": 1784392.0,
        "Rent Expense Supplemental": 19656.0,
        "Total Operating Income As Reported": -2843571.0,
        "Diluted Average Shares": 8893281.0,
        "Basic Average Shares": 8893281.0,
        "Diluted EPS": -0.23,
        "Basic EPS": -0.23,
        "Diluted NI Availto Com Stockholders": -2028474.0,
        "Net Income Common Stockholders": -2028474.0,
        "Net Income": -2028474.0,
        "Minority Interests": 0.0,
        "Net Income Including Noncontrolling Interests": -2028474.0,
        "Net Income Continuous Operations": -2028474.0,
        "Tax Provision": 0.0,
        "Pretax Income": -2028474.0,
        "Other Income Expense": -441160.0,
        "Other Non Operating Income Expenses": 151453.0,
        "Special Income Charges": -1350000.0,
        "Other Special Charges": 1350000.0,
        "Write Off": NaN,
        "Earnings From Equity Interest": -11882.0,
        "Gain On Sale Of Security": 769269.0,
        "Net Non Operating Interest Income Expense": -93743.0,
        "Interest Expense Non Operating": 93743.0,
        "Operating Income": -1493571.0,
        "Operating Expense": 1572689.0,
        "Research And Development": 254476.0,
        "Selling General And Administration": 1318213.0,
        "Selling And Marketing Expense": 130395.0,
        "General And Administrative Expense": 1187818.0,
        "Other Gand A": 561037.0,
        "Rent And Landing Fees": 19656.0,
        "Salaries And Wages": 607125.0,
        "Gross Profit": 79118.0,
        "Cost Of Revenue": 211703.0,
        "Total Revenue": 290821.0,
        "Operating Revenue": 290821.0
    },
    "2022-03-31": {
        "Diluted EPS": -0.23,
        "Total Revenue": 0,
        "Gross Profit": 0,
        "Operating Income": -2,
        "EBIT": -2,
        "Net Income": -2
    },
    "2021-12-31": {
        "Diluted EPS": -0.27,
        "Total Revenue": 0,
        "Gross Profit": 0,
        "Operating Income": -2,
        "EBIT": -2,
        "Net Income": -2
    },
    "2021-09-30": {
        "Diluted EPS": -0.2,
        "Total Revenue": 0,
        "Gross Profit": 0,
        "Operating Income": -2,
        "EBIT": -2,
        "Net Income": -2
    },
    "2021-06-30": {
        "Diluted EPS": -0.3,
        "Total Revenue": 0,
        "Gross Profit": 0,
        "Operating Income": -2,
        "EBIT": -2,
        "Net Income": -2
    },
    "2021-03-31": {
        "Diluted EPS": -0.3,
        "Total Revenue": 0,
        "Gross Profit": 0,
        "Operating Income": -2,
        "EBIT": -2,
        "Net Income": -2
    },
    "2020-12-31": {
        "Diluted EPS": -0.4,
        "Total Revenue": 0,
        "Gross Profit": 0,
        "Operating Income": -3,
        "EBIT": -3,
        "Net Income": -3
    },
    "2020-09-30": {
        "Diluted EPS": -0.4,
        "Total Revenue": 0,
        "Gross Profit": 0,
        "Operating Income": -3,
        "EBIT": -3,
        "Net Income": -3
    },
    "2020-06-30": {
        "Diluted EPS": -0.4,
        "Total Revenue": 0,
        "Gross Profit": 0,
        "Operating Income": -3,
        "EBIT": -3,
        "Net Income": -3
    },
    "2020-03-31": {
        "Diluted EPS": -0.4,
        "Total Revenue": 0,
        "Gross Profit": 0,
        "Operating Income": -3,
        "EBIT": -3,
        "Net Income": -3
    },
    "2019-12-31": {
        "Diluted EPS": -0.7,
        "Total Revenue": 0,
        "Gross Profit": 0,
        "Operating Income": -5,
        "EBIT": -5,
        "Net Income": -5
    },
    "2019-09-30": {
        "Diluted EPS": -0.5,
        "Total Revenue": 0,
        "Gross Profit": 0,
        "Operating Income": -5,
        "EBIT": -5,
        "Net Income": -4
    },
    "2019-06-30": {
        "Diluted EPS": -0.6,
        "Total Revenue": 0,
        "Gross Profit": 0,
        "Operating Income": -4,
        "EBIT": -4,
        "Net Income": -4
    },
    "2019-03-31": {
        "Diluted EPS": -0.6,
        "Total Revenue": 0,
        "Gross Profit": 0,
        "Operating Income": -4,
        "EBIT": -4,
        "Net Income": -4
    },
    "2018-12-31": {
        "Diluted EPS": -0.4,
        "Total Revenue": 0,
        "Gross Profit": 0,
        "Operating Income": -3,
        "EBIT": -3,
        "Net Income": -3
    },
    "2018-09-30": {
        "Diluted EPS": -0.3,
        "Total Revenue": 0,
        "Gross Profit": 0,
        "Operating Income": -2,
        "EBIT": -2,
        "Net Income": -2
    },
    "2018-06-30": {
        "Diluted EPS": -0.2,
        "Total Revenue": 0,
        "Gross Profit": 0,
        "Operating Income": -1,
        "EBIT": -1,
        "Net Income": -1
    },
    "2018-03-31": {
        "Diluted EPS": -0.2,
        "Total Revenue": 0,
        "Gross Profit": 0,
        "Operating Income": -1,
        "EBIT": -1,
        "Net Income": -1
    },
    "2017-12-31": {
        "Diluted EPS": -0.2,
        "Total Revenue": 0,
        "Gross Profit": 0,
        "Operating Income": -2,
        "EBIT": -2,
        "Net Income": -2
    },
    "2017-09-30": {
        "Diluted EPS": -0.1,
        "Total Revenue": 0,
        "Gross Profit": 0,
        "Operating Income": -1,
        "EBIT": -1,
        "Net Income": -1
    },
    "2017-06-30": {
        "Diluted EPS": -0.1,
        "Total Revenue": 0,
        "Gross Profit": 0,
        "Operating Income": 0,
        "EBIT": 0,
        "Net Income": 0
    },
    "2017-03-31": {
        "Diluted EPS": -0.1,
        "Total Revenue": 0,
        "Gross Profit": 0,
        "Operating Income": 0,
        "EBIT": 0,
        "Net Income": -1
    },
    "2016-12-31": {
        "Diluted EPS": -0.02,
        "Total Revenue": 0,
        "Gross Profit": 0,
        "Operating Income": 0,
        "EBIT": 0,
        "Net Income": 0
    },
    "2016-09-30": {
        "Diluted EPS": 0.04,
        "Total Revenue": 0,
        "Gross Profit": 0,
        "Operating Income": 0,
        "EBIT": 0,
        "Net Income": 0
    },
    "2016-06-30": {
        "Diluted EPS": -0.01,
        "Total Revenue": NaN,
        "Gross Profit": NaN,
        "Operating Income": 0,
        "EBIT": 0,
        "Net Income": 0
    },
    "2016-03-31": {
        "Diluted EPS": -0.01,
        "Total Revenue": NaN,
        "Gross Profit": NaN,
        "Operating Income": 0,
        "EBIT": 0,
        "Net Income": 0
    },
    "2015-12-31": {
        "Diluted EPS": 0.1,
        "Total Revenue": NaN,
        "Gross Profit": NaN,
        "Operating Income": 0,
        "EBIT": 0,
        "Net Income": 0
    },
    "2015-09-30": {
        "Diluted EPS": -0.1,
        "Total Revenue": NaN,
        "Gross Profit": NaN,
        "Operating Income": 0,
        "EBIT": 0,
        "Net Income": 0
    },
    "2015-06-30": {
        "Diluted EPS": 0.0,
        "Total Revenue": NaN,
        "Gross Profit": NaN,
        "Operating Income": 0,
        "EBIT": 0,
        "Net Income": 0
    },
    "2015-03-31": {
        "Diluted EPS": 0.0,
        "Total Revenue": NaN,
        "Gross Profit": NaN,
        "Operating Income": 0,
        "EBIT": 0,
        "Net Income": 0
    },
    "2014-12-31": {
        "Diluted EPS": 0.0,
        "Total Revenue": NaN,
        "Gross Profit": NaN,
        "Operating Income": NaN,
        "EBIT": NaN,
        "Net Income": NaN
    },
    "2014-09-30": {
        "Diluted EPS": 0.0,
        "Total Revenue": NaN,
        "Gross Profit": NaN,
        "Operating Income": NaN,
        "EBIT": NaN,
        "Net Income": NaN
    },
    "2023-06-30": {
        "Tax Effect Of Unusual Items": NaN,
        "Tax Rate For Calcs": NaN,
        "Normalized EBITDA": NaN,
        "Total Unusual Items": NaN,
        "Total Unusual Items Excluding Goodwill": NaN,
        "Net Income From Continuing Operation Net Minority Interest": NaN,
        "Reconciled Depreciation": NaN,
        "Reconciled Cost Of Revenue": NaN,
        "EBITDA": NaN,
        "EBIT": NaN,
        "Net Interest Income": NaN,
        "Interest Expense": NaN,
        "Normalized Income": NaN,
        "Net Income From Continuing And Discontinued Operation": NaN,
        "Total Expenses": NaN,
        "Rent Expense Supplemental": 15973.0,
        "Total Operating Income As Reported": NaN,
        "Diluted Average Shares": 683212.0,
        "Basic Average Shares": 683212.0,
        "Diluted EPS": -4.05,
        "Basic EPS": -4.05,
        "Diluted NI Availto Com Stockholders": NaN,
        "Net Income Common Stockholders": NaN,
        "Net Income": NaN,
        "Minority Interests": NaN,
        "Net Income Including Noncontrolling Interests": NaN,
        "Net Income Continuous Operations": NaN,
        "Tax Provision": NaN,
        "Pretax Income": NaN,
        "Other Income Expense": NaN,
        "Other Non Operating Income Expenses": NaN,
        "Special Income Charges": -464406.0,
        "Write Off": 464406.0,
        "Earnings From Equity Interest": NaN,
        "Gain On Sale Of Security": NaN,
        "Net Non Operating Interest Income Expense": NaN,
        "Interest Expense Non Operating": NaN,
        "Operating Income": NaN,
        "Operating Expense": NaN,
        "Research And Development": 17810.0,
        "Selling General And Administration": NaN,
        "Selling And Marketing Expense": NaN,
        "General And Administrative Expense": NaN,
        "Other Gand A": NaN,
        "Rent And Landing Fees": 15973.0,
        "Salaries And Wages": NaN,
        "Gross Profit": NaN,
        "Cost Of Revenue": NaN,
        "Total Revenue": NaN,
        "Operating Revenue": NaN
    },
    "2023-09-30": {
        "Tax Effect Of Unusual Items": NaN,
        "Tax Rate For Calcs": NaN,
        "Normalized EBITDA": NaN,
        "Total Unusual Items": NaN,
        "Total Unusual Items Excluding Goodwill": NaN,
        "Net Income From Continuing Operation Net Minority Interest": NaN,
        "Reconciled Depreciation": NaN,
        "Reconciled Cost Of Revenue": NaN,
        "EBITDA": NaN,
        "EBIT": NaN,
        "Net Interest Income": NaN,
        "Interest Expense": NaN,
        "Normalized Income": NaN,
        "Net Income From Continuing And Discontinued Operation": NaN,
        "Total Expenses": NaN,
        "Rent Expense Supplemental": 15338.0,
        "Total Operating Income As Reported": NaN,
        "Diluted Average Shares": 719698.0,
        "Basic Average Shares": 719698.0,
        "Diluted EPS": -2.059995,
        "Basic EPS": -2.059995,
        "Diluted NI Availto Com Stockholders": NaN,
        "Net Income Common Stockholders": NaN,
        "Net Income": NaN,
        "Minority Interests": NaN,
        "Net Income Including Noncontrolling Interests": NaN,
        "Net Income Continuous Operations": NaN,
        "Tax Provision": NaN,
        "Pretax Income": NaN,
        "Other Income Expense": NaN,
        "Other Non Operating Income Expenses": NaN,
        "Special Income Charges": 0.0,
        "Write Off": 0.0,
        "Earnings From Equity Interest": NaN,
        "Gain On Sale Of Security": NaN,
        "Net Non Operating Interest Income Expense": NaN,
        "Interest Expense Non Operating": NaN,
        "Operating Income": NaN,
        "Operating Expense": NaN,
        "Research And Development": 0.0,
        "Selling General And Administration": NaN,
        "Selling And Marketing Expense": NaN,
        "General And Administrative Expense": NaN,
        "Other Gand A": NaN,
        "Rent And Landing Fees": 15338.0,
        "Salaries And Wages": NaN,
        "Gross Profit": NaN,
        "Cost Of Revenue": NaN,
        "Total Revenue": NaN,
        "Operating Revenue": NaN
    },
    "2023-12-31": {
        "Tax Effect Of Unusual Items": 0.0,
        "Tax Rate For Calcs": 0.0,
        "Normalized EBITDA": -9724489.0,
        "Total Unusual Items": 752186.0,
        "Total Unusual Items Excluding Goodwill": 752186.0,
        "Net Income From Continuing Operation Net Minority Interest": -9555134.0,
        "Reconciled Depreciation": 72825.0,
        "Reconciled Cost Of Revenue": 235562.0,
        "EBITDA": -8972303.0,
        "EBIT": -9045128.0,
        "Net Interest Income": -510006.0,
        "Interest Expense": 510006.0,
        "Normalized Income": -10307320.0,
        "Net Income From Continuing And Discontinued Operation": -9555134.0,
        "Total Expenses": 1170466.0,
        "Rent Expense Supplemental": NaN,
        "Total Operating Income As Reported": -9790852.0,
        "Diluted Average Shares": NaN,
        "Basic Average Shares": NaN,
        "Diluted EPS": NaN,
        "Basic EPS": NaN,
        "Diluted NI Availto Com Stockholders": -9555134.0,
        "Net Income Common Stockholders": -9555134.0,
        "Net Income": -9555134.0,
        "Minority Interests": 0.0,
        "Net Income Including Noncontrolling Interests": -9555134.0,
        "Net Income Continuous Operations": -9555134.0,
        "Tax Provision": 0.0,
        "Pretax Income": -9555134.0,
        "Other Income Expense": -8195983.0,
        "Other Non Operating Income Expenses": -6851.0,
        "Special Income Charges": 692706.0,
        "Write Off": -9727.0,
        "Earnings From Equity Interest": -8941318.0,
        "Gain On Sale Of Security": 59480.0,
        "Net Non Operating Interest Income Expense": -510006.0,
        "Interest Expense Non Operating": 510006.0,
        "Operating Income": -849145.0,
        "Operating Expense": 934904.0,
        "Research And Development": -542.0,
        "Selling General And Administration": 935446.0,
        "Selling And Marketing Expense": 32001.0,
        "General And Administrative Expense": 903445.0,
        "Other Gand A": 839670.0,
        "Rent And Landing Fees": NaN,
        "Salaries And Wages": 112374.0,
        "Gross Profit": 85759.0,
        "Cost Of Revenue": 235562.0,
        "Total Revenue": 321321.0,
        "Operating Revenue": 321321.0
    },
    "2024-03-31": {
        "Tax Effect Of Unusual Items": 0.0,
        "Tax Rate For Calcs": 0.0,
        "Normalized EBITDA": -805789.0,
        "Total Unusual Items": 31212.0,
        "Total Unusual Items Excluding Goodwill": 31212.0,
        "Net Income From Continuing Operation Net Minority Interest": -1367513.0,
        "Reconciled Depreciation": 73929.0,
        "Reconciled Cost Of Revenue": 263126.0,
        "EBITDA": -774577.0,
        "EBIT": -848506.0,
        "Net Interest Income": -519007.0,
        "Interest Expense": 519007.0,
        "Normalized Income": -1398725.0,
        "Net Income From Continuing And Discontinued Operation": -1367513.0,
        "Total Expenses": 1265119.0,
        "Rent Expense Supplemental": 15592.0,
        "Total Operating Income As Reported": -843062.0,
        "Diluted Average Shares": 735225.0,
        "Basic Average Shares": 735225.0,
        "Diluted EPS": -1.8,
        "Basic EPS": -1.8,
        "Diluted NI Availto Com Stockholders": -1367513.0,
        "Net Income Common Stockholders": -1367513.0,
        "Net Income": -1367513.0,
        "Minority Interests": 0.0,
        "Net Income Including Noncontrolling Interests": -1367513.0,
        "Net Income Continuous Operations": -1367513.0,
        "Tax Provision": 0.0,
        "Pretax Income": -1367513.0,
        "Other Income Expense": 102025.0,
        "Other Non Operating Income Expenses": -36656.0,
        "Special Income Charges": NaN,
        "Write Off": NaN,
        "Earnings From Equity Interest": 107469.0,
        "Gain On Sale Of Security": 31212.0,
        "Net Non Operating Interest Income Expense": -519007.0,
        "Interest Expense Non Operating": 519007.0,
        "Operating Income": -950531.0,
        "Operating Expense": 1001993.0,
        "Research And Development": 0.0,
        "Selling General And Administration": 1001993.0,
        "Selling And Marketing Expense": 45000.0,
        "General And Administrative Expense": 956993.0,
        "Other Gand A": 518523.0,
        "Rent And Landing Fees": 15592.0,
        "Salaries And Wages": 422878.0,
        "Gross Profit": 51462.0,
        "Cost Of Revenue": 263126.0,
        "Total Revenue": 314588.0,
        "Operating Revenue": 314588.0
    },
    "2024-06-30": {
        "Tax Effect Of Unusual Items": 0.0,
        "Tax Rate For Calcs": 0.0,
        "Normalized EBITDA": -1429907.0,
        "Total Unusual Items": 180337.0,
        "Total Unusual Items Excluding Goodwill": 180337.0,
        "Net Income From Continuing Operation Net Minority Interest": -2132026.0,
        "Reconciled Depreciation": 74595.0,
        "Reconciled Cost Of Revenue": 285488.0,
        "EBITDA": -1249570.0,
        "EBIT": -1324165.0,
        "Net Interest Income": -807861.0,
        "Interest Expense": 807861.0,
        "Normalized Income": -2312363.0,
        "Net Income From Continuing And Discontinued Operation": -2132026.0,
        "Total Expenses": 1502913.0,
        "Rent Expense Supplemental": NaN,
        "Total Operating Income As Reported": -1504363.0,
        "Diluted Average Shares": 747959.0,
        "Basic Average Shares": 747959.0,
        "Diluted EPS": -2.85,
        "Basic EPS": -2.85,
        "Diluted NI Availto Com Stockholders": -2132026.0,
        "Net Income Common Stockholders": -2132026.0,
        "Net Income": -2132026.0,
        "Minority Interests": 0.0,
        "Net Income Including Noncontrolling Interests": -2132026.0,
        "Net Income Continuous Operations": -2132026.0,
        "Tax Provision": 0.0,
        "Pretax Income": -2132026.0,
        "Other Income Expense": -149139.0,
        "Other Non Operating Income Expenses": -139.0,
        "Special Income Charges": 0.0,
        "Write Off": 0.0,
        "Earnings From Equity Interest": -329337.0,
        "Gain On Sale Of Security": 180337.0,
        "Net Non Operating Interest Income Expense": -807861.0,
        "Interest Expense Non Operating": 807861.0,
        "Operating Income": -1175026.0,
        "Operating Expense": 1217425.0,
        "Research And Development": NaN,
        "Selling General And Administration": 1217425.0,
        "Selling And Marketing Expense": 62660.0,
        "General And Administrative Expense": 1154765.0,
        "Other Gand A": 797532.0,
        "Rent And Landing Fees": NaN,
        "Salaries And Wages": 357233.0,
        "Gross Profit": 42399.0,
        "Cost Of Revenue": 285488.0,
        "Total Revenue": 327887.0,
        "Operating Revenue": 327887.0
    },
    "2024-09-30": {
        "Tax Effect Of Unusual Items": 0.0,
        "Tax Rate For Calcs": 0.0,
        "Normalized EBITDA": -1225602.0,
        "Total Unusual Items": 169209.0,
        "Total Unusual Items Excluding Goodwill": 169209.0,
        "Net Income From Continuing Operation Net Minority Interest": -1679200.0,
        "Reconciled Depreciation": 75562.0,
        "Reconciled Cost Of Revenue": 245528.0,
        "EBITDA": -1056393.0,
        "EBIT": -1131955.0,
        "Net Interest Income": -547245.0,
        "Interest Expense": 547245.0,
        "Normalized Income": -1848409.0,
        "Net Income From Continuing And Discontinued Operation": -1679200.0,
        "Total Expenses": 1167211.0,
        "Rent Expense Supplemental": NaN,
        "Total Operating Income As Reported": -1269961.0,
        "Diluted Average Shares": 924431.0,
        "Basic Average Shares": 924431.0,
        "Diluted EPS": -1.819995,
        "Basic EPS": -1.819995,
        "Diluted NI Availto Com Stockholders": -1679200.0,
        "Net Income Common Stockholders": -1679200.0,
        "Net Income": -1679200.0,
        "Minority Interests": 0.0,
        "Net Income Including Noncontrolling Interests": -1679200.0,
        "Net Income Continuous Operations": -1679200.0,
        "Tax Provision": 0.0,
        "Pretax Income": -1679200.0,
        "Other Income Expense": -309903.0,
        "Other Non Operating Income Expenses": -31203.0,
        "Special Income Charges": 0.0,
        "Write Off": 0.0,
        "Earnings From Equity Interest": -447909.0,
        "Gain On Sale Of Security": 169209.0,
        "Net Non Operating Interest Income Expense": -547245.0,
        "Interest Expense Non Operating": 547245.0,
        "Operating Income": -822052.0,
        "Operating Expense": 921683.0,
        "Research And Development": NaN,
        "Selling General And Administration": 921683.0,
        "Selling And Marketing Expense": 144734.0,
        "General And Administrative Expense": 776949.0,
        "Other Gand A": 433589.0,
        "Rent And Landing Fees": NaN,
        "Salaries And Wages": 343360.0,
        "Gross Profit": 99631.0,
        "Cost Of Revenue": 245528.0,
        "Total Revenue": 345159.0,
        "Operating Revenue": 345159.0
    },
    "2024-12-31": {
        "Tax Effect Of Unusual Items": 0.0,
        "Tax Rate For Calcs": 0.0,
        "Normalized EBITDA": -1240224.0,
        "Total Unusual Items": -845187.0,
        "Total Unusual Items Excluding Goodwill": -845187.0,
        "Net Income From Continuing Operation Net Minority Interest": -2724655.0,
        "Reconciled Depreciation": 76384.0,
        "Reconciled Cost Of Revenue": 271432.0,
        "EBITDA": -2085411.0,
        "EBIT": -2161795.0,
        "Net Interest Income": -562860.0,
        "Interest Expense": 562860.0,
        "Normalized Income": -1879468.0,
        "Net Income From Continuing And Discontinued Operation": -2724655.0,
        "Total Expenses": 1479304.0,
        "Rent Expense Supplemental": NaN,
        "Total Operating Income As Reported": -1310346.0,
        "Diluted Average Shares": NaN,
        "Basic Average Shares": NaN,
        "Diluted EPS": NaN,
        "Basic EPS": NaN,
        "Diluted NI Availto Com Stockholders": -2724655.0,
        "Net Income Common Stockholders": -2724655.0,
        "Net Income": -2724655.0,
        "Minority Interests": 0.0,
        "Net Income Including Noncontrolling Interests": -2724655.0,
        "Net Income Continuous Operations": -2724655.0,
        "Tax Provision": 0.0,
        "Pretax Income": -2724655.0,
        "Other Income Expense": -1028260.0,
        "Other Non Operating Income Expenses": -6262.0,
        "Special Income Charges": -838794.0,
        "Write Off": 0.0,
        "Earnings From Equity Interest": -176811.0,
        "Gain On Sale Of Security": -6393.0,
        "Net Non Operating Interest Income Expense": -562860.0,
        "Interest Expense Non Operating": 562860.0,
        "Operating Income": -1133535.0,
        "Operating Expense": 1207872.0,
        "Research And Development": NaN,
        "Selling General And Administration": 1207872.0,
        "Selling And Marketing Expense": -14723.0,
        "General And Administrative Expense": 1222595.0,
        "Other Gand A": 845431.0,
        "Rent And Landing Fees": NaN,
        "Salaries And Wages": 377164.0,
        "Gross Profit": 74337.0,
        "Cost Of Revenue": 271432.0,
        "Total Revenue": 345769.0,
        "Operating Revenue": 345769.0
    }
}