{
    "2023-03-31": {
        "Tax Effect Of Unusual Items": NaN,
        "Tax Rate For Calcs": NaN,
        "Normalized EBITDA": NaN,
        "Net Income From Continuing Operation Net Minority Interest": NaN,
        "Reconciled Depreciation": 302000000.0,
        "Reconciled Cost Of Revenue": NaN,
        "EBITDA": NaN,
        "EBIT": NaN,
        "Net Interest Income": NaN,
        "Interest Expense": NaN,
        "Normalized Income": NaN,
        "Net Income From Continuing And Discontinued Operation": NaN,
        "Total Expenses": NaN,
        "Total Operating Income As Reported": NaN,
        "Diluted Average Shares": NaN,
        "Basic Average Shares": NaN,
        "Diluted EPS": NaN,
        "Basic EPS": NaN,
        "Diluted NI Availto Com Stockholders": NaN,
        "Net Income Common Stockholders": NaN,
        "Net Income": NaN,
        "Net Income Including Noncontrolling Interests": NaN,
        "Net Income Continuous Operations": NaN,
        "Tax Provision": NaN,
        "Pretax Income": NaN,
        "Net Non Operating Interest Income Expense": NaN,
        "Total Other Finance Cost": NaN,
        "Interest Expense Non Operating": NaN,
        "Operating Income": NaN,
        "Operating Expense": NaN,
        "Other Operating Expenses": NaN,
        "Research And Development": NaN,
        "Selling General And Administration": NaN,
        "Gross Profit": NaN,
        "Cost Of Revenue": NaN,
        "Total Revenue": NaN,
        "Operating Revenue": NaN
    },
    "2022-12-31": {
        "Tax Effect Of Unusual Items": NaN,
        "Tax Rate For Calcs": NaN,
        "Normalized EBITDA": NaN,
        "Net Income From Continuing Operation Net Minority Interest": NaN,
        "Reconciled Depreciation": 276000000.0,
        "Reconciled Cost Of Revenue": NaN,
        "EBITDA": NaN,
        "EBIT": NaN,
        "Net Interest Income": NaN,
        "Interest Expense": NaN,
        "Normalized Income": NaN,
        "Net Income From Continuing And Discontinued Operation": NaN,
        "Total Expenses": NaN,
        "Total Operating Income As Reported": NaN,
        "Diluted Average Shares": NaN,
        "Basic Average Shares": NaN,
        "Diluted EPS": NaN,
        "Basic EPS": NaN,
        "Diluted NI Availto Com Stockholders": NaN,
        "Net Income Common Stockholders": NaN,
        "Net Income": NaN,
        "Net Income Including Noncontrolling Interests": NaN,
        "Net Income Continuous Operations": NaN,
        "Tax Provision": NaN,
        "Pretax Income": NaN,
        "Net Non Operating Interest Income Expense": NaN,
        "Total Other Finance Cost": NaN,
        "Interest Expense Non Operating": NaN,
        "Operating Income": NaN,
        "Operating Expense": NaN,
        "Other Operating Expenses": NaN,
        "Research And Development": NaN,
        "Selling General And Administration": NaN,
        "Gross Profit": NaN,
        "Cost Of Revenue": NaN,
        "Total Revenue": NaN,
        "Operating Revenue": NaN
    },
    "2022-09-30": {
        "Tax Effect Of Unusual Items": NaN,
        "Tax Rate For Calcs": NaN,
        "Normalized EBITDA": NaN,
        "Net Income From Continuing Operation Net Minority Interest": NaN,
        "Reconciled Depreciation": 263000000.0,
        "Reconciled Cost Of Revenue": NaN,
        "EBITDA": NaN,
        "EBIT": NaN,
        "Net Interest Income": NaN,
        "Interest Expense": NaN,
        "Normalized Income": NaN,
        "Net Income From Continuing And Discontinued Operation": NaN,
        "Total Expenses": NaN,
        "Total Operating Income As Reported": NaN,
        "Diluted Average Shares": NaN,
        "Basic Average Shares": NaN,
        "Diluted EPS": NaN,
        "Basic EPS": NaN,
        "Diluted NI Availto Com Stockholders": NaN,
        "Net Income Common Stockholders": NaN,
        "Net Income": NaN,
        "Net Income Including Noncontrolling Interests": NaN,
        "Net Income Continuous Operations": NaN,
        "Tax Provision": NaN,
        "Pretax Income": NaN,
        "Net Non Operating Interest Income Expense": NaN,
        "Total Other Finance Cost": NaN,
        "Interest Expense Non Operating": NaN,
        "Operating Income": NaN,
        "Operating Expense": NaN,
        "Other Operating Expenses": NaN,
        "Research And Development": NaN,
        "Selling General And Administration": NaN,
        "Gross Profit": NaN,
        "Cost Of Revenue": NaN,
        "Total Revenue": NaN,
        "Operating Revenue": NaN
    },
    "2022-06-30": {
        "Tax Effect Of Unusual Items": 0.0,
        "Tax Rate For Calcs": 0.4,
        "Normalized EBITDA": 499000000.0,
        "Net Income From Continuing Operation Net Minority Interest": 148000000.0,
        "Reconciled Depreciation": 321000000.0,
        "Reconciled Cost Of Revenue": 1013000000.0,
        "EBITDA": 499000000.0,
        "EBIT": 178000000.0,
        "Net Interest Income": -53000000.0,
        "Interest Expense": 31000000.0,
        "Normalized Income": 148000000.0,
        "Net Income From Continuing And Discontinued Operation": 148000000.0,
        "Total Expenses": 2017000000.0,
        "Total Operating Income As Reported": 200000000.0,
        "Diluted Average Shares": 494300000.0,
        "Basic Average Shares": 491700000.0,
        "Diluted EPS": 0.3,
        "Basic EPS": 0.3,
        "Diluted NI Availto Com Stockholders": 148000000.0,
        "Net Income Common Stockholders": 148000000.0,
        "Net Income": 148000000.0,
        "Net Income Including Noncontrolling Interests": 148000000.0,
        "Net Income Continuous Operations": 148000000.0,
        "Tax Provision": -1000000.0,
        "Pretax Income": 147000000.0,
        "Net Non Operating Interest Income Expense": -53000000.0,
        "Total Other Finance Cost": 22000000.0,
        "Interest Expense Non Operating": 31000000.0,
        "Operating Income": 200000000.0,
        "Operating Expense": 1004000000.0,
        "Other Operating Expenses": 20000000.0,
        "Research And Development": 181000000.0,
        "Selling General And Administration": 803000000.0,
        "Gross Profit": 1204000000.0,
        "Cost Of Revenue": 1013000000.0,
        "Total Revenue": 2217000000.0,
        "Operating Revenue": 2200000000.0
    },
    "2022-03-31": {
        "Diluted EPS": 0.34,
        "Total Revenue": NaN,
        "Gross Profit": NaN,
        "Operating Income": 246,
        "EBIT": 509,
        "Net Income": 168
    },
    "2021-12-31": {
        "Diluted EPS": 0.28,
        "Total Revenue": NaN,
        "Gross Profit": NaN,
        "Operating Income": 182,
        "EBIT": 439,
        "Net Income": 139
    },
    "2021-09-30": {
        "Diluted EPS": 0.0,
        "Total Revenue": NaN,
        "Gross Profit": NaN,
        "Operating Income": 20,
        "EBIT": 453,
        "Net Income": 2
    },
    "2021-06-30": {
        "Diluted EPS": 0.31,
        "Total Revenue": NaN,
        "Gross Profit": NaN,
        "Operating Income": 229,
        "EBIT": 475,
        "Net Income": 151
    },
    "2021-03-31": {
        "Diluted EPS": 0.17,
        "Total Revenue": NaN,
        "Gross Profit": NaN,
        "Operating Income": 149,
        "EBIT": 433,
        "Net Income": 84
    },
    "2020-12-31": {
        "Diluted EPS": 0.19,
        "Total Revenue": NaN,
        "Gross Profit": 875,
        "Operating Income": 141,
        "EBIT": 558,
        "Net Income": 95
    },
    "2020-09-30": {
        "Diluted EPS": -0.3,
        "Total Revenue": NaN,
        "Gross Profit": 848,
        "Operating Income": -129,
        "EBIT": 301,
        "Net Income": -147
    },
    "2020-06-30": {
        "Diluted EPS": -0.86,
        "Total Revenue": NaN,
        "Gross Profit": 345,
        "Operating Income": -466,
        "EBIT": -67,
        "Net Income": -422
    },
    "2020-03-31": {
        "Diluted EPS": -0.12,
        "Total Revenue": NaN,
        "Gross Profit": 872,
        "Operating Income": -28,
        "EBIT": 352,
        "Net Income": -57
    },
    "2019-12-31": {
        "Diluted EPS": -0.18,
        "Total Revenue": NaN,
        "Gross Profit": 913,
        "Operating Income": -68,
        "EBIT": 310,
        "Net Income": -91
    },
    "2019-09-30": {
        "Diluted EPS": -0.14,
        "Total Revenue": NaN,
        "Gross Profit": 950,
        "Operating Income": -18,
        "EBIT": 351,
        "Net Income": -66
    },
    "2019-06-30": {
        "Diluted EPS": -0.8,
        "Total Revenue": NaN,
        "Gross Profit": 947,
        "Operating Income": -53,
        "EBIT": 308,
        "Net Income": -390
    },
    "2019-03-31": {
        "Diluted EPS": -0.22,
        "Total Revenue": NaN,
        "Gross Profit": 852,
        "Operating Income": -48,
        "EBIT": 300,
        "Net Income": -109
    },
    "2018-12-31": {
        "Diluted EPS": 0.0,
        "Total Revenue": NaN,
        "Gross Profit": NaN,
        "Operating Income": NaN,
        "EBIT": NaN,
        "Net Income": NaN
    },
    "2018-09-30": {
        "Diluted EPS": -0.42,
        "Total Revenue": NaN,
        "Gross Profit": 568,
        "Operating Income": -284,
        "EBIT": 388,
        "Net Income": -207
    },
    "2018-06-30": {
        "Diluted EPS": 0.03,
        "Total Revenue": NaN,
        "Gross Profit": 878,
        "Operating Income": 38,
        "EBIT": 38,
        "Net Income": 15
    },
    "2023-06-30": {
        "Tax Effect Of Unusual Items": NaN,
        "Tax Rate For Calcs": NaN,
        "Normalized EBITDA": NaN,
        "Net Income From Continuing Operation Net Minority Interest": NaN,
        "Reconciled Depreciation": 297000000.0,
        "Reconciled Cost Of Revenue": NaN,
        "EBITDA": NaN,
        "EBIT": NaN,
        "Net Interest Income": NaN,
        "Interest Expense": NaN,
        "Normalized Income": NaN,
        "Net Income From Continuing And Discontinued Operation": NaN,
        "Total Expenses": NaN,
        "Total Operating Income As Reported": NaN,
        "Diluted Average Shares": 495700000.0,
        "Basic Average Shares": 493200000.0,
        "Diluted EPS": 0.34,
        "Basic EPS": 0.34,
        "Diluted NI Availto Com Stockholders": NaN,
        "Net Income Common Stockholders": NaN,
        "Net Income": NaN,
        "Net Income Including Noncontrolling Interests": NaN,
        "Net Income Continuous Operations": NaN,
        "Tax Provision": NaN,
        "Pretax Income": NaN,
        "Net Non Operating Interest Income Expense": NaN,
        "Total Other Finance Cost": NaN,
        "Interest Expense Non Operating": NaN,
        "Operating Income": NaN,
        "Operating Expense": NaN,
        "Other Operating Expenses": NaN,
        "Research And Development": NaN,
        "Selling General And Administration": NaN,
        "Gross Profit": NaN,
        "Cost Of Revenue": NaN,
        "Total Revenue": NaN,
        "Operating Revenue": NaN
    },
    "2023-09-30": {
        "Tax Effect Of Unusual Items": NaN,
        "Tax Rate For Calcs": NaN,
        "Normalized EBITDA": NaN,
        "Net Income From Continuing Operation Net Minority Interest": NaN,
        "Reconciled Depreciation": NaN,
        "Reconciled Cost Of Revenue": NaN,
        "EBITDA": NaN,
        "EBIT": NaN,
        "Net Interest Income": NaN,
        "Interest Expense": NaN,
        "Normalized Income": NaN,
        "Net Income From Continuing And Discontinued Operation": NaN,
        "Total Expenses": NaN,
        "Total Operating Income As Reported": NaN,
        "Diluted Average Shares": 496300000.0,
        "Basic Average Shares": 493200000.0,
        "Diluted EPS": 0.41,
        "Basic EPS": 0.41,
        "Diluted NI Availto Com Stockholders": NaN,
        "Net Income Common Stockholders": NaN,
        "Net Income": NaN,
        "Net Income Including Noncontrolling Interests": NaN,
        "Net Income Continuous Operations": NaN,
        "Tax Provision": NaN,
        "Pretax Income": NaN,
        "Net Non Operating Interest Income Expense": NaN,
        "Total Other Finance Cost": NaN,
        "Interest Expense Non Operating": NaN,
        "Operating Income": NaN,
        "Operating Expense": NaN,
        "Other Operating Expenses": NaN,
        "Research And Development": NaN,
        "Selling General And Administration": NaN,
        "Gross Profit": NaN,
        "Cost Of Revenue": NaN,
        "Total Revenue": NaN,
        "Operating Revenue": NaN
    },
    "2023-12-31": {
        "Tax Effect Of Unusual Items": 0.0,
        "Tax Rate For Calcs": 0.085,
        "Normalized EBITDA": 215000000.0,
        "Net Income From Continuing Operation Net Minority Interest": 427000000.0,
        "Reconciled Depreciation": NaN,
        "Reconciled Cost Of Revenue": 1062000000.0,
        "EBITDA": 215000000.0,
        "EBIT": 215000000.0,
        "Net Interest Income": 12000000.0,
        "Interest Expense": 47000000.0,
        "Normalized Income": 427000000.0,
        "Net Income From Continuing And Discontinued Operation": 427000000.0,
        "Total Expenses": 2144000000.0,
        "Total Operating Income As Reported": 208000000.0,
        "Diluted Average Shares": NaN,
        "Basic Average Shares": NaN,
        "Diluted EPS": NaN,
        "Basic EPS": NaN,
        "Diluted NI Availto Com Stockholders": 427000000.0,
        "Net Income Common Stockholders": 427000000.0,
        "Net Income": 427000000.0,
        "Net Income Including Noncontrolling Interests": 427000000.0,
        "Net Income Continuous Operations": 427000000.0,
        "Tax Provision": -259000000.0,
        "Pretax Income": 168000000.0,
        "Net Non Operating Interest Income Expense": 12000000.0,
        "Total Other Finance Cost": -14000000.0,
        "Interest Expense Non Operating": 47000000.0,
        "Operating Income": 208000000.0,
        "Operating Expense": 1082000000.0,
        "Other Operating Expenses": 80000000.0,
        "Research And Development": 208000000.0,
        "Selling General And Administration": 794000000.0,
        "Gross Profit": 1290000000.0,
        "Cost Of Revenue": 1062000000.0,
        "Total Revenue": 2352000000.0,
        "Operating Revenue": 2332000000.0
    },
    "2024-03-31": {
        "Tax Effect Of Unusual Items": NaN,
        "Tax Rate For Calcs": NaN,
        "Normalized EBITDA": NaN,
        "Net Income From Continuing Operation Net Minority Interest": NaN,
        "Reconciled Depreciation": 296000000.0,
        "Reconciled Cost Of Revenue": NaN,
        "EBITDA": NaN,
        "EBIT": NaN,
        "Net Interest Income": NaN,
        "Interest Expense": NaN,
        "Normalized Income": NaN,
        "Net Income From Continuing And Discontinued Operation": NaN,
        "Total Expenses": NaN,
        "Total Operating Income As Reported": NaN,
        "Diluted Average Shares": NaN,
        "Basic Average Shares": NaN,
        "Diluted EPS": NaN,
        "Basic EPS": NaN,
        "Diluted NI Availto Com Stockholders": NaN,
        "Net Income Common Stockholders": NaN,
        "Net Income": NaN,
        "Minority Interests": NaN,
        "Net Income Including Noncontrolling Interests": NaN,
        "Net Income Continuous Operations": NaN,
        "Tax Provision": NaN,
        "Pretax Income": NaN,
        "Other Income Expense": NaN,
        "Earnings From Equity Interest": 0.0,
        "Net Non Operating Interest Income Expense": NaN,
        "Total Other Finance Cost": NaN,
        "Interest Expense Non Operating": NaN,
        "Operating Income": NaN,
        "Operating Expense": NaN,
        "Other Operating Expenses": NaN,
        "Research And Development": NaN,
        "Selling General And Administration": NaN,
        "Gross Profit": NaN,
        "Cost Of Revenue": NaN,
        "Total Revenue": NaN,
        "Operating Revenue": NaN
    },
    "2024-06-30": {
        "Tax Effect Of Unusual Items": 0.0,
        "Tax Rate For Calcs": 0.204,
        "Normalized EBITDA": 330000000.0,
        "Net Income From Continuing Operation Net Minority Interest": 223000000.0,
        "Reconciled Depreciation": 311000000.0,
        "Reconciled Cost Of Revenue": 1122000000.0,
        "EBITDA": 330000000.0,
        "EBIT": 330000000.0,
        "Net Interest Income": -38000000.0,
        "Interest Expense": 50000000.0,
        "Normalized Income": 223000000.0,
        "Net Income From Continuing And Discontinued Operation": 223000000.0,
        "Total Expenses": 2178000000.0,
        "Total Operating Income As Reported": 318000000.0,
        "Diluted Average Shares": 497000000.0,
        "Basic Average Shares": 494500000.0,
        "Diluted EPS": 0.45,
        "Basic EPS": 0.45,
        "Diluted NI Availto Com Stockholders": 223000000.0,
        "Net Income Common Stockholders": 223000000.0,
        "Net Income": 223000000.0,
        "Minority Interests": 0.0,
        "Net Income Including Noncontrolling Interests": 223000000.0,
        "Net Income Continuous Operations": 223000000.0,
        "Tax Provision": 57000000.0,
        "Pretax Income": 280000000.0,
        "Other Income Expense": NaN,
        "Earnings From Equity Interest": 0.0,
        "Net Non Operating Interest Income Expense": -38000000.0,
        "Total Other Finance Cost": -12000000.0,
        "Interest Expense Non Operating": 50000000.0,
        "Operating Income": 318000000.0,
        "Operating Expense": 1056000000.0,
        "Other Operating Expenses": -1000000.0,
        "Research And Development": 220000000.0,
        "Selling General And Administration": 837000000.0,
        "Gross Profit": 1374000000.0,
        "Cost Of Revenue": 1122000000.0,
        "Total Revenue": 2496000000.0,
        "Operating Revenue": 2482000000.0
    },
    "2024-09-30": {
        "Tax Effect Of Unusual Items": 0.0,
        "Tax Rate For Calcs": 0.099,
        "Normalized EBITDA": 341000000.0,
        "Net Income From Continuing Operation Net Minority Interest": 263000000.0,
        "Reconciled Depreciation": NaN,
        "Reconciled Cost Of Revenue": 1083000000.0,
        "EBITDA": 341000000.0,
        "EBIT": 341000000.0,
        "Net Interest Income": -39000000.0,
        "Interest Expense": 49000000.0,
        "Normalized Income": 263000000.0,
        "Net Income From Continuing And Discontinued Operation": 263000000.0,
        "Total Expenses": 2122000000.0,
        "Total Operating Income As Reported": 332000000.0,
        "Diluted Average Shares": 497700000.0,
        "Basic Average Shares": 494600000.0,
        "Diluted EPS": 0.53,
        "Basic EPS": 0.53,
        "Diluted NI Availto Com Stockholders": 263000000.0,
        "Net Income Common Stockholders": 263000000.0,
        "Net Income": 263000000.0,
        "Minority Interests": NaN,
        "Net Income Including Noncontrolling Interests": 263000000.0,
        "Net Income Continuous Operations": 263000000.0,
        "Tax Provision": 29000000.0,
        "Pretax Income": 292000000.0,
        "Other Income Expense": NaN,
        "Earnings From Equity Interest": NaN,
        "Net Non Operating Interest Income Expense": -39000000.0,
        "Total Other Finance Cost": -10000000.0,
        "Interest Expense Non Operating": 49000000.0,
        "Operating Income": 332000000.0,
        "Operating Expense": 1039000000.0,
        "Other Operating Expenses": 5000000.0,
        "Research And Development": 225000000.0,
        "Selling General And Administration": 809000000.0,
        "Gross Profit": 1371000000.0,
        "Cost Of Revenue": 1083000000.0,
        "Total Revenue": 2454000000.0,
        "Operating Revenue": 2433000000.0
    },
    "2024-12-31": {
        "Tax Effect Of Unusual Items": 0.0,
        "Tax Rate For Calcs": 0.186246,
        "Normalized EBITDA": 397000000.0,
        "Net Income From Continuing Operation Net Minority Interest": 284000000.0,
        "Reconciled Depreciation": NaN,
        "Reconciled Cost Of Revenue": 1117000000.0,
        "EBITDA": 397000000.0,
        "EBIT": 397000000.0,
        "Net Interest Income": -10000000.0,
        "Interest Expense": 48000000.0,
        "Normalized Income": 284000000.0,
        "Net Income From Continuing And Discontinued Operation": 284000000.0,
        "Total Expenses": 2107000000.0,
        "Total Operating Income As Reported": 395000000.0,
        "Diluted Average Shares": 498100000.0,
        "Basic Average Shares": 494700000.0,
        "Diluted EPS": 0.57,
        "Basic EPS": 0.57,
        "Diluted NI Availto Com Stockholders": 284000000.0,
        "Net Income Common Stockholders": 284000000.0,
        "Net Income": 284000000.0,
        "Minority Interests": NaN,
        "Net Income Including Noncontrolling Interests": 284000000.0,
        "Net Income Continuous Operations": 284000000.0,
        "Tax Provision": 65000000.0,
        "Pretax Income": 349000000.0,
        "Other Income Expense": NaN,
        "Earnings From Equity Interest": NaN,
        "Net Non Operating Interest Income Expense": -10000000.0,
        "Total Other Finance Cost": 46000000.0,
        "Interest Expense Non Operating": 48000000.0,
        "Operating Income": 395000000.0,
        "Operating Expense": 990000000.0,
        "Other Operating Expenses": -44000000.0,
        "Research And Development": 232000000.0,
        "Selling General And Administration": 802000000.0,
        "Gross Profit": 1385000000.0,
        "Cost Of Revenue": 1117000000.0,
        "Total Revenue": 2502000000.0,
        "Operating Revenue": 2477000000.0
    },
    "2025-03-31": {
        "Tax Effect Of Unusual Items": 0.0,
        "Tax Rate For Calcs": 0.155,
        "Normalized EBITDA": 463000000.0,
        "Net Income From Continuing Operation Net Minority Interest": 350000000.0,
        "Reconciled Depreciation": NaN,
        "Reconciled Cost Of Revenue": 1090000000.0,
        "EBITDA": 463000000.0,
        "EBIT": 463000000.0,
        "Net Interest Income": -40000000.0,
        "Interest Expense": 49000000.0,
        "Normalized Income": 350000000.0,
        "Net Income From Continuing And Discontinued Operation": 350000000.0,
        "Total Expenses": 2005000000.0,
        "Total Operating Income As Reported": 468000000.0,
        "Diluted Average Shares": 498000000.0,
        "Basic Average Shares": 495100000.0,
        "Diluted EPS": 0.7,
        "Basic EPS": 0.71,
        "Diluted NI Availto Com Stockholders": 350000000.0,
        "Net Income Common Stockholders": 350000000.0,
        "Net Income": 350000000.0,
        "Minority Interests": NaN,
        "Net Income Including Noncontrolling Interests": 350000000.0,
        "Net Income Continuous Operations": 350000000.0,
        "Tax Provision": 64000000.0,
        "Pretax Income": 414000000.0,
        "Other Income Expense": -14000000.0,
        "Earnings From Equity Interest": -14000000.0,
        "Net Non Operating Interest Income Expense": -40000000.0,
        "Total Other Finance Cost": -9000000.0,
        "Interest Expense Non Operating": 49000000.0,
        "Operating Income": 468000000.0,
        "Operating Expense": 915000000.0,
        "Other Operating Expenses": -120000000.0,
        "Research And Development": 222000000.0,
        "Selling General And Administration": 813000000.0,
        "Gross Profit": 1383000000.0,
        "Cost Of Revenue": 1090000000.0,
        "Total Revenue": 2473000000.0,
        "Operating Revenue": 2451000000.0
    },
    "2025-06-30": {
        "Tax Effect Of Unusual Items": 0.0,
        "Tax Rate For Calcs": 0.115578,
        "Normalized EBITDA": 250000000.0,
        "Net Income From Continuing Operation Net Minority Interest": 176000000.0,
        "Reconciled Depreciation": NaN,
        "Reconciled Cost Of Revenue": 1208000000.0,
        "EBITDA": 250000000.0,
        "EBIT": 250000000.0,
        "Net Interest Income": -47000000.0,
        "Interest Expense": 51000000.0,
        "Normalized Income": 176000000.0,
        "Net Income From Continuing And Discontinued Operation": 176000000.0,
        "Total Expenses": 2349000000.0,
        "Total Operating Income As Reported": 247000000.0,
        "Diluted Average Shares": 497900000.0,
        "Basic Average Shares": 495200000.0,
        "Diluted EPS": 0.35,
        "Basic EPS": 0.36,
        "Diluted NI Availto Com Stockholders": 176000000.0,
        "Net Income Common Stockholders": 176000000.0,
        "Net Income": 176000000.0,
        "Minority Interests": 0.0,
        "Net Income Including Noncontrolling Interests": 176000000.0,
        "Net Income Continuous Operations": 176000000.0,
        "Tax Provision": 23000000.0,
        "Pretax Income": 199000000.0,
        "Other Income Expense": -1000000.0,
        "Earnings From Equity Interest": -1000000.0,
        "Net Non Operating Interest Income Expense": -47000000.0,
        "Total Other Finance Cost": -4000000.0,
        "Interest Expense Non Operating": 51000000.0,
        "Operating Income": 247000000.0,
        "Operating Expense": 1141000000.0,
        "Other Operating Expenses": 26000000.0,
        "Research And Development": 245000000.0,
        "Selling General And Administration": 870000000.0,
        "Gross Profit": 1388000000.0,
        "Cost Of Revenue": 1208000000.0,
        "Total Revenue": 2596000000.0,
        "Operating Revenue": 2577000000.0
    }
}