{
    "2023-03-31": {
        "Tax Effect Of Unusual Items": NaN,
        "Tax Rate For Calcs": NaN,
        "Normalized EBITDA": NaN,
        "Net Income From Continuing Operation Net Minority Interest": NaN,
        "Reconciled Depreciation": NaN,
        "EBITDA": NaN,
        "EBIT": NaN,
        "Net Interest Income": NaN,
        "Interest Income": NaN,
        "Normalized Income": NaN,
        "Net Income From Continuing And Discontinued Operation": NaN,
        "Total Expenses": NaN,
        "Total Operating Income As Reported": NaN,
        "Diluted Average Shares": 42910065.0,
        "Basic Average Shares": 42910065.0,
        "Diluted EPS": -0.53,
        "Basic EPS": -0.53,
        "Diluted NI Availto Com Stockholders": NaN,
        "Net Income Common Stockholders": NaN,
        "Net Income": NaN,
        "Net Income Including Noncontrolling Interests": NaN,
        "Net Income Continuous Operations": NaN,
        "Tax Provision": NaN,
        "Pretax Income": NaN,
        "Other Income Expense": 254000.0,
        "Other Non Operating Income Expenses": 254000.0,
        "Net Non Operating Interest Income Expense": NaN,
        "Interest Income Non Operating": NaN,
        "Operating Income": NaN,
        "Operating Expense": NaN,
        "Research And Development": NaN,
        "Selling General And Administration": NaN,
        "General And Administrative Expense": NaN,
        "Other Gand A": NaN,
        "Salaries And Wages": NaN,
        "Total Revenue": NaN,
        "Operating Revenue": NaN
    },
    "2022-12-31": {
        "Tax Effect Of Unusual Items": NaN,
        "Tax Rate For Calcs": NaN,
        "Normalized EBITDA": NaN,
        "Net Income From Continuing Operation Net Minority Interest": NaN,
        "Reconciled Depreciation": NaN,
        "EBITDA": NaN,
        "EBIT": NaN,
        "Net Interest Income": NaN,
        "Interest Income": NaN,
        "Normalized Income": NaN,
        "Net Income From Continuing And Discontinued Operation": NaN,
        "Total Expenses": NaN,
        "Total Operating Income As Reported": NaN,
        "Diluted Average Shares": 42836163.0,
        "Basic Average Shares": 42836163.0,
        "Diluted EPS": -0.51,
        "Basic EPS": -0.51,
        "Diluted NI Availto Com Stockholders": NaN,
        "Net Income Common Stockholders": NaN,
        "Net Income": NaN,
        "Net Income Including Noncontrolling Interests": NaN,
        "Net Income Continuous Operations": NaN,
        "Tax Provision": NaN,
        "Pretax Income": NaN,
        "Other Income Expense": NaN,
        "Other Non Operating Income Expenses": NaN,
        "Net Non Operating Interest Income Expense": NaN,
        "Interest Income Non Operating": NaN,
        "Operating Income": NaN,
        "Operating Expense": NaN,
        "Research And Development": NaN,
        "Selling General And Administration": NaN,
        "General And Administrative Expense": NaN,
        "Other Gand A": NaN,
        "Salaries And Wages": NaN,
        "Total Revenue": NaN,
        "Operating Revenue": NaN
    },
    "2022-09-30": {
        "Tax Effect Of Unusual Items": NaN,
        "Tax Rate For Calcs": NaN,
        "Normalized EBITDA": NaN,
        "Net Income From Continuing Operation Net Minority Interest": NaN,
        "Reconciled Depreciation": NaN,
        "EBITDA": NaN,
        "EBIT": NaN,
        "Net Interest Income": NaN,
        "Interest Income": NaN,
        "Normalized Income": NaN,
        "Net Income From Continuing And Discontinued Operation": NaN,
        "Total Expenses": NaN,
        "Total Operating Income As Reported": NaN,
        "Diluted Average Shares": NaN,
        "Basic Average Shares": NaN,
        "Diluted EPS": NaN,
        "Basic EPS": NaN,
        "Diluted NI Availto Com Stockholders": NaN,
        "Net Income Common Stockholders": NaN,
        "Net Income": NaN,
        "Net Income Including Noncontrolling Interests": NaN,
        "Net Income Continuous Operations": NaN,
        "Tax Provision": NaN,
        "Pretax Income": NaN,
        "Other Income Expense": -182000.0,
        "Other Non Operating Income Expenses": -182000.0,
        "Net Non Operating Interest Income Expense": NaN,
        "Interest Income Non Operating": NaN,
        "Operating Income": NaN,
        "Operating Expense": NaN,
        "Research And Development": NaN,
        "Selling General And Administration": NaN,
        "General And Administrative Expense": NaN,
        "Other Gand A": NaN,
        "Salaries And Wages": NaN,
        "Total Revenue": NaN,
        "Operating Revenue": NaN
    },
    "2022-06-30": {
        "Tax Effect Of Unusual Items": 0.0,
        "Tax Rate For Calcs": 0.4,
        "Normalized EBITDA": -19504000.0,
        "Net Income From Continuing Operation Net Minority Interest": -19924000.0,
        "Reconciled Depreciation": 889000.0,
        "EBITDA": -19504000.0,
        "EBIT": -20393000.0,
        "Net Interest Income": 212000.0,
        "Interest Income": 212000.0,
        "Normalized Income": -19924000.0,
        "Net Income From Continuing And Discontinued Operation": -19924000.0,
        "Total Expenses": 24086000.0,
        "Total Operating Income As Reported": -20393000.0,
        "Diluted Average Shares": 42665598.0,
        "Basic Average Shares": 42665598.0,
        "Diluted EPS": -0.47,
        "Basic EPS": -0.47,
        "Diluted NI Availto Com Stockholders": -19924000.0,
        "Net Income Common Stockholders": -19924000.0,
        "Net Income": -19924000.0,
        "Net Income Including Noncontrolling Interests": -19924000.0,
        "Net Income Continuous Operations": -19924000.0,
        "Tax Provision": 47000.0,
        "Pretax Income": -19877000.0,
        "Other Income Expense": 304000.0,
        "Other Non Operating Income Expenses": 304000.0,
        "Net Non Operating Interest Income Expense": 212000.0,
        "Total Other Finance Cost": NaN,
        "Interest Income Non Operating": 212000.0,
        "Operating Income": -20393000.0,
        "Operating Expense": 24086000.0,
        "Research And Development": 16510000.0,
        "Selling General And Administration": 7576000.0,
        "General And Administrative Expense": 7576000.0,
        "Other Gand A": 7576000.0,
        "Salaries And Wages": NaN,
        "Total Revenue": 3693000.0,
        "Operating Revenue": 3693000.0
    },
    "2022-03-31": {
        "Diluted EPS": -0.84,
        "Total Revenue": 3,
        "Gross Profit": 3,
        "Operating Income": -36,
        "EBIT": -35,
        "Net Income": -36
    },
    "2021-12-31": {
        "Diluted EPS": -0.91,
        "Total Revenue": 0,
        "Gross Profit": 0,
        "Operating Income": -38,
        "EBIT": -37,
        "Net Income": -38
    },
    "2021-09-30": {
        "Diluted EPS": -0.78,
        "Total Revenue": 2,
        "Gross Profit": 2,
        "Operating Income": -33,
        "EBIT": -32,
        "Net Income": -33
    },
    "2021-06-30": {
        "Diluted EPS": -0.79,
        "Total Revenue": 2,
        "Gross Profit": 2,
        "Operating Income": -30,
        "EBIT": -29,
        "Net Income": -30
    },
    "2021-03-31": {
        "Diluted EPS": -0.74,
        "Total Revenue": 1,
        "Gross Profit": 1,
        "Operating Income": -28,
        "EBIT": -27,
        "Net Income": -28
    },
    "2020-12-31": {
        "Diluted EPS": -1.09,
        "Total Revenue": NaN,
        "Gross Profit": NaN,
        "Operating Income": -34,
        "EBIT": -33,
        "Net Income": -34
    },
    "2020-09-30": {
        "Diluted EPS": -11.0,
        "Total Revenue": NaN,
        "Gross Profit": NaN,
        "Operating Income": -22,
        "EBIT": -21,
        "Net Income": -33
    },
    "2020-06-30": {
        "Diluted EPS": -7.4,
        "Total Revenue": NaN,
        "Gross Profit": NaN,
        "Operating Income": -21,
        "EBIT": -20,
        "Net Income": -21
    },
    "2020-03-31": {
        "Diluted EPS": -7.56,
        "Total Revenue": NaN,
        "Gross Profit": NaN,
        "Operating Income": -21,
        "EBIT": -20,
        "Net Income": -20
    },
    "2019-12-31": {
        "Diluted EPS": 0.0,
        "Total Revenue": NaN,
        "Gross Profit": NaN,
        "Operating Income": NaN,
        "EBIT": NaN,
        "Net Income": NaN
    },
    "2018-12-31": {
        "Diluted EPS": 0.0,
        "Total Revenue": NaN,
        "Gross Profit": NaN,
        "Operating Income": NaN,
        "EBIT": NaN,
        "Net Income": NaN
    },
    "2023-06-30": {
        "Tax Effect Of Unusual Items": NaN,
        "Tax Rate For Calcs": NaN,
        "Normalized EBITDA": NaN,
        "Net Income From Continuing Operation Net Minority Interest": NaN,
        "Reconciled Depreciation": NaN,
        "EBITDA": NaN,
        "EBIT": NaN,
        "Net Interest Income": NaN,
        "Interest Income": NaN,
        "Normalized Income": NaN,
        "Net Income From Continuing And Discontinued Operation": NaN,
        "Total Expenses": NaN,
        "Total Operating Income As Reported": NaN,
        "Diluted Average Shares": 1728619.0,
        "Basic Average Shares": 1728619.0,
        "Diluted EPS": -10.75,
        "Basic EPS": -10.75,
        "Diluted NI Availto Com Stockholders": NaN,
        "Net Income Common Stockholders": NaN,
        "Net Income": NaN,
        "Net Income Including Noncontrolling Interests": NaN,
        "Net Income Continuous Operations": NaN,
        "Tax Provision": NaN,
        "Pretax Income": NaN,
        "Other Income Expense": NaN,
        "Other Non Operating Income Expenses": 152000.0,
        "Net Non Operating Interest Income Expense": NaN,
        "Interest Income Non Operating": NaN,
        "Operating Income": NaN,
        "Operating Expense": NaN,
        "Research And Development": NaN,
        "Selling General And Administration": NaN,
        "General And Administrative Expense": NaN,
        "Other Gand A": NaN,
        "Salaries And Wages": 1625000.0,
        "Total Revenue": NaN,
        "Operating Revenue": NaN
    },
    "2023-09-30": {
        "Tax Effect Of Unusual Items": NaN,
        "Tax Rate For Calcs": NaN,
        "Normalized EBITDA": NaN,
        "Total Unusual Items": NaN,
        "Total Unusual Items Excluding Goodwill": NaN,
        "Net Income From Continuing Operation Net Minority Interest": NaN,
        "Reconciled Depreciation": NaN,
        "EBITDA": NaN,
        "EBIT": NaN,
        "Net Interest Income": NaN,
        "Interest Income": NaN,
        "Normalized Income": NaN,
        "Net Income From Continuing And Discontinued Operation": NaN,
        "Total Expenses": NaN,
        "Total Operating Income As Reported": NaN,
        "Diluted Average Shares": NaN,
        "Basic Average Shares": NaN,
        "Diluted EPS": NaN,
        "Basic EPS": NaN,
        "Diluted NI Availto Com Stockholders": NaN,
        "Net Income Common Stockholders": NaN,
        "Net Income": NaN,
        "Net Income Including Noncontrolling Interests": NaN,
        "Net Income Continuous Operations": NaN,
        "Tax Provision": NaN,
        "Pretax Income": NaN,
        "Other Income Expense": NaN,
        "Other Non Operating Income Expenses": 54000.0,
        "Gain On Sale Of Security": NaN,
        "Net Non Operating Interest Income Expense": NaN,
        "Interest Income Non Operating": NaN,
        "Operating Income": NaN,
        "Operating Expense": NaN,
        "Research And Development": NaN,
        "Selling General And Administration": NaN,
        "General And Administrative Expense": NaN,
        "Other Gand A": NaN,
        "Total Revenue": NaN,
        "Operating Revenue": NaN
    },
    "2023-12-31": {
        "Tax Effect Of Unusual Items": NaN,
        "Tax Rate For Calcs": NaN,
        "Normalized EBITDA": NaN,
        "Total Unusual Items": NaN,
        "Total Unusual Items Excluding Goodwill": NaN,
        "Net Income From Continuing Operation Net Minority Interest": NaN,
        "Reconciled Depreciation": NaN,
        "EBITDA": NaN,
        "EBIT": NaN,
        "Net Interest Income": NaN,
        "Interest Income": -1465000.0,
        "Normalized Income": NaN,
        "Net Income From Continuing And Discontinued Operation": NaN,
        "Total Expenses": NaN,
        "Total Operating Income As Reported": NaN,
        "Diluted Average Shares": NaN,
        "Basic Average Shares": NaN,
        "Diluted EPS": NaN,
        "Basic EPS": NaN,
        "Diluted NI Availto Com Stockholders": NaN,
        "Net Income Common Stockholders": NaN,
        "Net Income": NaN,
        "Net Income Including Noncontrolling Interests": NaN,
        "Net Income Continuous Operations": NaN,
        "Tax Provision": NaN,
        "Pretax Income": NaN,
        "Other Income Expense": NaN,
        "Other Non Operating Income Expenses": NaN,
        "Gain On Sale Of Security": NaN,
        "Net Non Operating Interest Income Expense": NaN,
        "Interest Income Non Operating": -1465000.0,
        "Operating Income": NaN,
        "Operating Expense": NaN,
        "Research And Development": NaN,
        "Selling General And Administration": NaN,
        "General And Administrative Expense": NaN,
        "Other Gand A": NaN,
        "Total Revenue": NaN,
        "Operating Revenue": NaN
    },
    "2024-03-31": {
        "Tax Effect Of Unusual Items": NaN,
        "Tax Rate For Calcs": NaN,
        "Normalized EBITDA": NaN,
        "Total Unusual Items": -14372000.0,
        "Total Unusual Items Excluding Goodwill": -14372000.0,
        "Net Income From Continuing Operation Net Minority Interest": NaN,
        "Reconciled Depreciation": NaN,
        "EBITDA": NaN,
        "EBIT": NaN,
        "Net Interest Income": NaN,
        "Interest Income": 580000.0,
        "Normalized Income": NaN,
        "Net Income From Continuing And Discontinued Operation": NaN,
        "Total Expenses": NaN,
        "Total Operating Income As Reported": NaN,
        "Diluted Average Shares": NaN,
        "Basic Average Shares": NaN,
        "Diluted EPS": NaN,
        "Basic EPS": NaN,
        "Diluted NI Availto Com Stockholders": NaN,
        "Net Income Common Stockholders": NaN,
        "Net Income": NaN,
        "Net Income Including Noncontrolling Interests": NaN,
        "Net Income Continuous Operations": NaN,
        "Tax Provision": NaN,
        "Pretax Income": NaN,
        "Other Income Expense": NaN,
        "Other Non Operating Income Expenses": 999000.0,
        "Gain On Sale Of Security": -14372000.0,
        "Net Non Operating Interest Income Expense": NaN,
        "Interest Income Non Operating": 580000.0,
        "Operating Income": NaN,
        "Operating Expense": NaN,
        "Research And Development": NaN,
        "Selling General And Administration": NaN,
        "General And Administrative Expense": NaN,
        "Other Gand A": NaN,
        "Total Revenue": NaN,
        "Operating Revenue": NaN
    },
    "2024-06-30": {
        "Tax Effect Of Unusual Items": NaN,
        "Tax Rate For Calcs": NaN,
        "Normalized EBITDA": NaN,
        "Total Unusual Items": 30437000.0,
        "Total Unusual Items Excluding Goodwill": 30437000.0,
        "Net Income From Continuing Operation Net Minority Interest": NaN,
        "Reconciled Depreciation": NaN,
        "EBITDA": NaN,
        "EBIT": NaN,
        "Net Interest Income": NaN,
        "Interest Income": 319000.0,
        "Normalized Income": NaN,
        "Net Income From Continuing And Discontinued Operation": NaN,
        "Total Expenses": NaN,
        "Total Operating Income As Reported": NaN,
        "Diluted Average Shares": NaN,
        "Basic Average Shares": NaN,
        "Diluted EPS": NaN,
        "Basic EPS": NaN,
        "Diluted NI Availto Com Stockholders": NaN,
        "Net Income Common Stockholders": NaN,
        "Net Income": NaN,
        "Net Income Including Noncontrolling Interests": NaN,
        "Net Income Continuous Operations": NaN,
        "Tax Provision": NaN,
        "Pretax Income": NaN,
        "Other Income Expense": NaN,
        "Other Non Operating Income Expenses": 908000.0,
        "Gain On Sale Of Security": 30437000.0,
        "Net Non Operating Interest Income Expense": NaN,
        "Interest Income Non Operating": 319000.0,
        "Operating Income": NaN,
        "Operating Expense": NaN,
        "Research And Development": NaN,
        "Selling General And Administration": NaN,
        "General And Administrative Expense": NaN,
        "Other Gand A": NaN,
        "Total Revenue": NaN,
        "Operating Revenue": NaN
    },
    "2024-09-30": {
        "Tax Effect Of Unusual Items": -22050.0,
        "Tax Rate For Calcs": 0.21,
        "Normalized EBITDA": -19359000.0,
        "Total Unusual Items": -105000.0,
        "Total Unusual Items Excluding Goodwill": -105000.0,
        "Net Income From Continuing Operation Net Minority Interest": -19259000.0,
        "Reconciled Depreciation": 667000.0,
        "EBITDA": -19464000.0,
        "EBIT": -20131000.0,
        "Net Interest Income": 457000.0,
        "Interest Income": 457000.0,
        "Normalized Income": -19176050.0,
        "Net Income From Continuing And Discontinued Operation": -19259000.0,
        "Total Expenses": 21400000.0,
        "Total Operating Income As Reported": -20131000.0,
        "Diluted Average Shares": 6272291.0,
        "Basic Average Shares": 6272291.0,
        "Diluted EPS": -3.07,
        "Basic EPS": -3.07,
        "Diluted NI Availto Com Stockholders": -19259000.0,
        "Net Income Common Stockholders": -19259000.0,
        "Net Income": -19259000.0,
        "Net Income Including Noncontrolling Interests": -19259000.0,
        "Net Income Continuous Operations": -19259000.0,
        "Tax Provision": 91000.0,
        "Pretax Income": -19168000.0,
        "Other Income Expense": 506000.0,
        "Other Non Operating Income Expenses": 611000.0,
        "Gain On Sale Of Security": -105000.0,
        "Net Non Operating Interest Income Expense": 457000.0,
        "Interest Income Non Operating": 457000.0,
        "Operating Income": -20131000.0,
        "Operating Expense": 21400000.0,
        "Research And Development": 16774000.0,
        "Selling General And Administration": 4626000.0,
        "General And Administrative Expense": 4626000.0,
        "Other Gand A": 4626000.0,
        "Total Revenue": 1269000.0,
        "Operating Revenue": 1269000.0
    },
    "2024-12-31": {
        "Tax Effect Of Unusual Items": 0.0,
        "Tax Rate For Calcs": 0.21,
        "Normalized EBITDA": -19892000.0,
        "Total Unusual Items": NaN,
        "Total Unusual Items Excluding Goodwill": NaN,
        "Net Income From Continuing Operation Net Minority Interest": -82150000.0,
        "Reconciled Depreciation": 671000.0,
        "EBITDA": -19892000.0,
        "EBIT": -20563000.0,
        "Net Interest Income": 3050000.0,
        "Interest Income": NaN,
        "Normalized Income": -82150000.0,
        "Net Income From Continuing And Discontinued Operation": -82150000.0,
        "Total Expenses": 21192000.0,
        "Total Operating Income As Reported": -20563000.0,
        "Diluted Average Shares": 6282056.0,
        "Basic Average Shares": 6282056.0,
        "Diluted EPS": -13.08,
        "Basic EPS": -13.08,
        "Diluted NI Availto Com Stockholders": -82150000.0,
        "Net Income Common Stockholders": -82150000.0,
        "Net Income": -82150000.0,
        "Net Income Including Noncontrolling Interests": -82150000.0,
        "Net Income Continuous Operations": -82150000.0,
        "Tax Provision": 27000.0,
        "Pretax Income": -82123000.0,
        "Other Income Expense": -64610000.0,
        "Other Non Operating Income Expenses": NaN,
        "Gain On Sale Of Security": NaN,
        "Net Non Operating Interest Income Expense": 3050000.0,
        "Interest Income Non Operating": NaN,
        "Operating Income": -20563000.0,
        "Operating Expense": 21192000.0,
        "Research And Development": 16031000.0,
        "Selling General And Administration": 5161000.0,
        "General And Administrative Expense": 5161000.0,
        "Other Gand A": 5161000.0,
        "Total Revenue": 629000.0,
        "Operating Revenue": 629000.0
    },
    "2025-03-31": {
        "Tax Effect Of Unusual Items": 61307.226821,
        "Tax Rate For Calcs": 0.000997,
        "Normalized EBITDA": -80227000.0,
        "Total Unusual Items": 61494000.0,
        "Total Unusual Items Excluding Goodwill": 61494000.0,
        "Net Income From Continuing Operation Net Minority Interest": 43088000.0,
        "Reconciled Depreciation": 510000.0,
        "EBITDA": -18733000.0,
        "EBIT": -19243000.0,
        "Net Interest Income": 842000.0,
        "Interest Income": 842000.0,
        "Normalized Income": -18344692.773179,
        "Net Income From Continuing And Discontinued Operation": 43088000.0,
        "Total Expenses": 19554000.0,
        "Total Operating Income As Reported": -19243000.0,
        "Diluted Average Shares": 8709693.0,
        "Basic Average Shares": 8408481.0,
        "Diluted EPS": -2.11,
        "Basic EPS": 5.12,
        "Diluted NI Availto Com Stockholders": 43088000.0,
        "Net Income Common Stockholders": 43088000.0,
        "Net Income": 43088000.0,
        "Net Income Including Noncontrolling Interests": 43088000.0,
        "Net Income Continuous Operations": 43088000.0,
        "Tax Provision": 43000.0,
        "Pretax Income": 43131000.0,
        "Other Income Expense": 61532000.0,
        "Other Non Operating Income Expenses": 38000.0,
        "Gain On Sale Of Security": 61494000.0,
        "Net Non Operating Interest Income Expense": 842000.0,
        "Interest Income Non Operating": 842000.0,
        "Operating Income": -19243000.0,
        "Operating Expense": 19554000.0,
        "Research And Development": 14502000.0,
        "Selling General And Administration": 5052000.0,
        "General And Administrative Expense": 5052000.0,
        "Other Gand A": 5052000.0,
        "Total Revenue": 311000.0,
        "Operating Revenue": 311000.0
    },
    "2025-06-30": {
        "Tax Effect Of Unusual Items": 353220.0,
        "Tax Rate For Calcs": 0.21,
        "Normalized EBITDA": -19401000.0,
        "Total Unusual Items": 1682000.0,
        "Total Unusual Items Excluding Goodwill": 1682000.0,
        "Net Income From Continuing Operation Net Minority Interest": -15863000.0,
        "Reconciled Depreciation": 848000.0,
        "EBITDA": -17719000.0,
        "EBIT": -18567000.0,
        "Net Interest Income": 396000.0,
        "Interest Income": 396000.0,
        "Normalized Income": -17191780.0,
        "Net Income From Continuing And Discontinued Operation": -15863000.0,
        "Total Expenses": 19532000.0,
        "Total Operating Income As Reported": -18567000.0,
        "Diluted Average Shares": 10351120.0,
        "Basic Average Shares": 10351120.0,
        "Diluted EPS": -1.53,
        "Basic EPS": -1.53,
        "Diluted NI Availto Com Stockholders": -15863000.0,
        "Net Income Common Stockholders": -15863000.0,
        "Net Income": -15863000.0,
        "Net Income Including Noncontrolling Interests": -15863000.0,
        "Net Income Continuous Operations": -15863000.0,
        "Tax Provision": 185000.0,
        "Pretax Income": -15678000.0,
        "Other Income Expense": 2493000.0,
        "Other Non Operating Income Expenses": 811000.0,
        "Gain On Sale Of Security": 1682000.0,
        "Net Non Operating Interest Income Expense": 396000.0,
        "Interest Income Non Operating": 396000.0,
        "Operating Income": -18567000.0,
        "Operating Expense": 19532000.0,
        "Research And Development": 13976000.0,
        "Selling General And Administration": 5556000.0,
        "General And Administrative Expense": 5556000.0,
        "Other Gand A": 5556000.0,
        "Total Revenue": 965000.0,
        "Operating Revenue": 965000.0
    },
    "2025-09-30": {
        "Tax Effect Of Unusual Items": -883050.0,
        "Tax Rate For Calcs": 0.21,
        "Normalized EBITDA": -23458000.0,
        "Total Unusual Items": -4205000.0,
        "Total Unusual Items Excluding Goodwill": -4205000.0,
        "Net Income From Continuing Operation Net Minority Interest": -31537000.0,
        "Reconciled Depreciation": 698000.0,
        "EBITDA": -27663000.0,
        "EBIT": -28361000.0,
        "Net Interest Income": 378000.0,
        "Interest Income": 378000.0,
        "Normalized Income": -28215050.0,
        "Net Income From Continuing And Discontinued Operation": -31537000.0,
        "Total Expenses": 29102000.0,
        "Total Operating Income As Reported": -28361000.0,
        "Diluted Average Shares": 10369535.0,
        "Basic Average Shares": 10369535.0,
        "Diluted EPS": -3.04,
        "Basic EPS": -3.04,
        "Diluted NI Availto Com Stockholders": -31537000.0,
        "Net Income Common Stockholders": -31537000.0,
        "Net Income": -31537000.0,
        "Net Income Including Noncontrolling Interests": -31537000.0,
        "Net Income Continuous Operations": -31537000.0,
        "Tax Provision": 56000.0,
        "Pretax Income": -31481000.0,
        "Other Income Expense": -3498000.0,
        "Other Non Operating Income Expenses": 707000.0,
        "Gain On Sale Of Security": -4205000.0,
        "Net Non Operating Interest Income Expense": 378000.0,
        "Interest Income Non Operating": 378000.0,
        "Operating Income": -28361000.0,
        "Operating Expense": 29102000.0,
        "Research And Development": 23937000.0,
        "Selling General And Administration": 5165000.0,
        "General And Administrative Expense": 5165000.0,
        "Other Gand A": 5165000.0,
        "Total Revenue": 741000.0,
        "Operating Revenue": 741000.0
    }
}