{
    "2023-03-31": {
        "Tax Effect Of Unusual Items": NaN,
        "Tax Rate For Calcs": NaN,
        "Total Unusual Items": NaN,
        "Total Unusual Items Excluding Goodwill": NaN,
        "Net Income From Continuing Operation Net Minority Interest": NaN,
        "Reconciled Depreciation": NaN,
        "EBIT": NaN,
        "Net Interest Income": NaN,
        "Interest Expense": NaN,
        "Normalized Income": NaN,
        "Net Income From Continuing And Discontinued Operation": NaN,
        "Total Expenses": NaN,
        "Diluted Average Shares": 263500000.0,
        "Basic Average Shares": 263500000.0,
        "Diluted EPS": -1.31,
        "Basic EPS": -1.31,
        "Diluted NI Availto Com Stockholders": NaN,
        "Net Income Common Stockholders": NaN,
        "Preferred Stock Dividends": NaN,
        "Net Income": NaN,
        "Minority Interests": NaN,
        "Net Income Including Noncontrolling Interests": NaN,
        "Net Income Continuous Operations": NaN,
        "Tax Provision": NaN,
        "Pretax Income": NaN,
        "Other Income Expense": NaN,
        "Special Income Charges": NaN,
        "Restructuring And Mergern Acquisition": NaN,
        "Net Non Operating Interest Income Expense": NaN,
        "Interest Expense Non Operating": NaN,
        "Other Operating Expenses": NaN,
        "Depreciation And Amortization In Income Statement": NaN,
        "Amortization": NaN,
        "Selling General And Administration": NaN,
        "General And Administrative Expense": NaN,
        "Salaries And Wages": NaN,
        "Total Revenue": NaN,
        "Operating Revenue": NaN,
        "Loss Adjustment Expense": NaN,
        "Net Policyholder Benefits And Claims": NaN
    },
    "2022-12-31": {
        "Tax Effect Of Unusual Items": NaN,
        "Tax Rate For Calcs": NaN,
        "Total Unusual Items": NaN,
        "Total Unusual Items Excluding Goodwill": NaN,
        "Net Income From Continuing Operation Net Minority Interest": NaN,
        "Reconciled Depreciation": NaN,
        "EBIT": NaN,
        "Net Interest Income": NaN,
        "Interest Expense": NaN,
        "Normalized Income": NaN,
        "Net Income From Continuing And Discontinued Operation": NaN,
        "Total Expenses": NaN,
        "Diluted Average Shares": NaN,
        "Basic Average Shares": NaN,
        "Diluted EPS": NaN,
        "Basic EPS": NaN,
        "Diluted NI Availto Com Stockholders": NaN,
        "Net Income Common Stockholders": NaN,
        "Preferred Stock Dividends": NaN,
        "Net Income": NaN,
        "Minority Interests": NaN,
        "Net Income Including Noncontrolling Interests": NaN,
        "Net Income Discontinuous Operations": 0.0,
        "Net Income Continuous Operations": NaN,
        "Tax Provision": NaN,
        "Pretax Income": NaN,
        "Other Income Expense": NaN,
        "Special Income Charges": NaN,
        "Restructuring And Mergern Acquisition": NaN,
        "Net Non Operating Interest Income Expense": NaN,
        "Interest Expense Non Operating": NaN,
        "Other Operating Expenses": NaN,
        "Depreciation And Amortization In Income Statement": NaN,
        "Amortization": NaN,
        "Selling General And Administration": NaN,
        "General And Administrative Expense": NaN,
        "Salaries And Wages": NaN,
        "Total Revenue": NaN,
        "Operating Revenue": NaN,
        "Loss Adjustment Expense": NaN,
        "Net Policyholder Benefits And Claims": NaN
    },
    "2022-09-30": {
        "Tax Effect Of Unusual Items": NaN,
        "Tax Rate For Calcs": NaN,
        "Total Unusual Items": NaN,
        "Total Unusual Items Excluding Goodwill": NaN,
        "Net Income From Continuing Operation Net Minority Interest": NaN,
        "Reconciled Depreciation": NaN,
        "EBIT": NaN,
        "Net Interest Income": NaN,
        "Interest Expense": NaN,
        "Normalized Income": NaN,
        "Net Income From Continuing And Discontinued Operation": NaN,
        "Total Expenses": NaN,
        "Diluted Average Shares": NaN,
        "Basic Average Shares": NaN,
        "Diluted EPS": NaN,
        "Basic EPS": NaN,
        "Diluted NI Availto Com Stockholders": NaN,
        "Net Income Common Stockholders": NaN,
        "Preferred Stock Dividends": NaN,
        "Net Income": NaN,
        "Minority Interests": NaN,
        "Net Income Including Noncontrolling Interests": NaN,
        "Net Income Discontinuous Operations": 0.0,
        "Net Income Continuous Operations": NaN,
        "Tax Provision": NaN,
        "Pretax Income": NaN,
        "Other Income Expense": NaN,
        "Special Income Charges": NaN,
        "Restructuring And Mergern Acquisition": NaN,
        "Net Non Operating Interest Income Expense": NaN,
        "Interest Expense Non Operating": NaN,
        "Other Operating Expenses": NaN,
        "Depreciation And Amortization In Income Statement": NaN,
        "Amortization": NaN,
        "Selling General And Administration": NaN,
        "General And Administrative Expense": NaN,
        "Salaries And Wages": NaN,
        "Total Revenue": NaN,
        "Operating Revenue": NaN
    },
    "2022-06-30": {
        "Tax Effect Of Unusual Items": -221292.775665,
        "Tax Rate For Calcs": 0.221293,
        "Total Unusual Items": -1000000.0,
        "Total Unusual Items Excluding Goodwill": -1000000.0,
        "Net Income From Continuing Operation Net Minority Interest": -1015000000.0,
        "Reconciled Depreciation": 216000000.0,
        "EBIT": -1232000000.0,
        "Net Interest Income": -83000000.0,
        "Interest Expense": 83000000.0,
        "Normalized Income": -1014221292.775665,
        "Net Income From Continuing And Discontinued Operation": -1015000000.0,
        "Total Expenses": 13535000000.0,
        "Diluted Average Shares": 273800000.0,
        "Basic Average Shares": 273800000.0,
        "Diluted EPS": -3.8,
        "Basic EPS": -3.8,
        "Diluted NI Availto Com Stockholders": -1042000000.0,
        "Net Income Common Stockholders": -1042000000.0,
        "Preferred Stock Dividends": 27000000.0,
        "Net Income": -1015000000.0,
        "Minority Interests": 9000000.0,
        "Net Income Including Noncontrolling Interests": -1024000000.0,
        "Net Income Discontinuous Operations": 0.0,
        "Net Income Continuous Operations": -1024000000.0,
        "Tax Provision": -291000000.0,
        "Pretax Income": -1315000000.0,
        "Other Income Expense": 563000000.0,
        "Special Income Charges": -1000000.0,
        "Restructuring And Mergern Acquisition": 1000000.0,
        "Net Non Operating Interest Income Expense": -83000000.0,
        "Interest Expense Non Operating": 83000000.0,
        "Other Operating Expenses": 1850000000.0,
        "Depreciation And Amortization In Income Statement": 87000000.0,
        "Amortization": 87000000.0,
        "Selling General And Administration": 259000000.0,
        "General And Administrative Expense": 259000000.0,
        "Salaries And Wages": 259000000.0,
        "Total Revenue": 12220000000.0,
        "Operating Revenue": 12220000000.0
    },
    "2023-06-30": {
        "Tax Effect Of Unusual Items": -5761441.647597,
        "Tax Rate For Calcs": 0.213387,
        "Total Unusual Items": -27000000.0,
        "Total Unusual Items Excluding Goodwill": -27000000.0,
        "Net Income From Continuing Operation Net Minority Interest": -1352000000.0,
        "Reconciled Depreciation": 186000000.0,
        "EBIT": -1650000000.0,
        "Net Interest Income": -98000000.0,
        "Interest Expense": 98000000.0,
        "Normalized Income": -1330761441.647597,
        "Net Income From Continuing And Discontinued Operation": -1352000000.0,
        "Total Expenses": 15727000000.0,
        "Diluted Average Shares": 262600000.0,
        "Basic Average Shares": 262600000.0,
        "Diluted EPS": -5.29,
        "Basic EPS": -5.29,
        "Diluted NI Availto Com Stockholders": -1389000000.0,
        "Net Income Common Stockholders": -1389000000.0,
        "Preferred Stock Dividends": 37000000.0,
        "Net Income": -1352000000.0,
        "Minority Interests": 23000000.0,
        "Net Income Including Noncontrolling Interests": -1375000000.0,
        "Net Income Continuous Operations": -1375000000.0,
        "Tax Provision": -373000000.0,
        "Pretax Income": -1748000000.0,
        "Other Income Expense": 597000000.0,
        "Special Income Charges": -27000000.0,
        "Restructuring And Mergern Acquisition": 27000000.0,
        "Net Non Operating Interest Income Expense": -98000000.0,
        "Interest Expense Non Operating": 98000000.0,
        "Other Operating Expenses": 1786000000.0,
        "Depreciation And Amortization In Income Statement": 82000000.0,
        "Amortization": 82000000.0,
        "Selling General And Administration": -40000000.0,
        "General And Administrative Expense": -40000000.0,
        "Salaries And Wages": -40000000.0,
        "Total Revenue": 13979000000.0,
        "Operating Revenue": 13979000000.0,
        "Loss Adjustment Expense": 11985000000.0,
        "Net Policyholder Benefits And Claims": 11985000000.0
    },
    "2022-03-31": {
        "Diluted EPS": 2.25,
        "Total Revenue": NaN,
        "Gross Profit": NaN,
        "Operating Income": 896,
        "EBIT": NaN,
        "Net Income": 634
    },
    "2021-12-31": {
        "Diluted EPS": 2.59,
        "Total Revenue": NaN,
        "Gross Profit": NaN,
        "Operating Income": NaN,
        "EBIT": NaN,
        "Net Income": 790
    },
    "2021-09-30": {
        "Diluted EPS": 1.71,
        "Total Revenue": NaN,
        "Gross Profit": NaN,
        "Operating Income": 318,
        "EBIT": 564,
        "Net Income": 508
    },
    "2021-06-30": {
        "Diluted EPS": 5.26,
        "Total Revenue": NaN,
        "Gross Profit": NaN,
        "Operating Income": NaN,
        "EBIT": NaN,
        "Net Income": NaN
    },
    "2021-03-31": {
        "Diluted EPS": -4.6,
        "Total Revenue": NaN,
        "Gross Profit": NaN,
        "Operating Income": NaN,
        "EBIT": NaN,
        "Net Income": NaN
    },
    "2020-12-31": {
        "Diluted EPS": 8.28,
        "Total Revenue": NaN,
        "Gross Profit": NaN,
        "Operating Income": NaN,
        "EBIT": NaN,
        "Net Income": NaN
    },
    "2020-09-30": {
        "Diluted EPS": 3.58,
        "Total Revenue": NaN,
        "Gross Profit": NaN,
        "Operating Income": NaN,
        "EBIT": NaN,
        "Net Income": NaN
    },
    "2020-06-30": {
        "Diluted EPS": 3.86,
        "Total Revenue": NaN,
        "Gross Profit": NaN,
        "Operating Income": NaN,
        "EBIT": NaN,
        "Net Income": NaN
    },
    "2020-03-31": {
        "Diluted EPS": 1.59,
        "Total Revenue": NaN,
        "Gross Profit": NaN,
        "Operating Income": NaN,
        "EBIT": NaN,
        "Net Income": 513
    },
    "2019-12-31": {
        "Diluted EPS": 5.18,
        "Total Revenue": NaN,
        "Gross Profit": NaN,
        "Operating Income": NaN,
        "EBIT": NaN,
        "Net Income": NaN
    },
    "2019-09-30": {
        "Diluted EPS": 2.67,
        "Total Revenue": NaN,
        "Gross Profit": NaN,
        "Operating Income": NaN,
        "EBIT": NaN,
        "Net Income": 889
    },
    "2019-06-30": {
        "Diluted EPS": 2.44,
        "Total Revenue": NaN,
        "Gross Profit": NaN,
        "Operating Income": NaN,
        "EBIT": NaN,
        "Net Income": 821
    },
    "2019-03-31": {
        "Diluted EPS": 3.74,
        "Total Revenue": NaN,
        "Gross Profit": NaN,
        "Operating Income": NaN,
        "EBIT": NaN,
        "Net Income": NaN
    },
    "2018-12-31": {
        "Diluted EPS": -1.6,
        "Total Revenue": NaN,
        "Gross Profit": NaN,
        "Operating Income": -619,
        "EBIT": -484,
        "Net Income": -585
    },
    "2018-09-30": {
        "Diluted EPS": 2.68,
        "Total Revenue": NaN,
        "Gross Profit": NaN,
        "Operating Income": NaN,
        "EBIT": NaN,
        "Net Income": 942
    },
    "2018-06-30": {
        "Diluted EPS": 1.91,
        "Total Revenue": NaN,
        "Gross Profit": NaN,
        "Operating Income": NaN,
        "EBIT": NaN,
        "Net Income": 678
    },
    "2018-03-31": {
        "Diluted EPS": 2.71,
        "Total Revenue": NaN,
        "Gross Profit": NaN,
        "Operating Income": NaN,
        "EBIT": NaN,
        "Net Income": 977
    },
    "2017-12-31": {
        "Diluted EPS": 4.33,
        "Total Revenue": NaN,
        "Gross Profit": NaN,
        "Operating Income": NaN,
        "EBIT": NaN,
        "Net Income": NaN
    },
    "2017-09-30": {
        "Diluted EPS": 1.74,
        "Total Revenue": NaN,
        "Gross Profit": NaN,
        "Operating Income": NaN,
        "EBIT": NaN,
        "Net Income": 637
    },
    "2017-06-30": {
        "Diluted EPS": 1.49,
        "Total Revenue": NaN,
        "Gross Profit": NaN,
        "Operating Income": 975,
        "EBIT": NaN,
        "Net Income": 550
    },
    "2017-03-31": {
        "Diluted EPS": 1.79,
        "Total Revenue": NaN,
        "Gross Profit": NaN,
        "Operating Income": NaN,
        "EBIT": NaN,
        "Net Income": 666
    },
    "2016-12-31": {
        "Diluted EPS": 2.15,
        "Total Revenue": NaN,
        "Gross Profit": NaN,
        "Operating Income": NaN,
        "EBIT": NaN,
        "Net Income": 811
    },
    "2016-09-30": {
        "Diluted EPS": 1.31,
        "Total Revenue": NaN,
        "Gross Profit": NaN,
        "Operating Income": 842,
        "EBIT": 939,
        "Net Income": 491
    },
    "2016-06-30": {
        "Diluted EPS": 0.64,
        "Total Revenue": NaN,
        "Gross Profit": NaN,
        "Operating Income": 458,
        "EBIT": 555,
        "Net Income": 242
    },
    "2016-03-31": {
        "Diluted EPS": 0.57,
        "Total Revenue": NaN,
        "Gross Profit": NaN,
        "Operating Income": 431,
        "EBIT": 522,
        "Net Income": 217
    },
    "2015-12-31": {
        "Diluted EPS": 1.19,
        "Total Revenue": NaN,
        "Gross Profit": NaN,
        "Operating Income": 799,
        "EBIT": 895,
        "Net Income": 460
    },
    "2015-09-30": {
        "Diluted EPS": 1.54,
        "Total Revenue": NaN,
        "Gross Profit": NaN,
        "Operating Income": NaN,
        "EBIT": NaN,
        "Net Income": 621
    },
    "2015-06-30": {
        "Diluted EPS": 0.79,
        "Total Revenue": NaN,
        "Gross Profit": NaN,
        "Operating Income": 617,
        "EBIT": 709,
        "Net Income": 326
    },
    "2015-03-31": {
        "Diluted EPS": 1.53,
        "Total Revenue": NaN,
        "Gross Profit": NaN,
        "Operating Income": NaN,
        "EBIT": NaN,
        "Net Income": 648
    },
    "2014-12-31": {
        "Diluted EPS": 1.84,
        "Total Revenue": NaN,
        "Gross Profit": NaN,
        "Operating Income": NaN,
        "EBIT": NaN,
        "Net Income": 795
    },
    "2014-09-30": {
        "Diluted EPS": 1.74,
        "Total Revenue": NaN,
        "Gross Profit": NaN,
        "Operating Income": NaN,
        "EBIT": NaN,
        "Net Income": 750
    },
    "2014-06-30": {
        "Diluted EPS": 1.39,
        "Total Revenue": NaN,
        "Gross Profit": NaN,
        "Operating Income": NaN,
        "EBIT": NaN,
        "Net Income": 614
    },
    "2014-03-31": {
        "Diluted EPS": 1.3,
        "Total Revenue": NaN,
        "Gross Profit": NaN,
        "Operating Income": NaN,
        "EBIT": NaN,
        "Net Income": 587
    },
    "2013-12-31": {
        "Diluted EPS": 1.76,
        "Total Revenue": NaN,
        "Gross Profit": NaN,
        "Operating Income": NaN,
        "EBIT": NaN,
        "Net Income": 810
    },
    "2013-09-30": {
        "Diluted EPS": 0.66,
        "Total Revenue": NaN,
        "Gross Profit": NaN,
        "Operating Income": NaN,
        "EBIT": NaN,
        "Net Income": 310
    },
    "2013-06-30": {
        "Diluted EPS": 0.92,
        "Total Revenue": NaN,
        "Gross Profit": NaN,
        "Operating Income": NaN,
        "EBIT": NaN,
        "Net Income": 434
    },
    "2013-03-31": {
        "Diluted EPS": 1.47,
        "Total Revenue": NaN,
        "Gross Profit": NaN,
        "Operating Income": NaN,
        "EBIT": NaN,
        "Net Income": 709
    },
    "2012-12-31": {
        "Diluted EPS": 0.81,
        "Total Revenue": NaN,
        "Gross Profit": NaN,
        "Operating Income": 642,
        "EBIT": 737,
        "Net Income": 394
    },
    "2012-09-30": {
        "Diluted EPS": 1.48,
        "Total Revenue": NaN,
        "Gross Profit": NaN,
        "Operating Income": NaN,
        "EBIT": NaN,
        "Net Income": 723
    },
    "2012-06-30": {
        "Diluted EPS": 0.86,
        "Total Revenue": NaN,
        "Gross Profit": NaN,
        "Operating Income": 702,
        "EBIT": 807,
        "Net Income": 423
    },
    "2012-03-31": {
        "Diluted EPS": 1.53,
        "Total Revenue": NaN,
        "Gross Profit": NaN,
        "Operating Income": NaN,
        "EBIT": NaN,
        "Net Income": 766
    },
    "2011-12-31": {
        "Diluted EPS": 1.37,
        "Total Revenue": NaN,
        "Gross Profit": NaN,
        "Operating Income": NaN,
        "EBIT": NaN,
        "Net Income": 712
    },
    "2011-09-30": {
        "Diluted EPS": 0.34,
        "Total Revenue": NaN,
        "Gross Profit": NaN,
        "Operating Income": 316,
        "EBIT": 376,
        "Net Income": 175
    },
    "2011-06-30": {
        "Diluted EPS": -1.19,
        "Total Revenue": NaN,
        "Gross Profit": 887,
        "Operating Income": -941,
        "EBIT": -883,
        "Net Income": -624
    },
    "2011-03-31": {
        "Diluted EPS": 0.98,
        "Total Revenue": NaN,
        "Gross Profit": NaN,
        "Operating Income": 863,
        "EBIT": 894,
        "Net Income": 524
    },
    "2010-12-31": {
        "Diluted EPS": 0.51,
        "Total Revenue": NaN,
        "Gross Profit": NaN,
        "Operating Income": 419,
        "EBIT": 458,
        "Net Income": 279
    },
    "2010-09-30": {
        "Diluted EPS": 0.68,
        "Total Revenue": NaN,
        "Gross Profit": NaN,
        "Operating Income": 581,
        "EBIT": 610,
        "Net Income": 367
    },
    "2010-06-30": {
        "Diluted EPS": 0.27,
        "Total Revenue": NaN,
        "Gross Profit": NaN,
        "Operating Income": 269,
        "EBIT": 279,
        "Net Income": 145
    },
    "2010-03-31": {
        "Diluted EPS": 0.22,
        "Total Revenue": NaN,
        "Gross Profit": NaN,
        "Operating Income": 209,
        "EBIT": 225,
        "Net Income": 120
    },
    "2009-12-31": {
        "Diluted EPS": 0.96,
        "Total Revenue": NaN,
        "Gross Profit": NaN,
        "Operating Income": 811,
        "EBIT": 807,
        "Net Income": 518
    },
    "2009-09-30": {
        "Diluted EPS": 0.41,
        "Total Revenue": NaN,
        "Gross Profit": NaN,
        "Operating Income": 364,
        "EBIT": 363,
        "Net Income": 221
    },
    "2009-06-30": {
        "Diluted EPS": 0.72,
        "Total Revenue": NaN,
        "Gross Profit": NaN,
        "Operating Income": 589,
        "EBIT": 577,
        "Net Income": 389
    },
    "2009-03-31": {
        "Diluted EPS": -0.51,
        "Total Revenue": NaN,
        "Gross Profit": NaN,
        "Operating Income": -1,
        "EBIT": -75,
        "Net Income": -274
    },
    "2023-09-30": {
        "Tax Effect Of Unusual Items": NaN,
        "Tax Rate For Calcs": NaN,
        "Total Unusual Items": NaN,
        "Total Unusual Items Excluding Goodwill": NaN,
        "Net Income From Continuing Operation Net Minority Interest": NaN,
        "Reconciled Depreciation": NaN,
        "EBIT": NaN,
        "Net Interest Income": NaN,
        "Interest Expense": NaN,
        "Normalized Income": NaN,
        "Net Income From Continuing And Discontinued Operation": NaN,
        "Total Expenses": NaN,
        "Diluted Average Shares": 261800000.0,
        "Basic Average Shares": 261800000.0,
        "Diluted EPS": -0.16,
        "Basic EPS": -0.16,
        "Diluted NI Availto Com Stockholders": NaN,
        "Net Income Common Stockholders": NaN,
        "Preferred Stock Dividends": NaN,
        "Net Income": NaN,
        "Minority Interests": NaN,
        "Net Income Including Noncontrolling Interests": NaN,
        "Net Income Continuous Operations": NaN,
        "Tax Provision": NaN,
        "Pretax Income": NaN,
        "Other Income Expense": NaN,
        "Special Income Charges": NaN,
        "Restructuring And Mergern Acquisition": NaN,
        "Net Non Operating Interest Income Expense": NaN,
        "Interest Expense Non Operating": NaN,
        "Other Operating Expenses": NaN,
        "Depreciation And Amortization In Income Statement": NaN,
        "Amortization": NaN,
        "Selling General And Administration": NaN,
        "General And Administrative Expense": NaN,
        "Salaries And Wages": NaN,
        "Total Revenue": NaN,
        "Operating Revenue": NaN,
        "Loss Adjustment Expense": NaN,
        "Net Policyholder Benefits And Claims": NaN
    },
    "2023-12-31": {
        "Tax Effect Of Unusual Items": NaN,
        "Tax Rate For Calcs": NaN,
        "Total Unusual Items": NaN,
        "Total Unusual Items Excluding Goodwill": NaN,
        "Net Income From Continuing Operation Net Minority Interest": NaN,
        "Reconciled Depreciation": NaN,
        "EBIT": NaN,
        "Net Interest Income": NaN,
        "Interest Expense": NaN,
        "Normalized Income": NaN,
        "Net Income From Continuing And Discontinued Operation": NaN,
        "Total Expenses": NaN,
        "Diluted Average Shares": 264700000.0,
        "Basic Average Shares": 262200000.0,
        "Diluted EPS": 5.52,
        "Basic EPS": 5.57,
        "Diluted NI Availto Com Stockholders": NaN,
        "Net Income Common Stockholders": NaN,
        "Preferred Stock Dividends": NaN,
        "Net Income": NaN,
        "Minority Interests": NaN,
        "Net Income Including Noncontrolling Interests": NaN,
        "Net Income Continuous Operations": NaN,
        "Tax Provision": NaN,
        "Pretax Income": NaN,
        "Other Income Expense": NaN,
        "Special Income Charges": NaN,
        "Restructuring And Mergern Acquisition": NaN,
        "Net Non Operating Interest Income Expense": NaN,
        "Interest Expense Non Operating": NaN,
        "Other Operating Expenses": NaN,
        "Depreciation And Amortization In Income Statement": NaN,
        "Amortization": NaN,
        "Selling General And Administration": NaN,
        "General And Administrative Expense": NaN,
        "Salaries And Wages": NaN,
        "Total Revenue": NaN,
        "Operating Revenue": NaN,
        "Loss Adjustment Expense": NaN,
        "Net Policyholder Benefits And Claims": NaN
    },
    "2024-03-31": {
        "Tax Effect Of Unusual Items": NaN,
        "Tax Rate For Calcs": NaN,
        "Total Unusual Items": NaN,
        "Total Unusual Items Excluding Goodwill": NaN,
        "Net Income From Continuing Operation Net Minority Interest": NaN,
        "Reconciled Depreciation": NaN,
        "EBIT": NaN,
        "Net Interest Income": NaN,
        "Interest Expense": NaN,
        "Normalized Income": NaN,
        "Net Income From Continuing And Discontinued Operation": NaN,
        "Total Expenses": NaN,
        "Diluted Average Shares": NaN,
        "Basic Average Shares": NaN,
        "Diluted EPS": NaN,
        "Basic EPS": NaN,
        "Diluted NI Availto Com Stockholders": NaN,
        "Net Income Common Stockholders": NaN,
        "Preferred Stock Dividends": NaN,
        "Net Income": NaN,
        "Minority Interests": NaN,
        "Net Income Including Noncontrolling Interests": NaN,
        "Net Income Continuous Operations": NaN,
        "Tax Provision": NaN,
        "Pretax Income": NaN,
        "Other Income Expense": NaN,
        "Special Income Charges": NaN,
        "Other Special Charges": NaN,
        "Restructuring And Mergern Acquisition": NaN,
        "Net Non Operating Interest Income Expense": NaN,
        "Interest Expense Non Operating": NaN,
        "Other Operating Expenses": NaN,
        "Depreciation And Amortization In Income Statement": NaN,
        "Amortization": NaN,
        "Selling General And Administration": NaN,
        "General And Administrative Expense": -2000000.0,
        "Salaries And Wages": NaN,
        "Total Revenue": NaN,
        "Operating Revenue": NaN,
        "Loss Adjustment Expense": NaN,
        "Net Policyholder Benefits And Claims": NaN
    },
    "2024-06-30": {
        "Tax Effect Of Unusual Items": NaN,
        "Tax Rate For Calcs": NaN,
        "Total Unusual Items": NaN,
        "Total Unusual Items Excluding Goodwill": NaN,
        "Net Income From Continuing Operation Net Minority Interest": NaN,
        "Reconciled Depreciation": NaN,
        "EBIT": NaN,
        "Net Interest Income": NaN,
        "Interest Expense": NaN,
        "Normalized Income": NaN,
        "Net Income From Continuing And Discontinued Operation": NaN,
        "Total Expenses": NaN,
        "Diluted Average Shares": NaN,
        "Basic Average Shares": NaN,
        "Diluted EPS": NaN,
        "Basic EPS": NaN,
        "Diluted NI Availto Com Stockholders": NaN,
        "Net Income Common Stockholders": NaN,
        "Preferred Stock Dividends": NaN,
        "Net Income": NaN,
        "Minority Interests": NaN,
        "Net Income Including Noncontrolling Interests": NaN,
        "Net Income Continuous Operations": NaN,
        "Tax Provision": NaN,
        "Pretax Income": NaN,
        "Other Income Expense": NaN,
        "Special Income Charges": NaN,
        "Other Special Charges": NaN,
        "Restructuring And Mergern Acquisition": NaN,
        "Net Non Operating Interest Income Expense": NaN,
        "Interest Expense Non Operating": NaN,
        "Other Operating Expenses": NaN,
        "Depreciation And Amortization In Income Statement": NaN,
        "Amortization": NaN,
        "Selling General And Administration": NaN,
        "General And Administrative Expense": -9000000.0,
        "Salaries And Wages": NaN,
        "Total Revenue": NaN,
        "Operating Revenue": NaN,
        "Loss Adjustment Expense": NaN,
        "Net Policyholder Benefits And Claims": NaN
    },
    "2024-09-30": {
        "Tax Effect Of Unusual Items": -5012000.0,
        "Tax Rate For Calcs": 0.179,
        "Total Unusual Items": -28000000.0,
        "Total Unusual Items Excluding Goodwill": -28000000.0,
        "Net Income From Continuing Operation Net Minority Interest": 1190000000.0,
        "Reconciled Depreciation": 140000000.0,
        "EBIT": 1522000000.0,
        "Net Interest Income": -104000000.0,
        "Interest Expense": 104000000.0,
        "Normalized Income": 1212988000.0,
        "Net Income From Continuing And Discontinued Operation": 1190000000.0,
        "Total Expenses": 15079000000.0,
        "Diluted Average Shares": NaN,
        "Basic Average Shares": NaN,
        "Diluted EPS": NaN,
        "Basic EPS": NaN,
        "Diluted NI Availto Com Stockholders": 1161000000.0,
        "Net Income Common Stockholders": 1161000000.0,
        "Preferred Stock Dividends": 29000000.0,
        "Net Income": 1190000000.0,
        "Minority Interests": 26000000.0,
        "Net Income Including Noncontrolling Interests": 1164000000.0,
        "Net Income Continuous Operations": 1164000000.0,
        "Tax Provision": 254000000.0,
        "Pretax Income": 1418000000.0,
        "Other Income Expense": 781000000.0,
        "Special Income Charges": -28000000.0,
        "Other Special Charges": NaN,
        "Restructuring And Mergern Acquisition": 28000000.0,
        "Net Non Operating Interest Income Expense": -104000000.0,
        "Interest Expense Non Operating": 104000000.0,
        "Other Operating Expenses": 2217000000.0,
        "Depreciation And Amortization In Income Statement": 71000000.0,
        "Amortization": 71000000.0,
        "Selling General And Administration": 26000000.0,
        "General And Administrative Expense": 26000000.0,
        "Salaries And Wages": 26000000.0,
        "Total Revenue": 16497000000.0,
        "Operating Revenue": 16497000000.0,
        "Loss Adjustment Expense": 10726000000.0,
        "Net Policyholder Benefits And Claims": 10726000000.0
    },
    "2024-12-31": {
        "Tax Effect Of Unusual Items": -2282564.311964,
        "Tax Rate For Calcs": 0.228256,
        "Total Unusual Items": -10000000.0,
        "Total Unusual Items Excluding Goodwill": -10000000.0,
        "Net Income From Continuing Operation Net Minority Interest": 1928000000.0,
        "Reconciled Depreciation": 151000000.0,
        "EBIT": 2550000000.0,
        "Net Interest Income": -101000000.0,
        "Interest Expense": 101000000.0,
        "Normalized Income": 1935717435.688036,
        "Net Income From Continuing And Discontinued Operation": 1928000000.0,
        "Total Expenses": 13893000000.0,
        "Diluted Average Shares": 268700000.0,
        "Basic Average Shares": 265100000.0,
        "Diluted EPS": 7.07,
        "Basic EPS": 7.16,
        "Diluted NI Availto Com Stockholders": 1899000000.0,
        "Net Income Common Stockholders": 1899000000.0,
        "Preferred Stock Dividends": 29000000.0,
        "Net Income": 1928000000.0,
        "Minority Interests": 38000000.0,
        "Net Income Including Noncontrolling Interests": 1890000000.0,
        "Net Income Continuous Operations": 1890000000.0,
        "Tax Provision": 559000000.0,
        "Pretax Income": 2449000000.0,
        "Other Income Expense": 801000000.0,
        "Special Income Charges": -10000000.0,
        "Other Special Charges": NaN,
        "Restructuring And Mergern Acquisition": 10000000.0,
        "Net Non Operating Interest Income Expense": -101000000.0,
        "Interest Expense Non Operating": 101000000.0,
        "Other Operating Expenses": 2505000000.0,
        "Depreciation And Amortization In Income Statement": 70000000.0,
        "Amortization": 70000000.0,
        "Selling General And Administration": -52000000.0,
        "General And Administrative Expense": -52000000.0,
        "Salaries And Wages": -52000000.0,
        "Total Revenue": 16342000000.0,
        "Operating Revenue": 16342000000.0,
        "Loss Adjustment Expense": 9361000000.0,
        "Net Policyholder Benefits And Claims": 9361000000.0
    },
    "2025-03-31": {
        "Tax Effect Of Unusual Items": -2737134.909597,
        "Tax Rate For Calcs": 0.171071,
        "Total Unusual Items": -16000000.0,
        "Total Unusual Items Excluding Goodwill": -16000000.0,
        "Net Income From Continuing Operation Net Minority Interest": 595000000.0,
        "Reconciled Depreciation": 132000000.0,
        "EBIT": 819000000.0,
        "Net Interest Income": -100000000.0,
        "Interest Expense": 100000000.0,
        "Normalized Income": 608262865.090403,
        "Net Income From Continuing And Discontinued Operation": 595000000.0,
        "Total Expenses": 15544000000.0,
        "Diluted Average Shares": 268800000.0,
        "Basic Average Shares": 265300000.0,
        "Diluted EPS": 2.11,
        "Basic EPS": 2.13,
        "Diluted NI Availto Com Stockholders": 566000000.0,
        "Net Income Common Stockholders": 566000000.0,
        "Preferred Stock Dividends": 29000000.0,
        "Net Income": 595000000.0,
        "Minority Interests": -1000000.0,
        "Net Income Including Noncontrolling Interests": 596000000.0,
        "Net Income Continuous Operations": 596000000.0,
        "Tax Provision": 123000000.0,
        "Pretax Income": 719000000.0,
        "Other Income Expense": 762000000.0,
        "Special Income Charges": -16000000.0,
        "Other Special Charges": NaN,
        "Restructuring And Mergern Acquisition": 16000000.0,
        "Net Non Operating Interest Income Expense": -100000000.0,
        "Interest Expense Non Operating": 100000000.0,
        "Other Operating Expenses": 2245000000.0,
        "Depreciation And Amortization In Income Statement": 59000000.0,
        "Amortization": 59000000.0,
        "Selling General And Administration": 78000000.0,
        "General And Administrative Expense": 78000000.0,
        "Salaries And Wages": 78000000.0,
        "Total Revenue": 16263000000.0,
        "Operating Revenue": 16263000000.0,
        "Loss Adjustment Expense": 11148000000.0,
        "Net Policyholder Benefits And Claims": 11148000000.0
    },
    "2025-06-30": {
        "Tax Effect Of Unusual Items": 195125000.0,
        "Tax Rate For Calcs": 0.223,
        "Total Unusual Items": 875000000.0,
        "Total Unusual Items Excluding Goodwill": 875000000.0,
        "Net Income From Continuing Operation Net Minority Interest": 2109000000.0,
        "Reconciled Depreciation": 127000000.0,
        "EBIT": 2803000000.0,
        "Net Interest Income": -100000000.0,
        "Interest Expense": 100000000.0,
        "Normalized Income": 1429125000.0,
        "Net Income From Continuing And Discontinued Operation": 2109000000.0,
        "Total Expenses": 13843000000.0,
        "Diluted Average Shares": 267900000.0,
        "Basic Average Shares": 264600000.0,
        "Diluted EPS": 7.76,
        "Basic EPS": 7.86,
        "Diluted NI Availto Com Stockholders": 2079000000.0,
        "Net Income Common Stockholders": 2079000000.0,
        "Preferred Stock Dividends": 30000000.0,
        "Net Income": 2109000000.0,
        "Minority Interests": 10000000.0,
        "Net Income Including Noncontrolling Interests": 2099000000.0,
        "Net Income Continuous Operations": 2099000000.0,
        "Tax Provision": 604000000.0,
        "Pretax Income": 2703000000.0,
        "Other Income Expense": 747000000.0,
        "Special Income Charges": 875000000.0,
        "Other Special Charges": -890000000.0,
        "Restructuring And Mergern Acquisition": 15000000.0,
        "Net Non Operating Interest Income Expense": -100000000.0,
        "Interest Expense Non Operating": 100000000.0,
        "Other Operating Expenses": 2135000000.0,
        "Depreciation And Amortization In Income Statement": 57000000.0,
        "Amortization": 57000000.0,
        "Selling General And Administration": 0.0,
        "General And Administrative Expense": NaN,
        "Salaries And Wages": 0.0,
        "Total Revenue": 16546000000.0,
        "Operating Revenue": 16546000000.0,
        "Loss Adjustment Expense": 10437000000.0,
        "Net Policyholder Benefits And Claims": 10437000000.0
    },
    "2025-09-30": {
        "Tax Effect Of Unusual Items": 156769000.0,
        "Tax Rate For Calcs": 0.223,
        "Total Unusual Items": 703000000.0,
        "Total Unusual Items Excluding Goodwill": 703000000.0,
        "Net Income From Continuing Operation Net Minority Interest": 3746000000.0,
        "Reconciled Depreciation": 115000000.0,
        "EBIT": 4920000000.0,
        "Net Interest Income": -101000000.0,
        "Interest Expense": 101000000.0,
        "Normalized Income": 3199769000.0,
        "Net Income From Continuing And Discontinued Operation": 3746000000.0,
        "Total Expenses": 12242000000.0,
        "Diluted Average Shares": 266400000.0,
        "Basic Average Shares": 263100000.0,
        "Diluted EPS": 13.95,
        "Basic EPS": 14.13,
        "Diluted NI Availto Com Stockholders": 3717000000.0,
        "Net Income Common Stockholders": 3717000000.0,
        "Preferred Stock Dividends": 29000000.0,
        "Net Income": 3746000000.0,
        "Minority Interests": 2000000.0,
        "Net Income Including Noncontrolling Interests": 3744000000.0,
        "Net Income Continuous Operations": 3744000000.0,
        "Tax Provision": 1075000000.0,
        "Pretax Income": 4819000000.0,
        "Other Income Expense": 691000000.0,
        "Special Income Charges": 703000000.0,
        "Other Special Charges": -720000000.0,
        "Restructuring And Mergern Acquisition": 17000000.0,
        "Net Non Operating Interest Income Expense": -101000000.0,
        "Interest Expense Non Operating": 101000000.0,
        "Other Operating Expenses": 2265000000.0,
        "Depreciation And Amortization In Income Statement": 59000000.0,
        "Amortization": 59000000.0,
        "Selling General And Administration": -108000000.0,
        "General And Administrative Expense": -108000000.0,
        "Salaries And Wages": -108000000.0,
        "Total Revenue": 17061000000.0,
        "Operating Revenue": 17061000000.0,
        "Loss Adjustment Expense": 8721000000.0,
        "Net Policyholder Benefits And Claims": 8721000000.0
    },
    "2025-12-31": {
        "Tax Effect Of Unusual Items": NaN,
        "Tax Rate For Calcs": NaN,
        "Total Unusual Items": NaN,
        "Total Unusual Items Excluding Goodwill": NaN,
        "Net Income From Continuing Operation Net Minority Interest": NaN,
        "Reconciled Depreciation": NaN,
        "EBIT": NaN,
        "Net Interest Income": NaN,
        "Interest Expense": NaN,
        "Normalized Income": NaN,
        "Net Income From Continuing And Discontinued Operation": NaN,
        "Total Expenses": NaN,
        "Diluted Average Shares": 264700000.0,
        "Basic Average Shares": 261300000.0,
        "Diluted EPS": 14.37,
        "Basic EPS": 14.55,
        "Diluted NI Availto Com Stockholders": NaN,
        "Net Income Common Stockholders": NaN,
        "Preferred Stock Dividends": NaN,
        "Net Income": NaN,
        "Minority Interests": NaN,
        "Net Income Including Noncontrolling Interests": NaN,
        "Net Income Continuous Operations": NaN,
        "Tax Provision": NaN,
        "Pretax Income": NaN,
        "Other Income Expense": NaN,
        "Special Income Charges": NaN,
        "Other Special Charges": NaN,
        "Restructuring And Mergern Acquisition": NaN,
        "Net Non Operating Interest Income Expense": NaN,
        "Interest Expense Non Operating": NaN,
        "Other Operating Expenses": NaN,
        "Depreciation And Amortization In Income Statement": NaN,
        "Amortization": NaN,
        "Selling General And Administration": NaN,
        "General And Administrative Expense": NaN,
        "Salaries And Wages": NaN,
        "Total Revenue": NaN,
        "Operating Revenue": NaN,
        "Loss Adjustment Expense": NaN,
        "Net Policyholder Benefits And Claims": NaN
    }
}