{
    "2023-03-31": {
        "Tax Effect Of Unusual Items": NaN,
        "Tax Rate For Calcs": NaN,
        "Normalized EBITDA": NaN,
        "Total Unusual Items": NaN,
        "Total Unusual Items Excluding Goodwill": NaN,
        "Net Income From Continuing Operation Net Minority Interest": NaN,
        "Reconciled Depreciation": NaN,
        "EBITDA": NaN,
        "EBIT": NaN,
        "Net Interest Income": NaN,
        "Interest Income": NaN,
        "Normalized Income": NaN,
        "Net Income From Continuing And Discontinued Operation": NaN,
        "Total Expenses": NaN,
        "Total Operating Income As Reported": NaN,
        "Diluted Average Shares": 144563829.0,
        "Basic Average Shares": 144563829.0,
        "Diluted EPS": -0.69,
        "Basic EPS": -0.69,
        "Diluted NI Availto Com Stockholders": NaN,
        "Net Income Common Stockholders": NaN,
        "Net Income": NaN,
        "Net Income Including Noncontrolling Interests": NaN,
        "Net Income Continuous Operations": NaN,
        "Pretax Income": NaN,
        "Other Income Expense": NaN,
        "Other Non Operating Income Expenses": NaN,
        "Special Income Charges": NaN,
        "Impairment Of Capital Assets": NaN,
        "Net Non Operating Interest Income Expense": NaN,
        "Interest Income Non Operating": NaN,
        "Operating Income": NaN,
        "Operating Expense": NaN,
        "Research And Development": NaN,
        "Selling General And Administration": NaN,
        "General And Administrative Expense": NaN,
        "Other Gand A": NaN,
        "Total Revenue": NaN,
        "Operating Revenue": NaN
    },
    "2022-12-31": {
        "Tax Effect Of Unusual Items": NaN,
        "Tax Rate For Calcs": NaN,
        "Normalized EBITDA": NaN,
        "Net Income From Continuing Operation Net Minority Interest": NaN,
        "Reconciled Depreciation": NaN,
        "EBITDA": NaN,
        "EBIT": NaN,
        "Net Interest Income": NaN,
        "Interest Income": NaN,
        "Normalized Income": NaN,
        "Net Income From Continuing And Discontinued Operation": NaN,
        "Total Expenses": NaN,
        "Total Operating Income As Reported": NaN,
        "Diluted Average Shares": 144149240.0,
        "Basic Average Shares": 144149240.0,
        "Diluted EPS": -0.66,
        "Basic EPS": -0.66,
        "Diluted NI Availto Com Stockholders": NaN,
        "Net Income Common Stockholders": NaN,
        "Net Income": NaN,
        "Net Income Including Noncontrolling Interests": NaN,
        "Net Income Continuous Operations": NaN,
        "Pretax Income": NaN,
        "Other Income Expense": NaN,
        "Other Non Operating Income Expenses": NaN,
        "Net Non Operating Interest Income Expense": NaN,
        "Interest Income Non Operating": NaN,
        "Operating Income": NaN,
        "Operating Expense": NaN,
        "Research And Development": NaN,
        "Selling General And Administration": NaN,
        "General And Administrative Expense": NaN,
        "Other Gand A": NaN,
        "Total Revenue": NaN,
        "Operating Revenue": NaN
    },
    "2022-09-30": {
        "Tax Effect Of Unusual Items": 0.0,
        "Tax Rate For Calcs": 0.0,
        "Normalized EBITDA": -78629000.0,
        "Net Income From Continuing Operation Net Minority Interest": -83148000.0,
        "Reconciled Depreciation": 3860000.0,
        "EBITDA": -78629000.0,
        "EBIT": -82489000.0,
        "Net Interest Income": 1002000.0,
        "Interest Income": 1002000.0,
        "Normalized Income": -83148000.0,
        "Net Income From Continuing And Discontinued Operation": -83148000.0,
        "Total Expenses": 82538000.0,
        "Total Operating Income As Reported": -82489000.0,
        "Diluted Average Shares": 143661721.0,
        "Basic Average Shares": 143661721.0,
        "Diluted EPS": -0.58,
        "Basic EPS": -0.58,
        "Diluted NI Availto Com Stockholders": -83148000.0,
        "Net Income Common Stockholders": -83148000.0,
        "Net Income": -83148000.0,
        "Net Income Including Noncontrolling Interests": -83148000.0,
        "Net Income Continuous Operations": -83148000.0,
        "Pretax Income": -83148000.0,
        "Other Income Expense": -1661000.0,
        "Other Non Operating Income Expenses": -1661000.0,
        "Net Non Operating Interest Income Expense": 1002000.0,
        "Interest Income Non Operating": 1002000.0,
        "Operating Income": -82489000.0,
        "Operating Expense": 82538000.0,
        "Research And Development": 63641000.0,
        "Selling General And Administration": 18897000.0,
        "General And Administrative Expense": 18897000.0,
        "Other Gand A": 18897000.0,
        "Total Revenue": 49000.0,
        "Operating Revenue": 49000.0
    },
    "2022-06-30": {
        "Tax Effect Of Unusual Items": 0.0,
        "Tax Rate For Calcs": 0.0,
        "Normalized EBITDA": -72919000.0,
        "Net Income From Continuing Operation Net Minority Interest": -74787000.0,
        "Reconciled Depreciation": 3675000.0,
        "EBITDA": -72919000.0,
        "EBIT": -76594000.0,
        "Net Interest Income": 315000.0,
        "Interest Income": 315000.0,
        "Normalized Income": -74787000.0,
        "Net Income From Continuing And Discontinued Operation": -74787000.0,
        "Total Expenses": 76680000.0,
        "Total Operating Income As Reported": -76594000.0,
        "Diluted Average Shares": 143385045.0,
        "Basic Average Shares": 143385045.0,
        "Diluted EPS": -0.52,
        "Basic EPS": -0.52,
        "Diluted NI Availto Com Stockholders": -74787000.0,
        "Net Income Common Stockholders": -74787000.0,
        "Net Income": -74787000.0,
        "Net Income Including Noncontrolling Interests": -74787000.0,
        "Net Income Continuous Operations": -74787000.0,
        "Pretax Income": -74787000.0,
        "Other Income Expense": 1492000.0,
        "Other Non Operating Income Expenses": 1492000.0,
        "Net Non Operating Interest Income Expense": 315000.0,
        "Interest Income Non Operating": 315000.0,
        "Operating Income": -76594000.0,
        "Operating Expense": 76680000.0,
        "Research And Development": 57171000.0,
        "Selling General And Administration": 19509000.0,
        "General And Administrative Expense": 19509000.0,
        "Other Gand A": 19509000.0,
        "Total Revenue": 86000.0,
        "Operating Revenue": 86000.0
    },
    "2023-06-30": {
        "Tax Effect Of Unusual Items": NaN,
        "Tax Rate For Calcs": NaN,
        "Normalized EBITDA": NaN,
        "Total Unusual Items": 0.0,
        "Total Unusual Items Excluding Goodwill": 0.0,
        "Net Income From Continuing Operation Net Minority Interest": NaN,
        "Reconciled Depreciation": NaN,
        "EBITDA": NaN,
        "EBIT": NaN,
        "Net Interest Income": NaN,
        "Interest Expense": NaN,
        "Interest Income": NaN,
        "Normalized Income": NaN,
        "Net Income From Continuing And Discontinued Operation": NaN,
        "Total Expenses": NaN,
        "Total Operating Income As Reported": NaN,
        "Diluted Average Shares": NaN,
        "Basic Average Shares": NaN,
        "Diluted EPS": NaN,
        "Basic EPS": NaN,
        "Diluted NI Availto Com Stockholders": NaN,
        "Net Income Common Stockholders": NaN,
        "Net Income": NaN,
        "Net Income Including Noncontrolling Interests": NaN,
        "Net Income Continuous Operations": NaN,
        "Pretax Income": NaN,
        "Other Income Expense": NaN,
        "Other Non Operating Income Expenses": NaN,
        "Special Income Charges": 0.0,
        "Impairment Of Capital Assets": 0.0,
        "Net Non Operating Interest Income Expense": NaN,
        "Interest Expense Non Operating": NaN,
        "Interest Income Non Operating": NaN,
        "Operating Income": NaN,
        "Operating Expense": NaN,
        "Research And Development": NaN,
        "Selling General And Administration": NaN,
        "General And Administrative Expense": NaN,
        "Other Gand A": NaN,
        "Total Revenue": NaN,
        "Operating Revenue": NaN
    },
    "2022-03-31": {
        "Diluted EPS": -0.56,
        "Total Revenue": 0,
        "Gross Profit": 0,
        "Operating Income": -80,
        "EBIT": -75,
        "Net Income": -80
    },
    "2021-12-31": {
        "Diluted EPS": -0.54,
        "Total Revenue": 0,
        "Gross Profit": 0,
        "Operating Income": -74,
        "EBIT": -68,
        "Net Income": -75
    },
    "2021-09-30": {
        "Diluted EPS": -0.57,
        "Total Revenue": 0,
        "Gross Profit": 0,
        "Operating Income": -78,
        "EBIT": -74,
        "Net Income": -78
    },
    "2021-06-30": {
        "Diluted EPS": -0.53,
        "Total Revenue": 0,
        "Gross Profit": 0,
        "Operating Income": -71,
        "EBIT": -67,
        "Net Income": -71
    },
    "2021-03-31": {
        "Diluted EPS": -0.25,
        "Total Revenue": 38,
        "Gross Profit": 38,
        "Operating Income": -33,
        "EBIT": -29,
        "Net Income": -33
    },
    "2020-12-31": {
        "Diluted EPS": -0.53,
        "Total Revenue": NaN,
        "Gross Profit": NaN,
        "Operating Income": -69,
        "EBIT": -66,
        "Net Income": -69
    },
    "2020-09-30": {
        "Diluted EPS": -0.52,
        "Total Revenue": NaN,
        "Gross Profit": NaN,
        "Operating Income": -68,
        "EBIT": -65,
        "Net Income": -66
    },
    "2020-06-30": {
        "Diluted EPS": -0.53,
        "Total Revenue": NaN,
        "Gross Profit": NaN,
        "Operating Income": -63,
        "EBIT": -61,
        "Net Income": -61
    },
    "2020-03-31": {
        "Diluted EPS": -0.5,
        "Total Revenue": NaN,
        "Gross Profit": NaN,
        "Operating Income": -58,
        "EBIT": -56,
        "Net Income": -54
    },
    "2019-12-31": {
        "Diluted EPS": -0.6,
        "Total Revenue": NaN,
        "Gross Profit": NaN,
        "Operating Income": -65,
        "EBIT": -63,
        "Net Income": -61
    },
    "2019-09-30": {
        "Diluted EPS": -0.5,
        "Total Revenue": NaN,
        "Gross Profit": NaN,
        "Operating Income": -55,
        "EBIT": -55,
        "Net Income": -51
    },
    "2019-06-30": {
        "Diluted EPS": -0.41,
        "Total Revenue": NaN,
        "Gross Profit": NaN,
        "Operating Income": -46,
        "EBIT": -46,
        "Net Income": -41
    },
    "2019-03-31": {
        "Diluted EPS": -0.32,
        "Total Revenue": NaN,
        "Gross Profit": NaN,
        "Operating Income": -36,
        "EBIT": -37,
        "Net Income": -32
    },
    "2018-12-31": {
        "Diluted EPS": 47.32,
        "Total Revenue": NaN,
        "Gross Profit": NaN,
        "Operating Income": -33,
        "EBIT": -34,
        "Net Income": -31
    },
    "2018-09-30": {
        "Diluted EPS": -10.71,
        "Total Revenue": NaN,
        "Gross Profit": NaN,
        "Operating Income": -22,
        "EBIT": -22,
        "Net Income": -43
    },
    "2018-06-30": {
        "Diluted EPS": -43.82,
        "Total Revenue": NaN,
        "Gross Profit": NaN,
        "Operating Income": -135,
        "EBIT": -135,
        "Net Income": -135
    },
    "2018-03-31": {
        "Diluted EPS": -0.1,
        "Total Revenue": NaN,
        "Gross Profit": NaN,
        "Operating Income": -3,
        "EBIT": -3,
        "Net Income": -3
    },
    "2017-12-31": {
        "Diluted EPS": 0.0,
        "Total Revenue": NaN,
        "Gross Profit": NaN,
        "Operating Income": NaN,
        "EBIT": NaN,
        "Net Income": NaN
    },
    "2023-09-30": {
        "Tax Effect Of Unusual Items": NaN,
        "Tax Rate For Calcs": NaN,
        "Normalized EBITDA": NaN,
        "Total Unusual Items": 0.0,
        "Total Unusual Items Excluding Goodwill": 0.0,
        "Net Income From Continuing Operation Net Minority Interest": NaN,
        "Reconciled Depreciation": NaN,
        "EBITDA": NaN,
        "EBIT": NaN,
        "Net Interest Income": NaN,
        "Interest Expense": 0.0,
        "Interest Income": NaN,
        "Normalized Income": NaN,
        "Net Income From Continuing And Discontinued Operation": NaN,
        "Total Expenses": NaN,
        "Total Operating Income As Reported": NaN,
        "Diluted Average Shares": NaN,
        "Basic Average Shares": NaN,
        "Diluted EPS": NaN,
        "Basic EPS": NaN,
        "Diluted NI Availto Com Stockholders": NaN,
        "Net Income Common Stockholders": NaN,
        "Net Income": NaN,
        "Net Income Including Noncontrolling Interests": NaN,
        "Net Income Continuous Operations": NaN,
        "Pretax Income": NaN,
        "Other Income Expense": NaN,
        "Other Non Operating Income Expenses": NaN,
        "Special Income Charges": 0.0,
        "Impairment Of Capital Assets": 0.0,
        "Net Non Operating Interest Income Expense": NaN,
        "Interest Expense Non Operating": 0.0,
        "Interest Income Non Operating": NaN,
        "Operating Income": NaN,
        "Operating Expense": NaN,
        "Research And Development": NaN,
        "Selling General And Administration": NaN,
        "General And Administrative Expense": NaN,
        "Other Gand A": NaN,
        "Total Revenue": NaN,
        "Operating Revenue": NaN
    },
    "2023-12-31": {
        "Tax Effect Of Unusual Items": 0.0,
        "Tax Rate For Calcs": 0.0,
        "Normalized EBITDA": -68452000.0,
        "Total Unusual Items": NaN,
        "Total Unusual Items Excluding Goodwill": NaN,
        "Net Income From Continuing Operation Net Minority Interest": -89257000.0,
        "Reconciled Depreciation": 3477000.0,
        "EBITDA": -68452000.0,
        "EBIT": -71929000.0,
        "Net Interest Income": 6265000.0,
        "Interest Expense": NaN,
        "Interest Income": 6265000.0,
        "Normalized Income": -89257000.0,
        "Net Income From Continuing And Discontinued Operation": -89257000.0,
        "Total Expenses": 71885000.0,
        "Total Operating Income As Reported": -85174000.0,
        "Diluted Average Shares": NaN,
        "Basic Average Shares": NaN,
        "Diluted EPS": NaN,
        "Basic EPS": NaN,
        "Diluted NI Availto Com Stockholders": -89257000.0,
        "Net Income Common Stockholders": -89257000.0,
        "Net Income": -89257000.0,
        "Net Income Including Noncontrolling Interests": -89257000.0,
        "Net Income Continuous Operations": -89257000.0,
        "Pretax Income": -89257000.0,
        "Other Income Expense": -23593000.0,
        "Other Non Operating Income Expenses": -10348000.0,
        "Special Income Charges": NaN,
        "Impairment Of Capital Assets": NaN,
        "Net Non Operating Interest Income Expense": 6265000.0,
        "Interest Expense Non Operating": NaN,
        "Interest Income Non Operating": 6265000.0,
        "Operating Income": -71929000.0,
        "Operating Expense": 71885000.0,
        "Research And Development": 54661000.0,
        "Selling General And Administration": 17224000.0,
        "General And Administrative Expense": 17224000.0,
        "Other Gand A": 17224000.0,
        "Total Revenue": -44000.0,
        "Operating Revenue": -44000.0
    },
    "2024-03-31": {
        "Tax Effect Of Unusual Items": 0.0,
        "Tax Rate For Calcs": 0.0,
        "Normalized EBITDA": -61445000.0,
        "Total Unusual Items": NaN,
        "Total Unusual Items Excluding Goodwill": NaN,
        "Net Income From Continuing Operation Net Minority Interest": -65000000.0,
        "Reconciled Depreciation": 3555000.0,
        "EBITDA": -61445000.0,
        "EBIT": -65000000.0,
        "Net Interest Income": 5433000.0,
        "Interest Expense": 0.0,
        "Interest Income": 5433000.0,
        "Normalized Income": -65000000.0,
        "Net Income From Continuing And Discontinued Operation": -65000000.0,
        "Total Expenses": 69526000.0,
        "Total Operating Income As Reported": -69504000.0,
        "Diluted Average Shares": 169128362.0,
        "Basic Average Shares": 169128362.0,
        "Diluted EPS": -0.38,
        "Basic EPS": -0.38,
        "Diluted NI Availto Com Stockholders": -65000000.0,
        "Net Income Common Stockholders": -65000000.0,
        "Net Income": -65000000.0,
        "Net Income Including Noncontrolling Interests": -65000000.0,
        "Net Income Continuous Operations": -65000000.0,
        "Pretax Income": -65000000.0,
        "Other Income Expense": -929000.0,
        "Other Non Operating Income Expenses": -929000.0,
        "Special Income Charges": NaN,
        "Impairment Of Capital Assets": NaN,
        "Net Non Operating Interest Income Expense": 5433000.0,
        "Interest Expense Non Operating": 0.0,
        "Interest Income Non Operating": 5433000.0,
        "Operating Income": -69504000.0,
        "Operating Expense": 69526000.0,
        "Research And Development": 52259000.0,
        "Selling General And Administration": 17267000.0,
        "General And Administrative Expense": 17267000.0,
        "Other Gand A": 17267000.0,
        "Total Revenue": 22000.0,
        "Operating Revenue": 22000.0
    },
    "2024-06-30": {
        "Tax Effect Of Unusual Items": NaN,
        "Tax Rate For Calcs": NaN,
        "Normalized EBITDA": NaN,
        "Total Unusual Items": -4989000.0,
        "Total Unusual Items Excluding Goodwill": -4989000.0,
        "Net Income From Continuing Operation Net Minority Interest": NaN,
        "Reconciled Depreciation": NaN,
        "EBITDA": NaN,
        "EBIT": NaN,
        "Net Interest Income": NaN,
        "Interest Expense": NaN,
        "Interest Income": NaN,
        "Normalized Income": NaN,
        "Net Income From Continuing And Discontinued Operation": NaN,
        "Total Expenses": NaN,
        "Total Operating Income As Reported": NaN,
        "Diluted Average Shares": NaN,
        "Basic Average Shares": NaN,
        "Diluted EPS": NaN,
        "Basic EPS": NaN,
        "Diluted NI Availto Com Stockholders": NaN,
        "Net Income Common Stockholders": NaN,
        "Net Income": NaN,
        "Net Income Including Noncontrolling Interests": NaN,
        "Net Income Continuous Operations": NaN,
        "Pretax Income": NaN,
        "Other Income Expense": NaN,
        "Other Non Operating Income Expenses": NaN,
        "Special Income Charges": -4989000.0,
        "Impairment Of Capital Assets": 4989000.0,
        "Net Non Operating Interest Income Expense": NaN,
        "Interest Expense Non Operating": NaN,
        "Interest Income Non Operating": NaN,
        "Operating Income": NaN,
        "Operating Expense": NaN,
        "Research And Development": NaN,
        "Selling General And Administration": NaN,
        "General And Administrative Expense": NaN,
        "Other Gand A": NaN,
        "Total Revenue": NaN,
        "Operating Revenue": NaN
    },
    "2024-09-30": {
        "Tax Effect Of Unusual Items": 0.0,
        "Tax Rate For Calcs": 0.0,
        "Normalized EBITDA": -52258000.0,
        "Total Unusual Items": -10728000.0,
        "Total Unusual Items Excluding Goodwill": -10728000.0,
        "Net Income From Continuing Operation Net Minority Interest": -66293000.0,
        "Reconciled Depreciation": 3207000.0,
        "EBITDA": -62986000.0,
        "EBIT": -66193000.0,
        "Net Interest Income": 6605000.0,
        "Interest Expense": 100000.0,
        "Interest Income": 6705000.0,
        "Normalized Income": -55565000.0,
        "Net Income From Continuing And Discontinued Operation": -66293000.0,
        "Total Expenses": 61046000.0,
        "Total Operating Income As Reported": -71774000.0,
        "Diluted Average Shares": 209188551.0,
        "Basic Average Shares": 209188551.0,
        "Diluted EPS": -0.32,
        "Basic EPS": -0.32,
        "Diluted NI Availto Com Stockholders": -66293000.0,
        "Net Income Common Stockholders": -66293000.0,
        "Net Income": -66293000.0,
        "Net Income Including Noncontrolling Interests": -66293000.0,
        "Net Income Continuous Operations": -66293000.0,
        "Pretax Income": -66293000.0,
        "Other Income Expense": -11852000.0,
        "Other Non Operating Income Expenses": -1124000.0,
        "Special Income Charges": -10728000.0,
        "Impairment Of Capital Assets": 10728000.0,
        "Net Non Operating Interest Income Expense": 6605000.0,
        "Interest Expense Non Operating": 100000.0,
        "Interest Income Non Operating": 6705000.0,
        "Operating Income": -61046000.0,
        "Operating Expense": 61046000.0,
        "Research And Development": 44713000.0,
        "Selling General And Administration": 16333000.0,
        "General And Administrative Expense": 16333000.0,
        "Other Gand A": 16333000.0,
        "Total Revenue": 0.0,
        "Operating Revenue": 0.0
    },
    "2024-12-31": {
        "Tax Effect Of Unusual Items": 0.0,
        "Tax Rate For Calcs": 0.0,
        "Normalized EBITDA": -56182000.0,
        "Total Unusual Items": 0.0,
        "Total Unusual Items Excluding Goodwill": 0.0,
        "Net Income From Continuing Operation Net Minority Interest": -59939000.0,
        "Reconciled Depreciation": 3233000.0,
        "EBITDA": -56182000.0,
        "EBIT": -59415000.0,
        "Net Interest Income": 2946000.0,
        "Interest Expense": 81000.0,
        "Interest Income": 3027000.0,
        "Normalized Income": -59939000.0,
        "Net Income From Continuing And Discontinued Operation": -59939000.0,
        "Total Expenses": 60490000.0,
        "Total Operating Income As Reported": -60490000.0,
        "Diluted Average Shares": 210572295.0,
        "Basic Average Shares": 210572295.0,
        "Diluted EPS": -0.28,
        "Basic EPS": -0.28,
        "Diluted NI Availto Com Stockholders": -59939000.0,
        "Net Income Common Stockholders": -59939000.0,
        "Net Income": -59939000.0,
        "Net Income Including Noncontrolling Interests": -59939000.0,
        "Net Income Continuous Operations": -59939000.0,
        "Pretax Income": -59496000.0,
        "Other Income Expense": -1952000.0,
        "Other Non Operating Income Expenses": -1952000.0,
        "Special Income Charges": 0.0,
        "Impairment Of Capital Assets": 0.0,
        "Net Non Operating Interest Income Expense": 2946000.0,
        "Interest Expense Non Operating": 81000.0,
        "Interest Income Non Operating": 3027000.0,
        "Operating Income": -60490000.0,
        "Operating Expense": 60490000.0,
        "Research And Development": 44972000.0,
        "Selling General And Administration": 15518000.0,
        "General And Administrative Expense": 15518000.0,
        "Other Gand A": 15518000.0,
        "Total Revenue": 0.0,
        "Operating Revenue": 0.0
    },
    "2025-03-31": {
        "Tax Effect Of Unusual Items": 0.0,
        "Tax Rate For Calcs": 0.0,
        "Normalized EBITDA": -56484000.0,
        "Total Unusual Items": NaN,
        "Total Unusual Items Excluding Goodwill": NaN,
        "Net Income From Continuing Operation Net Minority Interest": -59733000.0,
        "Reconciled Depreciation": 3099000.0,
        "EBITDA": -56484000.0,
        "EBIT": -59583000.0,
        "Net Interest Income": 5366000.0,
        "Interest Expense": 150000.0,
        "Interest Income": 5516000.0,
        "Normalized Income": -59733000.0,
        "Net Income From Continuing And Discontinued Operation": -59733000.0,
        "Total Expenses": 65191000.0,
        "Total Operating Income As Reported": -65191000.0,
        "Diluted Average Shares": 215358619.0,
        "Basic Average Shares": 215358619.0,
        "Diluted EPS": -0.28,
        "Basic EPS": -0.28,
        "Diluted NI Availto Com Stockholders": -59733000.0,
        "Net Income Common Stockholders": -59733000.0,
        "Net Income": -59733000.0,
        "Net Income Including Noncontrolling Interests": -59733000.0,
        "Net Income Continuous Operations": -59733000.0,
        "Pretax Income": -59733000.0,
        "Other Income Expense": 92000.0,
        "Other Non Operating Income Expenses": 92000.0,
        "Special Income Charges": NaN,
        "Impairment Of Capital Assets": NaN,
        "Net Non Operating Interest Income Expense": 5366000.0,
        "Interest Expense Non Operating": 150000.0,
        "Interest Income Non Operating": 5516000.0,
        "Operating Income": -65191000.0,
        "Operating Expense": 65191000.0,
        "Research And Development": 50200000.0,
        "Selling General And Administration": 14991000.0,
        "General And Administrative Expense": 14991000.0,
        "Other Gand A": 14991000.0,
        "Total Revenue": 0.0,
        "Operating Revenue": 0.0
    },
    "2025-06-30": {
        "Tax Effect Of Unusual Items": 0.0,
        "Tax Rate For Calcs": 0.0,
        "Normalized EBITDA": -45187000.0,
        "Total Unusual Items": -2382000.0,
        "Total Unusual Items Excluding Goodwill": -2382000.0,
        "Net Income From Continuing Operation Net Minority Interest": -50943000.0,
        "Reconciled Depreciation": 3106000.0,
        "EBITDA": -47569000.0,
        "EBIT": -50675000.0,
        "Net Interest Income": 5919000.0,
        "Interest Expense": 268000.0,
        "Interest Income": 6187000.0,
        "Normalized Income": -48561000.0,
        "Net Income From Continuing And Discontinued Operation": -50943000.0,
        "Total Expenses": 54437000.0,
        "Total Operating Income As Reported": -56819000.0,
        "Diluted Average Shares": 218929548.0,
        "Basic Average Shares": 218929548.0,
        "Diluted EPS": -0.23,
        "Basic EPS": -0.23,
        "Diluted NI Availto Com Stockholders": -50943000.0,
        "Net Income Common Stockholders": -50943000.0,
        "Net Income": -50943000.0,
        "Net Income Including Noncontrolling Interests": -50943000.0,
        "Net Income Continuous Operations": -50943000.0,
        "Pretax Income": -50943000.0,
        "Other Income Expense": -2425000.0,
        "Other Non Operating Income Expenses": -43000.0,
        "Special Income Charges": -2382000.0,
        "Impairment Of Capital Assets": 2382000.0,
        "Net Non Operating Interest Income Expense": 5919000.0,
        "Interest Expense Non Operating": 268000.0,
        "Interest Income Non Operating": 6187000.0,
        "Operating Income": -54437000.0,
        "Operating Expense": 54437000.0,
        "Research And Development": 40156000.0,
        "Selling General And Administration": 14281000.0,
        "General And Administrative Expense": 14281000.0,
        "Other Gand A": 14281000.0,
        "Total Revenue": 0.0,
        "Operating Revenue": 0.0
    },
    "2025-09-30": {
        "Tax Effect Of Unusual Items": 0.0,
        "Tax Rate For Calcs": 0.0,
        "Normalized EBITDA": -37959000.0,
        "Total Unusual Items": 0.0,
        "Total Unusual Items Excluding Goodwill": 0.0,
        "Net Income From Continuing Operation Net Minority Interest": -41400000.0,
        "Reconciled Depreciation": 3097000.0,
        "EBITDA": -37959000.0,
        "EBIT": -41056000.0,
        "Net Interest Income": 3582000.0,
        "Interest Expense": 344000.0,
        "Interest Income": 3926000.0,
        "Normalized Income": -41400000.0,
        "Net Income From Continuing And Discontinued Operation": -41400000.0,
        "Total Expenses": 44901000.0,
        "Total Operating Income As Reported": -44901000.0,
        "Diluted Average Shares": 222038680.0,
        "Basic Average Shares": 222038680.0,
        "Diluted EPS": -0.19,
        "Basic EPS": -0.19,
        "Diluted NI Availto Com Stockholders": -41400000.0,
        "Net Income Common Stockholders": -41400000.0,
        "Net Income": -41400000.0,
        "Net Income Including Noncontrolling Interests": -41400000.0,
        "Net Income Continuous Operations": -41400000.0,
        "Pretax Income": -41400000.0,
        "Other Income Expense": -81000.0,
        "Other Non Operating Income Expenses": -81000.0,
        "Special Income Charges": 0.0,
        "Impairment Of Capital Assets": 0.0,
        "Net Non Operating Interest Income Expense": 3582000.0,
        "Interest Expense Non Operating": 344000.0,
        "Interest Income Non Operating": 3926000.0,
        "Operating Income": -44901000.0,
        "Operating Expense": 44901000.0,
        "Research And Development": 31164000.0,
        "Selling General And Administration": 13737000.0,
        "General And Administrative Expense": 13737000.0,
        "Other Gand A": 13737000.0,
        "Total Revenue": 0.0,
        "Operating Revenue": 0.0
    }
}