{
    "2023-06-30": {
        "Tax Effect Of Unusual Items": NaN,
        "Tax Rate For Calcs": NaN,
        "Net Income From Continuing Operation Net Minority Interest": NaN,
        "Reconciled Depreciation": NaN,
        "Net Interest Income": NaN,
        "Interest Expense": NaN,
        "Interest Income": NaN,
        "Normalized Income": NaN,
        "Net Income From Continuing And Discontinued Operation": NaN,
        "Rent Expense Supplemental": 53000000.0,
        "Diluted Average Shares": NaN,
        "Basic Average Shares": NaN,
        "Diluted EPS": NaN,
        "Basic EPS": NaN,
        "Diluted NI Availto Com Stockholders": NaN,
        "Net Income Common Stockholders": NaN,
        "Preferred Stock Dividends": NaN,
        "Net Income": NaN,
        "Net Income Including Noncontrolling Interests": NaN,
        "Net Income Discontinuous Operations": NaN,
        "Net Income Continuous Operations": NaN,
        "Tax Provision": NaN,
        "Pretax Income": NaN,
        "Gain On Sale Of Security": NaN,
        "Depreciation Amortization Depletion Income Statement": NaN,
        "Depreciation And Amortization In Income Statement": NaN,
        "Amortization": NaN,
        "Amortization Of Intangibles Income Statement": NaN,
        "Depreciation Income Statement": NaN,
        "Selling General And Administration": NaN,
        "Selling And Marketing Expense": NaN,
        "General And Administrative Expense": NaN,
        "Insurance And Claims": NaN,
        "Rent And Landing Fees": 53000000.0,
        "Salaries And Wages": NaN,
        "Total Revenue": NaN,
        "Operating Revenue": NaN,
        "Professional Expense And Contract Services Expense": NaN,
        "Other Non Interest Expense": NaN
    },
    "2023-03-31": {
        "Tax Effect Of Unusual Items": 0.0,
        "Tax Rate For Calcs": 0.175258,
        "Total Unusual Items": NaN,
        "Total Unusual Items Excluding Goodwill": NaN,
        "Net Income From Continuing Operation Net Minority Interest": 320000000.0,
        "Reconciled Depreciation": 317000000.0,
        "Net Interest Income": 1828000000.0,
        "Interest Expense": 1458000000.0,
        "Interest Income": 3286000000.0,
        "Normalized Income": 320000000.0,
        "Net Income From Continuing And Discontinued Operation": 319000000.0,
        "Rent Expense Supplemental": 48000000.0,
        "Diluted Average Shares": 303448000.0,
        "Basic Average Shares": 302657000.0,
        "Diluted EPS": 0.96,
        "Basic EPS": 0.96,
        "Diluted NI Availto Com Stockholders": 291000000.0,
        "Net Income Common Stockholders": 291000000.0,
        "Preferred Stock Dividends": 28000000.0,
        "Net Income": 319000000.0,
        "Net Income Including Noncontrolling Interests": 319000000.0,
        "Net Income Discontinuous Operations": -1000000.0,
        "Net Income Continuous Operations": 320000000.0,
        "Tax Provision": 68000000.0,
        "Pretax Income": 388000000.0,
        "Special Income Charges": NaN,
        "Gain On Sale Of Security": 63000000.0,
        "Depreciation Amortization Depletion Income Statement": 280000000.0,
        "Depreciation And Amortization In Income Statement": 280000000.0,
        "Amortization": 7000000.0,
        "Amortization Of Intangibles Income Statement": 7000000.0,
        "Depreciation Income Statement": 273000000.0,
        "Selling General And Administration": 935000000.0,
        "Selling And Marketing Expense": 105000000.0,
        "General And Administrative Expense": 830000000.0,
        "Insurance And Claims": 245000000.0,
        "Rent And Landing Fees": 48000000.0,
        "Salaries And Wages": 537000000.0,
        "Total Revenue": 2344000000.0,
        "Operating Revenue": 2344000000.0,
        "Professional Expense And Contract Services Expense": 32000000.0,
        "Other Non Interest Expense": 245000000.0
    },
    "2022-12-31": {
        "Tax Effect Of Unusual Items": NaN,
        "Tax Rate For Calcs": NaN,
        "Total Unusual Items": 0.0,
        "Total Unusual Items Excluding Goodwill": 0.0,
        "Net Income From Continuing Operation Net Minority Interest": NaN,
        "Reconciled Depreciation": NaN,
        "Net Interest Income": NaN,
        "Interest Expense": NaN,
        "Interest Income": NaN,
        "Normalized Income": NaN,
        "Net Income From Continuing And Discontinued Operation": NaN,
        "Rent Expense Supplemental": NaN,
        "Diluted Average Shares": NaN,
        "Basic Average Shares": NaN,
        "Diluted EPS": NaN,
        "Basic EPS": NaN,
        "Diluted NI Availto Com Stockholders": NaN,
        "Net Income Common Stockholders": NaN,
        "Preferred Stock Dividends": NaN,
        "Net Income": NaN,
        "Net Income Including Noncontrolling Interests": NaN,
        "Net Income Discontinuous Operations": NaN,
        "Net Income Continuous Operations": NaN,
        "Tax Provision": NaN,
        "Pretax Income": NaN,
        "Special Income Charges": 0.0,
        "Gain On Sale Of Security": NaN,
        "Depreciation Amortization Depletion Income Statement": NaN,
        "Depreciation And Amortization In Income Statement": NaN,
        "Amortization": NaN,
        "Amortization Of Intangibles Income Statement": NaN,
        "Depreciation Income Statement": NaN,
        "Selling General And Administration": NaN,
        "Selling And Marketing Expense": NaN,
        "General And Administrative Expense": NaN,
        "Insurance And Claims": NaN,
        "Rent And Landing Fees": NaN,
        "Salaries And Wages": NaN,
        "Total Revenue": NaN,
        "Operating Revenue": NaN,
        "Professional Expense And Contract Services Expense": NaN,
        "Other Non Interest Expense": NaN
    },
    "2022-09-30": {
        "Tax Effect Of Unusual Items": NaN,
        "Tax Rate For Calcs": NaN,
        "Total Unusual Items": 0.0,
        "Total Unusual Items Excluding Goodwill": 0.0,
        "Net Income From Continuing Operation Net Minority Interest": NaN,
        "Reconciled Depreciation": NaN,
        "Net Interest Income": NaN,
        "Interest Expense": NaN,
        "Interest Income": NaN,
        "Normalized Income": NaN,
        "Net Income From Continuing And Discontinued Operation": NaN,
        "Rent Expense Supplemental": NaN,
        "Diluted Average Shares": NaN,
        "Basic Average Shares": NaN,
        "Diluted EPS": NaN,
        "Basic EPS": NaN,
        "Diluted NI Availto Com Stockholders": NaN,
        "Net Income Common Stockholders": NaN,
        "Preferred Stock Dividends": NaN,
        "Net Income": NaN,
        "Net Income Including Noncontrolling Interests": NaN,
        "Net Income Discontinuous Operations": NaN,
        "Net Income Continuous Operations": NaN,
        "Tax Provision": NaN,
        "Pretax Income": NaN,
        "Special Income Charges": 0.0,
        "Gain On Sale Of Security": NaN,
        "Depreciation Amortization Depletion Income Statement": NaN,
        "Depreciation And Amortization In Income Statement": NaN,
        "Amortization": NaN,
        "Amortization Of Intangibles Income Statement": NaN,
        "Depreciation Income Statement": NaN,
        "Selling General And Administration": NaN,
        "Selling And Marketing Expense": NaN,
        "General And Administrative Expense": NaN,
        "Insurance And Claims": NaN,
        "Rent And Landing Fees": NaN,
        "Salaries And Wages": NaN,
        "Total Revenue": NaN,
        "Operating Revenue": NaN
    },
    "2022-06-30": {
        "Tax Effect Of Unusual Items": 0.0,
        "Tax Rate For Calcs": 0.24,
        "Total Unusual Items": 0.0,
        "Total Unusual Items Excluding Goodwill": 0.0,
        "Net Income From Continuing Operation Net Minority Interest": 482000000.0,
        "Reconciled Depreciation": 219000000.0,
        "Net Interest Income": 1983000000.0,
        "Interest Expense": 467000000.0,
        "Interest Income": 2450000000.0,
        "Normalized Income": 482000000.0,
        "Net Income From Continuing And Discontinued Operation": 482000000.0,
        "Diluted Average Shares": 324027000.0,
        "Basic Average Shares": 322057000.0,
        "Diluted EPS": 1.4,
        "Basic EPS": 1.41,
        "Diluted NI Availto Com Stockholders": 454000000.0,
        "Net Income Common Stockholders": 454000000.0,
        "Preferred Stock Dividends": 28000000.0,
        "Net Income": 482000000.0,
        "Net Income Including Noncontrolling Interests": 482000000.0,
        "Net Income Discontinuous Operations": 0.0,
        "Net Income Continuous Operations": 482000000.0,
        "Tax Provision": 152000000.0,
        "Pretax Income": 634000000.0,
        "Special Income Charges": 0.0,
        "Gain On Sale Of Security": -124000000.0,
        "Depreciation Amortization Depletion Income Statement": 219000000.0,
        "Depreciation And Amortization In Income Statement": 219000000.0,
        "Amortization": 8000000.0,
        "Amortization Of Intangibles Income Statement": 8000000.0,
        "Depreciation Income Statement": 219000000.0,
        "Selling General And Administration": 526000000.0,
        "Selling And Marketing Expense": 99000000.0,
        "General And Administrative Expense": 526000000.0,
        "Insurance And Claims": 89000000.0,
        "Salaries And Wages": 437000000.0,
        "Total Revenue": 2295000000.0,
        "Operating Revenue": 2295000000.0
    },
    "2022-03-31": {
        "Diluted EPS": 1.86,
        "Total Revenue": NaN,
        "Gross Profit": NaN,
        "Operating Income": 846,
        "EBIT": NaN,
        "Net Income": 627
    },
    "2021-12-31": {
        "Diluted EPS": 1.81,
        "Total Revenue": NaN,
        "Gross Profit": NaN,
        "Operating Income": 899,
        "EBIT": NaN,
        "Net Income": 681
    },
    "2021-09-30": {
        "Diluted EPS": 1.89,
        "Total Revenue": NaN,
        "Gross Profit": NaN,
        "Operating Income": 907,
        "EBIT": NaN,
        "Net Income": 683
    },
    "2021-06-30": {
        "Diluted EPS": 2.41,
        "Total Revenue": NaN,
        "Gross Profit": NaN,
        "Operating Income": NaN,
        "EBIT": NaN,
        "Net Income": 900
    },
    "2021-03-31": {
        "Diluted EPS": 2.11,
        "Total Revenue": NaN,
        "Gross Profit": NaN,
        "Operating Income": NaN,
        "EBIT": NaN,
        "Net Income": 796
    },
    "2020-12-31": {
        "Diluted EPS": 1.83,
        "Total Revenue": NaN,
        "Gross Profit": NaN,
        "Operating Income": 856,
        "EBIT": NaN,
        "Net Income": 687
    },
    "2020-09-30": {
        "Diluted EPS": 1.26,
        "Total Revenue": NaN,
        "Gross Profit": NaN,
        "Operating Income": 632,
        "EBIT": NaN,
        "Net Income": 476
    },
    "2020-06-30": {
        "Diluted EPS": 0.64,
        "Total Revenue": NaN,
        "Gross Profit": NaN,
        "Operating Income": 337,
        "EBIT": NaN,
        "Net Income": 241
    },
    "2020-03-31": {
        "Diluted EPS": -0.85,
        "Total Revenue": NaN,
        "Gross Profit": NaN,
        "Operating Income": -411,
        "EBIT": NaN,
        "Net Income": -319
    },
    "2019-12-31": {
        "Diluted EPS": 0.99,
        "Total Revenue": NaN,
        "Gross Profit": NaN,
        "Operating Income": 487,
        "EBIT": NaN,
        "Net Income": 378
    },
    "2019-09-30": {
        "Diluted EPS": 0.97,
        "Total Revenue": NaN,
        "Gross Profit": NaN,
        "Operating Income": 500,
        "EBIT": NaN,
        "Net Income": 381
    },
    "2019-06-30": {
        "Diluted EPS": 1.46,
        "Total Revenue": NaN,
        "Gross Profit": NaN,
        "Operating Income": 494,
        "EBIT": NaN,
        "Net Income": 582
    },
    "2019-03-31": {
        "Diluted EPS": 0.92,
        "Total Revenue": NaN,
        "Gross Profit": NaN,
        "Operating Income": 486,
        "EBIT": NaN,
        "Net Income": 374
    },
    "2018-12-31": {
        "Diluted EPS": 0.69,
        "Total Revenue": NaN,
        "Gross Profit": NaN,
        "Operating Income": 368,
        "EBIT": NaN,
        "Net Income": 290
    },
    "2018-09-30": {
        "Diluted EPS": 0.88,
        "Total Revenue": NaN,
        "Gross Profit": NaN,
        "Operating Income": 465,
        "EBIT": NaN,
        "Net Income": 374
    },
    "2018-06-30": {
        "Diluted EPS": 0.81,
        "Total Revenue": NaN,
        "Gross Profit": NaN,
        "Operating Income": 461,
        "EBIT": NaN,
        "Net Income": 349
    },
    "2018-03-31": {
        "Diluted EPS": 0.57,
        "Total Revenue": NaN,
        "Gross Profit": NaN,
        "Operating Income": 328,
        "EBIT": NaN,
        "Net Income": 250
    },
    "2017-12-31": {
        "Diluted EPS": 0.4,
        "Total Revenue": NaN,
        "Gross Profit": NaN,
        "Operating Income": 410,
        "EBIT": NaN,
        "Net Income": 181
    },
    "2017-09-30": {
        "Diluted EPS": 0.63,
        "Total Revenue": NaN,
        "Gross Profit": NaN,
        "Operating Income": 395,
        "EBIT": NaN,
        "Net Income": 282
    },
    "2017-06-30": {
        "Diluted EPS": 0.55,
        "Total Revenue": NaN,
        "Gross Profit": NaN,
        "Operating Income": 376,
        "EBIT": NaN,
        "Net Income": 252
    },
    "2017-03-31": {
        "Diluted EPS": 0.46,
        "Total Revenue": NaN,
        "Gross Profit": NaN,
        "Operating Income": 326,
        "EBIT": NaN,
        "Net Income": 214
    },
    "2016-12-31": {
        "Diluted EPS": 0.52,
        "Total Revenue": NaN,
        "Gross Profit": NaN,
        "Operating Income": 380,
        "EBIT": NaN,
        "Net Income": 248
    },
    "2016-09-30": {
        "Diluted EPS": 0.43,
        "Total Revenue": NaN,
        "Gross Profit": NaN,
        "Operating Income": 391,
        "EBIT": NaN,
        "Net Income": 209
    },
    "2016-06-30": {
        "Diluted EPS": 0.71,
        "Total Revenue": NaN,
        "Gross Profit": NaN,
        "Operating Income": 413,
        "EBIT": NaN,
        "Net Income": 345
    },
    "2016-03-31": {
        "Diluted EPS": 0.49,
        "Total Revenue": NaN,
        "Gross Profit": NaN,
        "Operating Income": 397,
        "EBIT": NaN,
        "Net Income": 235
    },
    "2015-12-31": {
        "Diluted EPS": -1.98,
        "Total Revenue": NaN,
        "Gross Profit": NaN,
        "Operating Income": 431,
        "EBIT": NaN,
        "Net Income": -952
    },
    "2015-09-30": {
        "Diluted EPS": 0.48,
        "Total Revenue": NaN,
        "Gross Profit": NaN,
        "Operating Income": 417,
        "EBIT": NaN,
        "Net Income": 230
    },
    "2015-06-30": {
        "Diluted EPS": -2.22,
        "Total Revenue": NaN,
        "Gross Profit": NaN,
        "Operating Income": 263,
        "EBIT": NaN,
        "Net Income": NaN
    },
    "2015-03-31": {
        "Diluted EPS": 1.06,
        "Total Revenue": NaN,
        "Gross Profit": NaN,
        "Operating Income": 282,
        "EBIT": NaN,
        "Net Income": 509
    },
    "2014-12-31": {
        "Diluted EPS": 0.22,
        "Total Revenue": NaN,
        "Gross Profit": NaN,
        "Operating Income": 187,
        "EBIT": NaN,
        "Net Income": 109
    },
    "2014-09-30": {
        "Diluted EPS": 0.74,
        "Total Revenue": NaN,
        "Gross Profit": NaN,
        "Operating Income": 420,
        "EBIT": NaN,
        "Net Income": 356
    },
    "2014-06-30": {
        "Diluted EPS": 0.54,
        "Total Revenue": NaN,
        "Gross Profit": NaN,
        "Operating Income": 347,
        "EBIT": NaN,
        "Net Income": 258
    },
    "2014-03-31": {
        "Diluted EPS": 0.33,
        "Total Revenue": NaN,
        "Gross Profit": NaN,
        "Operating Income": 292,
        "EBIT": NaN,
        "Net Income": 159
    },
    "2013-12-31": {
        "Diluted EPS": -0.8,
        "Total Revenue": NaN,
        "Gross Profit": NaN,
        "Operating Income": 75,
        "EBIT": NaN,
        "Net Income": -345
    },
    "2013-09-30": {
        "Diluted EPS": -0.27,
        "Total Revenue": NaN,
        "Gross Profit": NaN,
        "Operating Income": 205,
        "EBIT": NaN,
        "Net Income": -110
    },
    "2013-06-30": {
        "Diluted EPS": -2.73,
        "Total Revenue": NaN,
        "Gross Profit": NaN,
        "Operating Income": 140,
        "EBIT": NaN,
        "Net Income": NaN
    },
    "2013-03-31": {
        "Diluted EPS": 2.16,
        "Total Revenue": NaN,
        "Gross Profit": NaN,
        "Operating Income": -63,
        "EBIT": NaN,
        "Net Income": 893
    },
    "2012-12-31": {
        "Diluted EPS": 0.0,
        "Total Revenue": NaN,
        "Gross Profit": NaN,
        "Operating Income": NaN,
        "EBIT": NaN,
        "Net Income": NaN
    },
    "2012-09-30": {
        "Diluted EPS": 138.0,
        "Total Revenue": NaN,
        "Gross Profit": NaN,
        "Operating Income": 297,
        "EBIT": NaN,
        "Net Income": 183
    },
    "2012-06-30": {
        "Diluted EPS": -825.0,
        "Total Revenue": NaN,
        "Gross Profit": NaN,
        "Operating Income": 167,
        "EBIT": NaN,
        "Net Income": NaN
    },
    "2011-12-31": {
        "Diluted EPS": 0.0,
        "Total Revenue": NaN,
        "Gross Profit": NaN,
        "Operating Income": NaN,
        "EBIT": NaN,
        "Net Income": NaN
    },
    "2010-12-31": {
        "Diluted EPS": 0.0,
        "Total Revenue": NaN,
        "Gross Profit": NaN,
        "Operating Income": NaN,
        "EBIT": NaN,
        "Net Income": NaN
    },
    "2009-12-31": {
        "Diluted EPS": 0.0,
        "Total Revenue": NaN,
        "Gross Profit": NaN,
        "Operating Income": NaN,
        "EBIT": NaN,
        "Net Income": NaN
    },
    "2023-09-30": {
        "Tax Effect Of Unusual Items": NaN,
        "Tax Rate For Calcs": NaN,
        "Total Unusual Items": NaN,
        "Total Unusual Items Excluding Goodwill": NaN,
        "Net Income From Continuing Operation Net Minority Interest": NaN,
        "Reconciled Depreciation": NaN,
        "Net Interest Income": NaN,
        "Interest Expense": NaN,
        "Interest Income": NaN,
        "Normalized Income": NaN,
        "Net Income From Continuing And Discontinued Operation": NaN,
        "Rent Expense Supplemental": 57000000.0,
        "Diluted Average Shares": NaN,
        "Basic Average Shares": NaN,
        "Diluted EPS": NaN,
        "Basic EPS": NaN,
        "Diluted NI Availto Com Stockholders": NaN,
        "Net Income Common Stockholders": NaN,
        "Preferred Stock Dividends": NaN,
        "Net Income": NaN,
        "Net Income Including Noncontrolling Interests": NaN,
        "Net Income Discontinuous Operations": NaN,
        "Net Income Continuous Operations": NaN,
        "Tax Provision": NaN,
        "Pretax Income": NaN,
        "Special Income Charges": NaN,
        "Impairment Of Capital Assets": NaN,
        "Gain On Sale Of Security": NaN,
        "Depreciation Amortization Depletion Income Statement": NaN,
        "Depreciation And Amortization In Income Statement": NaN,
        "Amortization": NaN,
        "Amortization Of Intangibles Income Statement": NaN,
        "Depreciation Income Statement": NaN,
        "Selling General And Administration": NaN,
        "Selling And Marketing Expense": NaN,
        "General And Administrative Expense": NaN,
        "Insurance And Claims": NaN,
        "Rent And Landing Fees": 57000000.0,
        "Salaries And Wages": NaN,
        "Total Revenue": NaN,
        "Operating Revenue": NaN,
        "Professional Expense And Contract Services Expense": NaN,
        "Other Non Interest Expense": NaN
    },
    "2023-12-31": {
        "Tax Effect Of Unusual Items": NaN,
        "Tax Rate For Calcs": NaN,
        "Total Unusual Items": NaN,
        "Total Unusual Items Excluding Goodwill": NaN,
        "Net Income From Continuing Operation Net Minority Interest": NaN,
        "Reconciled Depreciation": NaN,
        "Net Interest Income": NaN,
        "Interest Expense": NaN,
        "Interest Income": NaN,
        "Normalized Income": NaN,
        "Net Income From Continuing And Discontinued Operation": NaN,
        "Rent Expense Supplemental": 52000000.0,
        "Diluted Average Shares": NaN,
        "Basic Average Shares": NaN,
        "Diluted EPS": NaN,
        "Basic EPS": NaN,
        "Diluted NI Availto Com Stockholders": NaN,
        "Net Income Common Stockholders": NaN,
        "Preferred Stock Dividends": NaN,
        "Net Income": NaN,
        "Net Income Including Noncontrolling Interests": NaN,
        "Net Income Discontinuous Operations": -1000000.0,
        "Net Income Continuous Operations": NaN,
        "Tax Provision": NaN,
        "Pretax Income": NaN,
        "Special Income Charges": NaN,
        "Impairment Of Capital Assets": NaN,
        "Gain On Sale Of Security": NaN,
        "Depreciation Amortization Depletion Income Statement": NaN,
        "Depreciation And Amortization In Income Statement": NaN,
        "Amortization": NaN,
        "Amortization Of Intangibles Income Statement": NaN,
        "Depreciation Income Statement": NaN,
        "Selling General And Administration": NaN,
        "Selling And Marketing Expense": NaN,
        "General And Administrative Expense": NaN,
        "Insurance And Claims": NaN,
        "Rent And Landing Fees": 52000000.0,
        "Salaries And Wages": NaN,
        "Total Revenue": NaN,
        "Operating Revenue": NaN,
        "Professional Expense And Contract Services Expense": NaN,
        "Other Non Interest Expense": NaN
    },
    "2024-03-31": {
        "Tax Effect Of Unusual Items": 0.0,
        "Tax Rate For Calcs": 0.218579,
        "Total Unusual Items": 0.0,
        "Total Unusual Items Excluding Goodwill": 0.0,
        "Net Income From Continuing Operation Net Minority Interest": 143000000.0,
        "Reconciled Depreciation": 310000000.0,
        "Net Interest Income": 1660000000.0,
        "Interest Expense": 1922000000.0,
        "Interest Income": 3582000000.0,
        "Normalized Income": 143000000.0,
        "Net Income From Continuing And Discontinued Operation": 143000000.0,
        "Rent Expense Supplemental": 48000000.0,
        "Diluted Average Shares": 308421000.0,
        "Basic Average Shares": 306003000.0,
        "Diluted EPS": 0.38,
        "Basic EPS": 0.38,
        "Diluted NI Availto Com Stockholders": 115000000.0,
        "Net Income Common Stockholders": 115000000.0,
        "Preferred Stock Dividends": 28000000.0,
        "Net Income": 143000000.0,
        "Net Income Including Noncontrolling Interests": 143000000.0,
        "Net Income Discontinuous Operations": 0.0,
        "Net Income Continuous Operations": 143000000.0,
        "Tax Provision": 40000000.0,
        "Pretax Income": 183000000.0,
        "Special Income Charges": 0.0,
        "Impairment Of Capital Assets": 0.0,
        "Gain On Sale Of Security": 29000000.0,
        "Depreciation Amortization Depletion Income Statement": 255000000.0,
        "Depreciation And Amortization In Income Statement": 255000000.0,
        "Amortization": 6000000.0,
        "Amortization Of Intangibles Income Statement": 6000000.0,
        "Depreciation Income Statement": 249000000.0,
        "Selling General And Administration": 865000000.0,
        "Selling And Marketing Expense": 73000000.0,
        "General And Administrative Expense": 792000000.0,
        "Insurance And Claims": 273000000.0,
        "Rent And Landing Fees": 48000000.0,
        "Salaries And Wages": 519000000.0,
        "Total Revenue": 2198000000.0,
        "Operating Revenue": 2198000000.0,
        "Professional Expense And Contract Services Expense": 31000000.0,
        "Other Non Interest Expense": 349000000.0
    },
    "2024-06-30": {
        "Tax Effect Of Unusual Items": 0.0,
        "Tax Rate For Calcs": 0.21,
        "Total Unusual Items": NaN,
        "Total Unusual Items Excluding Goodwill": NaN,
        "Net Income From Continuing Operation Net Minority Interest": 294000000.0,
        "Reconciled Depreciation": 306000000.0,
        "Net Interest Income": 1672000000.0,
        "Interest Expense": 1866000000.0,
        "Interest Income": 3538000000.0,
        "Normalized Income": 294000000.0,
        "Net Income From Continuing And Discontinued Operation": 294000000.0,
        "Rent Expense Supplemental": 43000000.0,
        "Diluted Average Shares": 309886000.0,
        "Basic Average Shares": 306774000.0,
        "Diluted EPS": 0.86,
        "Basic EPS": 0.87,
        "Diluted NI Availto Com Stockholders": 266000000.0,
        "Net Income Common Stockholders": 266000000.0,
        "Preferred Stock Dividends": 28000000.0,
        "Net Income": 294000000.0,
        "Net Income Including Noncontrolling Interests": 294000000.0,
        "Net Income Discontinuous Operations": 0.0,
        "Net Income Continuous Operations": 294000000.0,
        "Tax Provision": -37000000.0,
        "Pretax Income": 257000000.0,
        "Special Income Charges": NaN,
        "Impairment Of Capital Assets": NaN,
        "Gain On Sale Of Security": -18000000.0,
        "Depreciation Amortization Depletion Income Statement": 239000000.0,
        "Depreciation And Amortization In Income Statement": 239000000.0,
        "Amortization": 5000000.0,
        "Amortization Of Intangibles Income Statement": 5000000.0,
        "Depreciation Income Statement": 234000000.0,
        "Selling General And Administration": 863000000.0,
        "Selling And Marketing Expense": 79000000.0,
        "General And Administrative Expense": 784000000.0,
        "Insurance And Claims": 342000000.0,
        "Rent And Landing Fees": 43000000.0,
        "Salaries And Wages": 442000000.0,
        "Total Revenue": 2165000000.0,
        "Operating Revenue": 2165000000.0,
        "Professional Expense And Contract Services Expense": 39000000.0,
        "Other Non Interest Expense": 322000000.0
    },
    "2024-09-30": {
        "Tax Effect Of Unusual Items": 0.0,
        "Tax Rate For Calcs": 0.21,
        "Total Unusual Items": NaN,
        "Total Unusual Items Excluding Goodwill": NaN,
        "Net Income From Continuing Operation Net Minority Interest": 357000000.0,
        "Reconciled Depreciation": 314000000.0,
        "Net Interest Income": 1689000000.0,
        "Interest Expense": 1885000000.0,
        "Interest Income": 3574000000.0,
        "Normalized Income": 357000000.0,
        "Net Income From Continuing And Discontinued Operation": 357000000.0,
        "Rent Expense Supplemental": NaN,
        "Diluted Average Shares": 311044000.0,
        "Basic Average Shares": 307312000.0,
        "Diluted EPS": 1.06,
        "Basic EPS": 1.07,
        "Diluted NI Availto Com Stockholders": 330000000.0,
        "Net Income Common Stockholders": 330000000.0,
        "Preferred Stock Dividends": 27000000.0,
        "Net Income": 357000000.0,
        "Net Income Including Noncontrolling Interests": 357000000.0,
        "Net Income Discontinuous Operations": 0.0,
        "Net Income Continuous Operations": 357000000.0,
        "Tax Provision": -124000000.0,
        "Pretax Income": 233000000.0,
        "Special Income Charges": NaN,
        "Impairment Of Capital Assets": NaN,
        "Gain On Sale Of Security": 74000000.0,
        "Depreciation Amortization Depletion Income Statement": 260000000.0,
        "Depreciation And Amortization In Income Statement": 260000000.0,
        "Amortization": 4000000.0,
        "Amortization Of Intangibles Income Statement": 4000000.0,
        "Depreciation Income Statement": 256000000.0,
        "Selling General And Administration": 803000000.0,
        "Selling And Marketing Expense": 69000000.0,
        "General And Administrative Expense": 734000000.0,
        "Insurance And Claims": 299000000.0,
        "Rent And Landing Fees": NaN,
        "Salaries And Wages": 435000000.0,
        "Total Revenue": 2294000000.0,
        "Operating Revenue": 2294000000.0,
        "Professional Expense And Contract Services Expense": 36000000.0,
        "Other Non Interest Expense": 327000000.0
    },
    "2024-12-31": {
        "Tax Effect Of Unusual Items": 0.0,
        "Tax Rate For Calcs": 0.21,
        "Total Unusual Items": NaN,
        "Total Unusual Items Excluding Goodwill": NaN,
        "Net Income From Continuing Operation Net Minority Interest": -139000000.0,
        "Reconciled Depreciation": 269000000.0,
        "Net Interest Income": 1729000000.0,
        "Interest Expense": 1799000000.0,
        "Interest Income": 3528000000.0,
        "Normalized Income": -139000000.0,
        "Net Income From Continuing And Discontinued Operation": -140000000.0,
        "Rent Expense Supplemental": NaN,
        "Diluted Average Shares": 311277000.0,
        "Basic Average Shares": 307553000.0,
        "Diluted EPS": 0.26,
        "Basic EPS": 0.26,
        "Diluted NI Availto Com Stockholders": -167000000.0,
        "Net Income Common Stockholders": -167000000.0,
        "Preferred Stock Dividends": 27000000.0,
        "Net Income": -140000000.0,
        "Net Income Including Noncontrolling Interests": -140000000.0,
        "Net Income Discontinuous Operations": -1000000.0,
        "Net Income Continuous Operations": -139000000.0,
        "Tax Provision": 314000000.0,
        "Pretax Income": 175000000.0,
        "Special Income Charges": NaN,
        "Impairment Of Capital Assets": NaN,
        "Gain On Sale Of Security": -21000000.0,
        "Depreciation Amortization Depletion Income Statement": 213000000.0,
        "Depreciation And Amortization In Income Statement": 213000000.0,
        "Amortization": 4000000.0,
        "Amortization Of Intangibles Income Statement": 4000000.0,
        "Depreciation Income Statement": 209000000.0,
        "Selling General And Administration": 787000000.0,
        "Selling And Marketing Expense": 64000000.0,
        "General And Administrative Expense": 723000000.0,
        "Insurance And Claims": 277000000.0,
        "Rent And Landing Fees": NaN,
        "Salaries And Wages": 446000000.0,
        "Total Revenue": 2240000000.0,
        "Operating Revenue": 2240000000.0,
        "Professional Expense And Contract Services Expense": 41000000.0,
        "Other Non Interest Expense": 355000000.0
    },
    "2025-03-31": {
        "Tax Effect Of Unusual Items": -63362676.056338,
        "Tax Rate For Calcs": 0.207746,
        "Total Unusual Items": -305000000.0,
        "Total Unusual Items Excluding Goodwill": -305000000.0,
        "Net Income From Continuing Operation Net Minority Interest": -225000000.0,
        "Reconciled Depreciation": 361000000.0,
        "Net Interest Income": 1718000000.0,
        "Interest Expense": 1675000000.0,
        "Interest Income": 3393000000.0,
        "Normalized Income": 16637323.943662,
        "Net Income From Continuing And Discontinued Operation": -225000000.0,
        "Rent Expense Supplemental": NaN,
        "Diluted Average Shares": 309006000.0,
        "Basic Average Shares": 309006000.0,
        "Diluted EPS": -0.82,
        "Basic EPS": -0.82,
        "Diluted NI Availto Com Stockholders": -253000000.0,
        "Net Income Common Stockholders": -253000000.0,
        "Preferred Stock Dividends": 28000000.0,
        "Net Income": -225000000.0,
        "Net Income Including Noncontrolling Interests": -225000000.0,
        "Net Income Discontinuous Operations": NaN,
        "Net Income Continuous Operations": -225000000.0,
        "Tax Provision": -59000000.0,
        "Pretax Income": -284000000.0,
        "Special Income Charges": -305000000.0,
        "Impairment Of Capital Assets": 305000000.0,
        "Gain On Sale Of Security": -499000000.0,
        "Depreciation Amortization Depletion Income Statement": 306000000.0,
        "Depreciation And Amortization In Income Statement": 306000000.0,
        "Amortization": 3000000.0,
        "Amortization Of Intangibles Income Statement": 3000000.0,
        "Depreciation Income Statement": 303000000.0,
        "Selling General And Administration": 888000000.0,
        "Selling And Marketing Expense": 61000000.0,
        "General And Administrative Expense": 827000000.0,
        "Insurance And Claims": 322000000.0,
        "Rent And Landing Fees": NaN,
        "Salaries And Wages": 505000000.0,
        "Total Revenue": 1755000000.0,
        "Operating Revenue": 1755000000.0,
        "Professional Expense And Contract Services Expense": 31000000.0,
        "Other Non Interest Expense": 344000000.0
    }
}