{
    "2023-06-30": {
        "Tax Effect Of Unusual Items": NaN,
        "Tax Rate For Calcs": NaN,
        "Normalized EBITDA": NaN,
        "Net Income From Continuing Operation Net Minority Interest": NaN,
        "Reconciled Depreciation": NaN,
        "Reconciled Cost Of Revenue": NaN,
        "EBITDA": NaN,
        "EBIT": NaN,
        "Net Interest Income": NaN,
        "Interest Expense": NaN,
        "Normalized Income": NaN,
        "Net Income From Continuing And Discontinued Operation": NaN,
        "Total Expenses": NaN,
        "Total Operating Income As Reported": NaN,
        "Diluted Average Shares": 16219000.0,
        "Basic Average Shares": 15969000.0,
        "Diluted EPS": 0.42,
        "Basic EPS": 0.42,
        "Diluted NI Availto Com Stockholders": NaN,
        "Net Income Common Stockholders": NaN,
        "Net Income": NaN,
        "Net Income Including Noncontrolling Interests": NaN,
        "Net Income Continuous Operations": NaN,
        "Tax Provision": NaN,
        "Pretax Income": NaN,
        "Other Income Expense": NaN,
        "Other Non Operating Income Expenses": NaN,
        "Net Non Operating Interest Income Expense": NaN,
        "Interest Expense Non Operating": NaN,
        "Operating Income": NaN,
        "Operating Expense": NaN,
        "Other Operating Expenses": NaN,
        "Depreciation Amortization Depletion Income Statement": NaN,
        "Depreciation And Amortization In Income Statement": NaN,
        "Amortization": NaN,
        "Amortization Of Intangibles Income Statement": NaN,
        "Research And Development": NaN,
        "Selling General And Administration": NaN,
        "Selling And Marketing Expense": NaN,
        "General And Administrative Expense": NaN,
        "Other Gand A": NaN,
        "Gross Profit": NaN,
        "Cost Of Revenue": NaN,
        "Total Revenue": NaN,
        "Operating Revenue": NaN
    },
    "2023-03-31": {
        "Tax Effect Of Unusual Items": NaN,
        "Tax Rate For Calcs": NaN,
        "Normalized EBITDA": NaN,
        "Net Income From Continuing Operation Net Minority Interest": NaN,
        "Reconciled Depreciation": NaN,
        "Reconciled Cost Of Revenue": NaN,
        "EBITDA": NaN,
        "EBIT": NaN,
        "Net Interest Income": NaN,
        "Interest Expense": NaN,
        "Normalized Income": NaN,
        "Net Income From Continuing And Discontinued Operation": NaN,
        "Total Expenses": NaN,
        "Total Operating Income As Reported": NaN,
        "Diluted Average Shares": 16137000.0,
        "Basic Average Shares": 15872000.0,
        "Diluted EPS": 0.39,
        "Basic EPS": 0.4,
        "Diluted NI Availto Com Stockholders": NaN,
        "Net Income Common Stockholders": NaN,
        "Net Income": NaN,
        "Net Income Including Noncontrolling Interests": NaN,
        "Net Income Continuous Operations": NaN,
        "Tax Provision": NaN,
        "Pretax Income": NaN,
        "Other Income Expense": NaN,
        "Other Non Operating Income Expenses": NaN,
        "Net Non Operating Interest Income Expense": NaN,
        "Interest Expense Non Operating": NaN,
        "Operating Income": NaN,
        "Operating Expense": NaN,
        "Other Operating Expenses": NaN,
        "Depreciation Amortization Depletion Income Statement": NaN,
        "Depreciation And Amortization In Income Statement": NaN,
        "Amortization": NaN,
        "Amortization Of Intangibles Income Statement": NaN,
        "Research And Development": NaN,
        "Selling General And Administration": NaN,
        "Selling And Marketing Expense": NaN,
        "General And Administrative Expense": NaN,
        "Other Gand A": NaN,
        "Gross Profit": NaN,
        "Cost Of Revenue": NaN,
        "Total Revenue": NaN,
        "Operating Revenue": NaN
    },
    "2022-12-31": {
        "Tax Effect Of Unusual Items": 0.0,
        "Tax Rate For Calcs": 0.276712,
        "Normalized EBITDA": 14166000.0,
        "Net Income From Continuing Operation Net Minority Interest": 3696000.0,
        "Reconciled Depreciation": 6264000.0,
        "Reconciled Cost Of Revenue": 87120000.0,
        "EBITDA": 14166000.0,
        "EBIT": 7902000.0,
        "Net Interest Income": -2792000.0,
        "Interest Expense": 2792000.0,
        "Normalized Income": 3696000.0,
        "Net Income From Continuing And Discontinued Operation": 3696000.0,
        "Total Expenses": 122900000.0,
        "Total Operating Income As Reported": 8176000.0,
        "Diluted Average Shares": NaN,
        "Basic Average Shares": NaN,
        "Diluted EPS": NaN,
        "Basic EPS": NaN,
        "Diluted NI Availto Com Stockholders": 3696000.0,
        "Net Income Common Stockholders": 3696000.0,
        "Net Income": 3696000.0,
        "Net Income Including Noncontrolling Interests": 3696000.0,
        "Net Income Continuous Operations": 3696000.0,
        "Tax Provision": 1414000.0,
        "Pretax Income": 5110000.0,
        "Other Income Expense": -274000.0,
        "Other Non Operating Income Expenses": -274000.0,
        "Net Non Operating Interest Income Expense": -2792000.0,
        "Interest Expense Non Operating": 2792000.0,
        "Operating Income": 8176000.0,
        "Operating Expense": 32552000.0,
        "Other Operating Expenses": 855000.0,
        "Depreciation Amortization Depletion Income Statement": 3036000.0,
        "Depreciation And Amortization In Income Statement": 3036000.0,
        "Amortization": 3036000.0,
        "Amortization Of Intangibles Income Statement": 3036000.0,
        "Research And Development": 9682000.0,
        "Selling General And Administration": 18979000.0,
        "Selling And Marketing Expense": 5541000.0,
        "General And Administrative Expense": 13438000.0,
        "Other Gand A": 13438000.0,
        "Gross Profit": 40728000.0,
        "Cost Of Revenue": 90348000.0,
        "Total Revenue": 131076000.0,
        "Operating Revenue": 131076000.0
    },
    "2022-09-30": {
        "Tax Effect Of Unusual Items": NaN,
        "Tax Rate For Calcs": NaN,
        "Normalized EBITDA": NaN,
        "Net Income From Continuing Operation Net Minority Interest": NaN,
        "Reconciled Depreciation": NaN,
        "Reconciled Cost Of Revenue": NaN,
        "EBITDA": NaN,
        "EBIT": NaN,
        "Net Interest Income": NaN,
        "Interest Expense": NaN,
        "Normalized Income": NaN,
        "Net Income From Continuing And Discontinued Operation": NaN,
        "Total Expenses": NaN,
        "Total Operating Income As Reported": NaN,
        "Diluted Average Shares": 16169000.0,
        "Basic Average Shares": 15661000.0,
        "Diluted EPS": 0.41,
        "Basic EPS": 0.42,
        "Diluted NI Availto Com Stockholders": NaN,
        "Net Income Common Stockholders": NaN,
        "Net Income": NaN,
        "Net Income Including Noncontrolling Interests": NaN,
        "Net Income Continuous Operations": NaN,
        "Tax Provision": NaN,
        "Pretax Income": NaN,
        "Other Income Expense": NaN,
        "Other Non Operating Income Expenses": NaN,
        "Net Non Operating Interest Income Expense": NaN,
        "Interest Expense Non Operating": NaN,
        "Operating Income": NaN,
        "Operating Expense": NaN,
        "Other Operating Expenses": NaN,
        "Depreciation Amortization Depletion Income Statement": NaN,
        "Depreciation And Amortization In Income Statement": NaN,
        "Amortization": NaN,
        "Amortization Of Intangibles Income Statement": NaN,
        "Research And Development": NaN,
        "Selling General And Administration": NaN,
        "Selling And Marketing Expense": NaN,
        "General And Administrative Expense": NaN,
        "Other Gand A": NaN,
        "Gross Profit": NaN,
        "Cost Of Revenue": NaN,
        "Total Revenue": NaN,
        "Operating Revenue": NaN
    },
    "2022-06-30": {
        "Tax Effect Of Unusual Items": 0.0,
        "Tax Rate For Calcs": 0.27,
        "Normalized EBITDA": 14671000.0,
        "Net Income From Continuing Operation Net Minority Interest": 4581000.0,
        "Reconciled Depreciation": 6874000.0,
        "Reconciled Cost Of Revenue": 78719000.0,
        "EBITDA": 14671000.0,
        "EBIT": 7797000.0,
        "Net Interest Income": -1525000.0,
        "Interest Expense": 1525000.0,
        "Normalized Income": 4581000.0,
        "Net Income From Continuing And Discontinued Operation": 4581000.0,
        "Total Expenses": 115204000.0,
        "Total Operating Income As Reported": 7518000.0,
        "Diluted Average Shares": 15932000.0,
        "Basic Average Shares": 15355000.0,
        "Diluted EPS": 0.29,
        "Basic EPS": 0.3,
        "Diluted NI Availto Com Stockholders": 4581000.0,
        "Net Income Common Stockholders": 4581000.0,
        "Net Income": 4581000.0,
        "Net Income Including Noncontrolling Interests": 4581000.0,
        "Net Income Continuous Operations": 4581000.0,
        "Tax Provision": 1691000.0,
        "Pretax Income": 6272000.0,
        "Other Income Expense": 279000.0,
        "Other Non Operating Income Expenses": 279000.0,
        "Net Non Operating Interest Income Expense": -1525000.0,
        "Interest Expense Non Operating": 1525000.0,
        "Operating Income": 7518000.0,
        "Operating Expense": 32256000.0,
        "Depreciation Amortization Depletion Income Statement": 2645000.0,
        "Depreciation And Amortization In Income Statement": 2645000.0,
        "Amortization": 2645000.0,
        "Amortization Of Intangibles Income Statement": 2645000.0,
        "Research And Development": 11208000.0,
        "Selling General And Administration": 18403000.0,
        "Selling And Marketing Expense": 5808000.0,
        "General And Administrative Expense": 12595000.0,
        "Other Gand A": 12595000.0,
        "Gross Profit": 39774000.0,
        "Cost Of Revenue": 82948000.0,
        "Total Revenue": 122722000.0,
        "Operating Revenue": 122722000.0
    },
    "2023-09-30": {
        "Tax Effect Of Unusual Items": NaN,
        "Tax Rate For Calcs": NaN,
        "Normalized EBITDA": NaN,
        "Total Unusual Items": NaN,
        "Total Unusual Items Excluding Goodwill": NaN,
        "Net Income From Continuing Operation Net Minority Interest": NaN,
        "Reconciled Depreciation": NaN,
        "Reconciled Cost Of Revenue": NaN,
        "EBITDA": NaN,
        "EBIT": NaN,
        "Net Interest Income": NaN,
        "Interest Expense": NaN,
        "Normalized Income": NaN,
        "Net Income From Continuing And Discontinued Operation": NaN,
        "Total Expenses": NaN,
        "Total Operating Income As Reported": NaN,
        "Diluted Average Shares": 16237000.0,
        "Basic Average Shares": 15979000.0,
        "Diluted EPS": 0.41,
        "Basic EPS": 0.42,
        "Diluted NI Availto Com Stockholders": NaN,
        "Net Income Common Stockholders": NaN,
        "Net Income": NaN,
        "Net Income Including Noncontrolling Interests": NaN,
        "Net Income Continuous Operations": NaN,
        "Tax Provision": NaN,
        "Pretax Income": NaN,
        "Other Income Expense": NaN,
        "Other Non Operating Income Expenses": NaN,
        "Special Income Charges": NaN,
        "Restructuring And Mergern Acquisition": NaN,
        "Net Non Operating Interest Income Expense": NaN,
        "Interest Expense Non Operating": NaN,
        "Operating Income": NaN,
        "Operating Expense": NaN,
        "Other Operating Expenses": NaN,
        "Depreciation Amortization Depletion Income Statement": NaN,
        "Depreciation And Amortization In Income Statement": NaN,
        "Amortization": NaN,
        "Amortization Of Intangibles Income Statement": NaN,
        "Research And Development": NaN,
        "Selling General And Administration": NaN,
        "Selling And Marketing Expense": NaN,
        "General And Administrative Expense": NaN,
        "Other Gand A": NaN,
        "Gross Profit": NaN,
        "Cost Of Revenue": NaN,
        "Total Revenue": NaN,
        "Operating Revenue": NaN
    },
    "2023-12-31": {
        "Tax Effect Of Unusual Items": NaN,
        "Tax Rate For Calcs": NaN,
        "Normalized EBITDA": NaN,
        "Total Unusual Items": NaN,
        "Total Unusual Items Excluding Goodwill": NaN,
        "Net Income From Continuing Operation Net Minority Interest": NaN,
        "Reconciled Depreciation": NaN,
        "Reconciled Cost Of Revenue": NaN,
        "EBITDA": NaN,
        "EBIT": NaN,
        "Net Interest Income": NaN,
        "Interest Expense": NaN,
        "Normalized Income": NaN,
        "Net Income From Continuing And Discontinued Operation": NaN,
        "Total Expenses": NaN,
        "Total Operating Income As Reported": NaN,
        "Diluted Average Shares": NaN,
        "Basic Average Shares": NaN,
        "Diluted EPS": NaN,
        "Basic EPS": NaN,
        "Diluted NI Availto Com Stockholders": NaN,
        "Net Income Common Stockholders": NaN,
        "Net Income": NaN,
        "Net Income Including Noncontrolling Interests": NaN,
        "Net Income Continuous Operations": NaN,
        "Tax Provision": NaN,
        "Pretax Income": NaN,
        "Other Income Expense": NaN,
        "Other Non Operating Income Expenses": NaN,
        "Special Income Charges": NaN,
        "Restructuring And Mergern Acquisition": NaN,
        "Net Non Operating Interest Income Expense": NaN,
        "Interest Expense Non Operating": NaN,
        "Operating Income": NaN,
        "Operating Expense": NaN,
        "Other Operating Expenses": 2484000.0,
        "Depreciation Amortization Depletion Income Statement": NaN,
        "Depreciation And Amortization In Income Statement": NaN,
        "Amortization": NaN,
        "Amortization Of Intangibles Income Statement": NaN,
        "Research And Development": NaN,
        "Selling General And Administration": NaN,
        "Selling And Marketing Expense": NaN,
        "General And Administrative Expense": NaN,
        "Other Gand A": NaN,
        "Gross Profit": NaN,
        "Cost Of Revenue": NaN,
        "Total Revenue": NaN,
        "Operating Revenue": NaN
    },
    "2024-03-31": {
        "Tax Effect Of Unusual Items": NaN,
        "Tax Rate For Calcs": NaN,
        "Normalized EBITDA": NaN,
        "Total Unusual Items": -357000.0,
        "Total Unusual Items Excluding Goodwill": -357000.0,
        "Net Income From Continuing Operation Net Minority Interest": NaN,
        "Reconciled Depreciation": NaN,
        "Reconciled Cost Of Revenue": NaN,
        "EBITDA": NaN,
        "EBIT": NaN,
        "Net Interest Income": NaN,
        "Interest Expense": NaN,
        "Normalized Income": NaN,
        "Net Income From Continuing And Discontinued Operation": NaN,
        "Total Expenses": NaN,
        "Total Operating Income As Reported": NaN,
        "Diluted Average Shares": 16497000.0,
        "Basic Average Shares": 16394000.0,
        "Diluted EPS": 0.42,
        "Basic EPS": 0.42,
        "Diluted NI Availto Com Stockholders": NaN,
        "Net Income Common Stockholders": NaN,
        "Net Income": NaN,
        "Net Income Including Noncontrolling Interests": NaN,
        "Net Income Continuous Operations": NaN,
        "Tax Provision": NaN,
        "Pretax Income": NaN,
        "Other Income Expense": NaN,
        "Other Non Operating Income Expenses": NaN,
        "Special Income Charges": -357000.0,
        "Restructuring And Mergern Acquisition": 357000.0,
        "Net Non Operating Interest Income Expense": NaN,
        "Interest Expense Non Operating": NaN,
        "Operating Income": NaN,
        "Operating Expense": NaN,
        "Other Operating Expenses": 357000.0,
        "Depreciation Amortization Depletion Income Statement": NaN,
        "Depreciation And Amortization In Income Statement": NaN,
        "Amortization": NaN,
        "Amortization Of Intangibles Income Statement": NaN,
        "Research And Development": NaN,
        "Selling General And Administration": NaN,
        "Selling And Marketing Expense": NaN,
        "General And Administrative Expense": NaN,
        "Other Gand A": NaN,
        "Gross Profit": NaN,
        "Cost Of Revenue": NaN,
        "Total Revenue": NaN,
        "Operating Revenue": NaN
    },
    "2024-06-30": {
        "Tax Effect Of Unusual Items": -323761.904762,
        "Tax Rate For Calcs": 0.206349,
        "Normalized EBITDA": 12818000.0,
        "Total Unusual Items": -1569000.0,
        "Total Unusual Items Excluding Goodwill": -1569000.0,
        "Net Income From Continuing Operation Net Minority Interest": 1150000.0,
        "Reconciled Depreciation": 6416000.0,
        "Reconciled Cost Of Revenue": 92071000.0,
        "EBITDA": 11249000.0,
        "EBIT": 4833000.0,
        "Net Interest Income": -3384000.0,
        "Interest Expense": 3384000.0,
        "Normalized Income": 2395238.095238,
        "Net Income From Continuing And Discontinued Operation": 1150000.0,
        "Total Expenses": 129584000.0,
        "Total Operating Income As Reported": 4879000.0,
        "Diluted Average Shares": 16583000.0,
        "Basic Average Shares": 16567000.0,
        "Diluted EPS": 0.07,
        "Basic EPS": 0.07,
        "Diluted NI Availto Com Stockholders": 1150000.0,
        "Net Income Common Stockholders": 1150000.0,
        "Net Income": 1150000.0,
        "Net Income Including Noncontrolling Interests": 1150000.0,
        "Net Income Continuous Operations": 1150000.0,
        "Tax Provision": 299000.0,
        "Pretax Income": 1449000.0,
        "Other Income Expense": -1615000.0,
        "Other Non Operating Income Expenses": -46000.0,
        "Special Income Charges": -1569000.0,
        "Restructuring And Mergern Acquisition": 1569000.0,
        "Net Non Operating Interest Income Expense": -3384000.0,
        "Interest Expense Non Operating": 3384000.0,
        "Operating Income": 6448000.0,
        "Operating Expense": 34228000.0,
        "Other Operating Expenses": 1569000.0,
        "Depreciation Amortization Depletion Income Statement": 3131000.0,
        "Depreciation And Amortization In Income Statement": 3131000.0,
        "Amortization": 3131000.0,
        "Amortization Of Intangibles Income Statement": 3131000.0,
        "Research And Development": 10293000.0,
        "Selling General And Administration": 20804000.0,
        "Selling And Marketing Expense": 6662000.0,
        "General And Administrative Expense": 14142000.0,
        "Other Gand A": 14142000.0,
        "Gross Profit": 40676000.0,
        "Cost Of Revenue": 95356000.0,
        "Total Revenue": 136032000.0,
        "Operating Revenue": 136032000.0
    },
    "2024-09-30": {
        "Tax Effect Of Unusual Items": 0.0,
        "Tax Rate For Calcs": 0.226,
        "Normalized EBITDA": 12595000.0,
        "Total Unusual Items": NaN,
        "Total Unusual Items Excluding Goodwill": NaN,
        "Net Income From Continuing Operation Net Minority Interest": 2101000.0,
        "Reconciled Depreciation": 6447000.0,
        "Reconciled Cost Of Revenue": 82637000.0,
        "EBITDA": 12595000.0,
        "EBIT": 6148000.0,
        "Net Interest Income": -3435000.0,
        "Interest Expense": 3435000.0,
        "Normalized Income": 2101000.0,
        "Net Income From Continuing And Discontinued Operation": 2101000.0,
        "Total Expenses": 118597000.0,
        "Total Operating Income As Reported": 6616000.0,
        "Diluted Average Shares": 16605000.0,
        "Basic Average Shares": 16574000.0,
        "Diluted EPS": 0.13,
        "Basic EPS": 0.13,
        "Diluted NI Availto Com Stockholders": 2101000.0,
        "Net Income Common Stockholders": 2101000.0,
        "Net Income": 2101000.0,
        "Net Income Including Noncontrolling Interests": 2101000.0,
        "Net Income Continuous Operations": 2101000.0,
        "Tax Provision": 612000.0,
        "Pretax Income": 2713000.0,
        "Other Income Expense": -468000.0,
        "Other Non Operating Income Expenses": -468000.0,
        "Special Income Charges": NaN,
        "Restructuring And Mergern Acquisition": NaN,
        "Net Non Operating Interest Income Expense": -3435000.0,
        "Interest Expense Non Operating": 3435000.0,
        "Operating Income": 6616000.0,
        "Operating Expense": 32648000.0,
        "Other Operating Expenses": 278000.0,
        "Depreciation Amortization Depletion Income Statement": 3135000.0,
        "Depreciation And Amortization In Income Statement": 3135000.0,
        "Amortization": 3135000.0,
        "Amortization Of Intangibles Income Statement": 3135000.0,
        "Research And Development": 9056000.0,
        "Selling General And Administration": 20179000.0,
        "Selling And Marketing Expense": 6323000.0,
        "General And Administrative Expense": 13856000.0,
        "Other Gand A": 13856000.0,
        "Gross Profit": 39264000.0,
        "Cost Of Revenue": 85949000.0,
        "Total Revenue": 125213000.0,
        "Operating Revenue": 125213000.0
    },
    "2024-12-31": {
        "Tax Effect Of Unusual Items": 0.0,
        "Tax Rate For Calcs": 0.222452,
        "Normalized EBITDA": 13607000.0,
        "Total Unusual Items": NaN,
        "Total Unusual Items Excluding Goodwill": NaN,
        "Net Income From Continuing Operation Net Minority Interest": 3013000.0,
        "Reconciled Depreciation": 6643000.0,
        "Reconciled Cost Of Revenue": 80109000.0,
        "EBITDA": 13607000.0,
        "EBIT": 6964000.0,
        "Net Interest Income": -3089000.0,
        "Interest Expense": 3089000.0,
        "Normalized Income": 3013000.0,
        "Net Income From Continuing And Discontinued Operation": 3013000.0,
        "Total Expenses": 115567000.0,
        "Total Operating Income As Reported": 6443000.0,
        "Diluted Average Shares": NaN,
        "Basic Average Shares": NaN,
        "Diluted EPS": NaN,
        "Basic EPS": NaN,
        "Diluted NI Availto Com Stockholders": 3013000.0,
        "Net Income Common Stockholders": 3013000.0,
        "Net Income": 3013000.0,
        "Net Income Including Noncontrolling Interests": 3013000.0,
        "Net Income Continuous Operations": 3013000.0,
        "Tax Provision": 862000.0,
        "Pretax Income": 3875000.0,
        "Other Income Expense": 521000.0,
        "Other Non Operating Income Expenses": 521000.0,
        "Special Income Charges": NaN,
        "Restructuring And Mergern Acquisition": NaN,
        "Net Non Operating Interest Income Expense": -3089000.0,
        "Interest Expense Non Operating": 3089000.0,
        "Operating Income": 6443000.0,
        "Operating Expense": 31931000.0,
        "Other Operating Expenses": 212000.0,
        "Depreciation Amortization Depletion Income Statement": 3116000.0,
        "Depreciation And Amortization In Income Statement": 3116000.0,
        "Amortization": 3116000.0,
        "Amortization Of Intangibles Income Statement": 3116000.0,
        "Research And Development": 9345000.0,
        "Selling General And Administration": 19258000.0,
        "Selling And Marketing Expense": 6027000.0,
        "General And Administrative Expense": 13231000.0,
        "Other Gand A": 13231000.0,
        "Gross Profit": 38374000.0,
        "Cost Of Revenue": 83636000.0,
        "Total Revenue": 122010000.0,
        "Operating Revenue": 122010000.0
    },
    "2025-03-31": {
        "Tax Effect Of Unusual Items": -302798.0,
        "Tax Rate For Calcs": 0.202,
        "Normalized EBITDA": 15875000.0,
        "Total Unusual Items": -1499000.0,
        "Total Unusual Items Excluding Goodwill": -1499000.0,
        "Net Income From Continuing Operation Net Minority Interest": 3557000.0,
        "Reconciled Depreciation": 6281000.0,
        "Reconciled Cost Of Revenue": 86863000.0,
        "EBITDA": 14376000.0,
        "EBIT": 8095000.0,
        "Net Interest Income": -3635000.0,
        "Interest Expense": 3635000.0,
        "Normalized Income": 4753202.0,
        "Net Income From Continuing And Discontinued Operation": 3557000.0,
        "Total Expenses": 122525000.0,
        "Total Operating Income As Reported": 8779000.0,
        "Diluted Average Shares": 16638000.0,
        "Basic Average Shares": 16599000.0,
        "Diluted EPS": 0.21,
        "Basic EPS": 0.21,
        "Diluted NI Availto Com Stockholders": 3557000.0,
        "Net Income Common Stockholders": 3557000.0,
        "Net Income": 3557000.0,
        "Net Income Including Noncontrolling Interests": 3557000.0,
        "Net Income Continuous Operations": 3557000.0,
        "Tax Provision": 903000.0,
        "Pretax Income": 4460000.0,
        "Other Income Expense": -2183000.0,
        "Other Non Operating Income Expenses": -684000.0,
        "Special Income Charges": -1499000.0,
        "Restructuring And Mergern Acquisition": 1499000.0,
        "Net Non Operating Interest Income Expense": -3635000.0,
        "Interest Expense Non Operating": 3635000.0,
        "Operating Income": 10278000.0,
        "Operating Expense": 32474000.0,
        "Other Operating Expenses": NaN,
        "Depreciation Amortization Depletion Income Statement": 3093000.0,
        "Depreciation And Amortization In Income Statement": 3093000.0,
        "Amortization": 3093000.0,
        "Amortization Of Intangibles Income Statement": 3093000.0,
        "Research And Development": 9554000.0,
        "Selling General And Administration": 19827000.0,
        "Selling And Marketing Expense": 6014000.0,
        "General And Administrative Expense": 13813000.0,
        "Other Gand A": 13813000.0,
        "Gross Profit": 42752000.0,
        "Cost Of Revenue": 90051000.0,
        "Total Revenue": 132803000.0,
        "Operating Revenue": 132803000.0
    },
    "2025-06-30": {
        "Tax Effect Of Unusual Items": -264218.707204,
        "Tax Rate For Calcs": 0.230759,
        "Normalized EBITDA": 18400000.0,
        "Total Unusual Items": -1145000.0,
        "Total Unusual Items Excluding Goodwill": -1145000.0,
        "Net Income From Continuing Operation Net Minority Interest": 5617000.0,
        "Reconciled Depreciation": 6401000.0,
        "Reconciled Cost Of Revenue": 89946000.0,
        "EBITDA": 17255000.0,
        "EBIT": 10854000.0,
        "Net Interest Income": -3552000.0,
        "Interest Expense": 3552000.0,
        "Normalized Income": 6497781.292796,
        "Net Income From Continuing And Discontinued Operation": 5617000.0,
        "Total Expenses": 126756000.0,
        "Total Operating Income As Reported": 11677000.0,
        "Diluted Average Shares": 16713000.0,
        "Basic Average Shares": 16687000.0,
        "Diluted EPS": 0.34,
        "Basic EPS": 0.34,
        "Diluted NI Availto Com Stockholders": 5617000.0,
        "Net Income Common Stockholders": 5617000.0,
        "Net Income": 5617000.0,
        "Net Income Including Noncontrolling Interests": 5617000.0,
        "Net Income Continuous Operations": 5617000.0,
        "Tax Provision": 1685000.0,
        "Pretax Income": 7302000.0,
        "Other Income Expense": -1968000.0,
        "Other Non Operating Income Expenses": -823000.0,
        "Special Income Charges": -1145000.0,
        "Restructuring And Mergern Acquisition": 1145000.0,
        "Net Non Operating Interest Income Expense": -3552000.0,
        "Interest Expense Non Operating": 3552000.0,
        "Operating Income": 12822000.0,
        "Operating Expense": 33534000.0,
        "Other Operating Expenses": NaN,
        "Depreciation Amortization Depletion Income Statement": 3125000.0,
        "Depreciation And Amortization In Income Statement": 3125000.0,
        "Amortization": 3125000.0,
        "Amortization Of Intangibles Income Statement": 3125000.0,
        "Research And Development": 9944000.0,
        "Selling General And Administration": 20465000.0,
        "Selling And Marketing Expense": 6026000.0,
        "General And Administrative Expense": 14439000.0,
        "Other Gand A": 14439000.0,
        "Gross Profit": 46356000.0,
        "Cost Of Revenue": 93222000.0,
        "Total Revenue": 139578000.0,
        "Operating Revenue": 139578000.0
    }
}