{
    "2023-03-31": {
        "Tax Effect Of Unusual Items": 0.0,
        "Tax Rate For Calcs": 0.0,
        "Normalized EBITDA": -13056000.0,
        "Net Income From Continuing Operation Net Minority Interest": -13266000.0,
        "Reconciled Depreciation": 140000.0,
        "EBITDA": -13056000.0,
        "EBIT": -13196000.0,
        "Net Interest Income": 2348000.0,
        "Interest Expense": 70000.0,
        "Interest Income": 2418000.0,
        "Normalized Income": -13266000.0,
        "Net Income From Continuing And Discontinued Operation": -13266000.0,
        "Total Expenses": 24979000.0,
        "Total Operating Income As Reported": -15592000.0,
        "Diluted Average Shares": 47568149.0,
        "Basic Average Shares": 47568149.0,
        "Diluted EPS": -0.28,
        "Basic EPS": -0.28,
        "Diluted NI Availto Com Stockholders": -13266000.0,
        "Net Income Common Stockholders": -13266000.0,
        "Net Income": -13266000.0,
        "Net Income Including Noncontrolling Interests": -13266000.0,
        "Net Income Continuous Operations": -13266000.0,
        "Tax Provision": 0.0,
        "Pretax Income": -13266000.0,
        "Other Income Expense": -22000.0,
        "Other Non Operating Income Expenses": -22000.0,
        "Net Non Operating Interest Income Expense": 2348000.0,
        "Interest Expense Non Operating": 70000.0,
        "Interest Income Non Operating": 2418000.0,
        "Operating Income": -15592000.0,
        "Operating Expense": 24979000.0,
        "Research And Development": 19581000.0,
        "Selling General And Administration": 5398000.0,
        "General And Administrative Expense": 5398000.0,
        "Other Gand A": 5398000.0,
        "Total Revenue": 9387000.0,
        "Operating Revenue": 9387000.0
    },
    "2022-12-31": {
        "Tax Effect Of Unusual Items": 0.0,
        "Tax Rate For Calcs": 0.21,
        "Normalized EBITDA": -18084000.0,
        "Net Income From Continuing Operation Net Minority Interest": -18864000.0,
        "Reconciled Depreciation": 145000.0,
        "EBITDA": -18084000.0,
        "EBIT": -18229000.0,
        "Net Interest Income": 2078000.0,
        "Interest Expense": 87000.0,
        "Interest Income": 2165000.0,
        "Normalized Income": -18864000.0,
        "Net Income From Continuing And Discontinued Operation": -18864000.0,
        "Total Expenses": 23145000.0,
        "Total Operating Income As Reported": -20369000.0,
        "Diluted Average Shares": 45882437.0,
        "Basic Average Shares": 45882437.0,
        "Diluted EPS": -0.41,
        "Basic EPS": -0.41,
        "Diluted NI Availto Com Stockholders": -18864000.0,
        "Net Income Common Stockholders": -18864000.0,
        "Net Income": -18864000.0,
        "Net Income Including Noncontrolling Interests": -18864000.0,
        "Net Income Continuous Operations": -18864000.0,
        "Tax Provision": 548000.0,
        "Pretax Income": -18316000.0,
        "Other Income Expense": -25000.0,
        "Other Non Operating Income Expenses": -25000.0,
        "Net Non Operating Interest Income Expense": 2078000.0,
        "Interest Expense Non Operating": 87000.0,
        "Interest Income Non Operating": 2165000.0,
        "Operating Income": -20369000.0,
        "Operating Expense": 23145000.0,
        "Research And Development": 18756000.0,
        "Selling General And Administration": 4389000.0,
        "General And Administrative Expense": 4389000.0,
        "Other Gand A": 4389000.0,
        "Total Revenue": 2776000.0,
        "Operating Revenue": 2776000.0
    },
    "2022-09-30": {
        "Tax Effect Of Unusual Items": 0.0,
        "Tax Rate For Calcs": 0.0,
        "Normalized EBITDA": -13020000.0,
        "Net Income From Continuing Operation Net Minority Interest": -13273000.0,
        "Reconciled Depreciation": 148000.0,
        "EBITDA": -13020000.0,
        "EBIT": -13168000.0,
        "Net Interest Income": 559000.0,
        "Interest Expense": 105000.0,
        "Interest Income": 664000.0,
        "Normalized Income": -13273000.0,
        "Net Income From Continuing And Discontinued Operation": -13273000.0,
        "Total Expenses": 22199000.0,
        "Total Operating Income As Reported": -13832000.0,
        "Diluted Average Shares": 31574358.0,
        "Basic Average Shares": 31574358.0,
        "Diluted EPS": -0.42,
        "Basic EPS": -0.42,
        "Diluted NI Availto Com Stockholders": -13273000.0,
        "Net Income Common Stockholders": -13273000.0,
        "Net Income": -13273000.0,
        "Net Income Including Noncontrolling Interests": -13273000.0,
        "Net Income Continuous Operations": -13273000.0,
        "Tax Provision": 0.0,
        "Pretax Income": -13273000.0,
        "Other Income Expense": NaN,
        "Other Non Operating Income Expenses": NaN,
        "Net Non Operating Interest Income Expense": 559000.0,
        "Interest Expense Non Operating": 105000.0,
        "Interest Income Non Operating": 664000.0,
        "Operating Income": -13832000.0,
        "Operating Expense": 22199000.0,
        "Research And Development": 17589000.0,
        "Selling General And Administration": 4610000.0,
        "General And Administrative Expense": 4610000.0,
        "Other Gand A": 4610000.0,
        "Total Revenue": 8367000.0,
        "Operating Revenue": 8367000.0
    },
    "2022-06-30": {
        "Tax Effect Of Unusual Items": 0.0,
        "Tax Rate For Calcs": 0.4,
        "Normalized EBITDA": -16034000.0,
        "Net Income From Continuing Operation Net Minority Interest": -18098000.0,
        "Reconciled Depreciation": 156000.0,
        "EBITDA": -16034000.0,
        "EBIT": -16190000.0,
        "Net Interest Income": 184000.0,
        "Interest Expense": 130000.0,
        "Interest Income": 314000.0,
        "Normalized Income": -18098000.0,
        "Net Income From Continuing And Discontinued Operation": -18098000.0,
        "Total Expenses": 21781000.0,
        "Total Operating Income As Reported": -16489000.0,
        "Diluted Average Shares": 30324933.0,
        "Basic Average Shares": 30324933.0,
        "Diluted EPS": -0.6,
        "Basic EPS": -0.6,
        "Diluted NI Availto Com Stockholders": -18098000.0,
        "Net Income Common Stockholders": -18098000.0,
        "Net Income": -18098000.0,
        "Net Income Including Noncontrolling Interests": -18098000.0,
        "Net Income Continuous Operations": -18098000.0,
        "Tax Provision": 1778000.0,
        "Pretax Income": -16320000.0,
        "Other Income Expense": -15000.0,
        "Other Non Operating Income Expenses": -15000.0,
        "Net Non Operating Interest Income Expense": 184000.0,
        "Interest Expense Non Operating": 130000.0,
        "Interest Income Non Operating": 314000.0,
        "Operating Income": -16489000.0,
        "Operating Expense": 21781000.0,
        "Research And Development": 17587000.0,
        "Selling General And Administration": 4194000.0,
        "General And Administrative Expense": 4194000.0,
        "Other Gand A": 4194000.0,
        "Total Revenue": 5292000.0,
        "Operating Revenue": 5292000.0
    },
    "2022-03-31": {
        "Diluted EPS": -0.25,
        "Total Revenue": 14,
        "Gross Profit": 14,
        "Operating Income": -7,
        "EBIT": -7,
        "Net Income": -8
    },
    "2021-12-31": {
        "Diluted EPS": -0.52,
        "Total Revenue": 5,
        "Gross Profit": 5,
        "Operating Income": -15,
        "EBIT": -15,
        "Net Income": -15
    },
    "2021-09-30": {
        "Diluted EPS": -0.55,
        "Total Revenue": 9,
        "Gross Profit": 9,
        "Operating Income": -13,
        "EBIT": -13,
        "Net Income": -13
    },
    "2021-06-30": {
        "Diluted EPS": -0.46,
        "Total Revenue": 7,
        "Gross Profit": 7,
        "Operating Income": -11,
        "EBIT": -10,
        "Net Income": -11
    },
    "2021-03-31": {
        "Diluted EPS": -0.45,
        "Total Revenue": 3,
        "Gross Profit": 3,
        "Operating Income": -10,
        "EBIT": -10,
        "Net Income": -11
    },
    "2020-12-31": {
        "Diluted EPS": -0.23,
        "Total Revenue": 6,
        "Gross Profit": 6,
        "Operating Income": -6,
        "EBIT": -6,
        "Net Income": -6
    },
    "2020-09-30": {
        "Diluted EPS": -0.28,
        "Total Revenue": 2,
        "Gross Profit": 2,
        "Operating Income": -7,
        "EBIT": -7,
        "Net Income": -6
    },
    "2020-06-30": {
        "Diluted EPS": -0.53,
        "Total Revenue": 1,
        "Gross Profit": 1,
        "Operating Income": -10,
        "EBIT": -10,
        "Net Income": -10
    },
    "2020-03-31": {
        "Diluted EPS": -0.3,
        "Total Revenue": 1,
        "Gross Profit": 1,
        "Operating Income": -6,
        "EBIT": -5,
        "Net Income": -6
    },
    "2019-12-31": {
        "Diluted EPS": -0.32,
        "Total Revenue": 1,
        "Gross Profit": 1,
        "Operating Income": -7,
        "EBIT": -7,
        "Net Income": -6
    },
    "2019-09-30": {
        "Diluted EPS": -0.62,
        "Total Revenue": 0,
        "Gross Profit": 0,
        "Operating Income": -12,
        "EBIT": -12,
        "Net Income": -11
    },
    "2019-06-30": {
        "Diluted EPS": -0.64,
        "Total Revenue": 1,
        "Gross Profit": 1,
        "Operating Income": -12,
        "EBIT": -12,
        "Net Income": -12
    },
    "2019-03-31": {
        "Diluted EPS": -0.7,
        "Total Revenue": NaN,
        "Gross Profit": NaN,
        "Operating Income": -13,
        "EBIT": -13,
        "Net Income": -12
    },
    "2018-12-31": {
        "Diluted EPS": -0.8,
        "Total Revenue": NaN,
        "Gross Profit": NaN,
        "Operating Income": -11,
        "EBIT": -12,
        "Net Income": -11
    },
    "2018-09-30": {
        "Diluted EPS": -0.88,
        "Total Revenue": NaN,
        "Gross Profit": NaN,
        "Operating Income": -12,
        "EBIT": -12,
        "Net Income": -12
    },
    "2018-06-30": {
        "Diluted EPS": -0.57,
        "Total Revenue": 0,
        "Gross Profit": 0,
        "Operating Income": -8,
        "EBIT": -9,
        "Net Income": -8
    },
    "2018-03-31": {
        "Diluted EPS": -0.38,
        "Total Revenue": 0,
        "Gross Profit": 0,
        "Operating Income": -6,
        "EBIT": -6,
        "Net Income": -5
    },
    "2017-12-31": {
        "Diluted EPS": 7.25,
        "Total Revenue": 0,
        "Gross Profit": 0,
        "Operating Income": -5,
        "EBIT": -5,
        "Net Income": -4
    },
    "2017-09-30": {
        "Diluted EPS": 0.18,
        "Total Revenue": 0,
        "Gross Profit": 0,
        "Operating Income": -5,
        "EBIT": -4,
        "Net Income": 2
    },
    "2017-06-30": {
        "Diluted EPS": -5.4,
        "Total Revenue": 1,
        "Gross Profit": 1,
        "Operating Income": -4,
        "EBIT": -4,
        "Net Income": -4
    },
    "2017-03-31": {
        "Diluted EPS": -3.23,
        "Total Revenue": 1,
        "Gross Profit": 1,
        "Operating Income": -2,
        "EBIT": -2,
        "Net Income": -2
    },
    "2016-12-31": {
        "Diluted EPS": 2.67,
        "Total Revenue": 2,
        "Gross Profit": 2,
        "Operating Income": 16,
        "EBIT": 16,
        "Net Income": 15
    },
    "2016-09-30": {
        "Diluted EPS": -0.61,
        "Total Revenue": 1,
        "Gross Profit": 1,
        "Operating Income": 0,
        "EBIT": 0,
        "Net Income": 0
    },
    "2016-06-30": {
        "Diluted EPS": -2.2,
        "Total Revenue": NaN,
        "Gross Profit": NaN,
        "Operating Income": -9,
        "EBIT": -9,
        "Net Income": -8
    },
    "2016-03-31": {
        "Diluted EPS": -2.04,
        "Total Revenue": NaN,
        "Gross Profit": NaN,
        "Operating Income": -8,
        "EBIT": -8,
        "Net Income": -8
    },
    "2015-12-31": {
        "Diluted EPS": 14.26,
        "Total Revenue": NaN,
        "Gross Profit": NaN,
        "Operating Income": 15,
        "EBIT": 15,
        "Net Income": 16
    },
    "2015-09-30": {
        "Diluted EPS": -1.56,
        "Total Revenue": NaN,
        "Gross Profit": NaN,
        "Operating Income": -6,
        "EBIT": -6,
        "Net Income": -6
    },
    "2015-06-30": {
        "Diluted EPS": -5.64,
        "Total Revenue": NaN,
        "Gross Profit": NaN,
        "Operating Income": -6,
        "EBIT": -6,
        "Net Income": -6
    },
    "2015-03-31": {
        "Diluted EPS": -7.8,
        "Total Revenue": NaN,
        "Gross Profit": NaN,
        "Operating Income": -4,
        "EBIT": -4,
        "Net Income": -4
    },
    "2014-12-31": {
        "Diluted EPS": 160.56,
        "Total Revenue": NaN,
        "Gross Profit": NaN,
        "Operating Income": -3,
        "EBIT": -3,
        "Net Income": -3
    },
    "2014-09-30": {
        "Diluted EPS": -30.72,
        "Total Revenue": NaN,
        "Gross Profit": NaN,
        "Operating Income": -3,
        "EBIT": -2,
        "Net Income": -3
    },
    "2014-06-30": {
        "Diluted EPS": -102.8,
        "Total Revenue": NaN,
        "Gross Profit": NaN,
        "Operating Income": -4,
        "EBIT": -4,
        "Net Income": -4
    },
    "2014-03-31": {
        "Diluted EPS": -108.12,
        "Total Revenue": NaN,
        "Gross Profit": NaN,
        "Operating Income": -4,
        "EBIT": -4,
        "Net Income": -4
    },
    "2013-12-31": {
        "Diluted EPS": 0.0,
        "Total Revenue": NaN,
        "Gross Profit": NaN,
        "Operating Income": NaN,
        "EBIT": NaN,
        "Net Income": NaN
    },
    "2012-12-31": {
        "Diluted EPS": 0.0,
        "Total Revenue": NaN,
        "Gross Profit": NaN,
        "Operating Income": NaN,
        "EBIT": NaN,
        "Net Income": NaN
    },
    "2023-06-30": {
        "Tax Effect Of Unusual Items": 0.0,
        "Tax Rate For Calcs": 0.0,
        "Normalized EBITDA": -12986000.0,
        "Net Income From Continuing Operation Net Minority Interest": -13156000.0,
        "Reconciled Depreciation": 142000.0,
        "EBITDA": -12986000.0,
        "EBIT": -13128000.0,
        "Net Interest Income": 2500000.0,
        "Interest Expense": 28000.0,
        "Interest Income": 2528000.0,
        "Normalized Income": -13156000.0,
        "Net Income From Continuing And Discontinued Operation": -13156000.0,
        "Total Expenses": 24248000.0,
        "Total Operating Income As Reported": -15655000.0,
        "Diluted Average Shares": 48049936.0,
        "Basic Average Shares": 48049936.0,
        "Diluted EPS": -0.27,
        "Basic EPS": -0.27,
        "Diluted NI Availto Com Stockholders": -13156000.0,
        "Net Income Common Stockholders": -13156000.0,
        "Net Income": -13156000.0,
        "Net Income Including Noncontrolling Interests": -13156000.0,
        "Net Income Continuous Operations": -13156000.0,
        "Tax Provision": 0.0,
        "Pretax Income": -13156000.0,
        "Other Income Expense": -1000.0,
        "Other Non Operating Income Expenses": -1000.0,
        "Net Non Operating Interest Income Expense": 2500000.0,
        "Interest Expense Non Operating": 28000.0,
        "Interest Income Non Operating": 2528000.0,
        "Operating Income": -15655000.0,
        "Operating Expense": 24248000.0,
        "Research And Development": 19241000.0,
        "Selling General And Administration": 5007000.0,
        "General And Administrative Expense": 5007000.0,
        "Other Gand A": 5007000.0,
        "Total Revenue": 8593000.0,
        "Operating Revenue": 8593000.0
    },
    "2023-09-30": {
        "Tax Effect Of Unusual Items": 0.0,
        "Tax Rate For Calcs": 0.0,
        "Normalized EBITDA": -11576000.0,
        "Net Income From Continuing Operation Net Minority Interest": -11722000.0,
        "Reconciled Depreciation": 146000.0,
        "EBITDA": -11576000.0,
        "EBIT": -11722000.0,
        "Net Interest Income": 2891000.0,
        "Interest Expense": 0.0,
        "Interest Income": 2891000.0,
        "Normalized Income": -11722000.0,
        "Net Income From Continuing And Discontinued Operation": -11722000.0,
        "Total Expenses": 24593000.0,
        "Total Operating Income As Reported": -14550000.0,
        "Diluted Average Shares": 49222344.0,
        "Basic Average Shares": 49222344.0,
        "Diluted EPS": -0.24,
        "Basic EPS": -0.24,
        "Diluted NI Availto Com Stockholders": -11722000.0,
        "Net Income Common Stockholders": -11722000.0,
        "Net Income": -11722000.0,
        "Net Income Including Noncontrolling Interests": -11722000.0,
        "Net Income Continuous Operations": -11722000.0,
        "Tax Provision": 0.0,
        "Pretax Income": -11722000.0,
        "Other Income Expense": -63000.0,
        "Other Non Operating Income Expenses": -63000.0,
        "Net Non Operating Interest Income Expense": 2891000.0,
        "Interest Expense Non Operating": 0.0,
        "Interest Income Non Operating": 2891000.0,
        "Operating Income": -14550000.0,
        "Operating Expense": 24593000.0,
        "Research And Development": 19150000.0,
        "Selling General And Administration": 5443000.0,
        "General And Administrative Expense": 5443000.0,
        "Other Gand A": 5443000.0,
        "Total Revenue": 10043000.0,
        "Operating Revenue": 10043000.0
    },
    "2023-12-31": {
        "Tax Effect Of Unusual Items": 0.0,
        "Tax Rate For Calcs": 0.016988,
        "Normalized EBITDA": 6211000.0,
        "Net Income From Continuing Operation Net Minority Interest": 5960000.0,
        "Reconciled Depreciation": 148000.0,
        "EBITDA": 6211000.0,
        "EBIT": 6063000.0,
        "Net Interest Income": 4015000.0,
        "Interest Expense": 0.0,
        "Interest Income": 4015000.0,
        "Normalized Income": 5960000.0,
        "Net Income From Continuing And Discontinued Operation": 5960000.0,
        "Total Expenses": 29306000.0,
        "Total Operating Income As Reported": 1547000.0,
        "Diluted Average Shares": NaN,
        "Basic Average Shares": NaN,
        "Diluted EPS": NaN,
        "Basic EPS": NaN,
        "Diluted NI Availto Com Stockholders": 5960000.0,
        "Net Income Common Stockholders": 5960000.0,
        "Net Income": 5960000.0,
        "Net Income Including Noncontrolling Interests": 5960000.0,
        "Net Income Continuous Operations": 5960000.0,
        "Tax Provision": 103000.0,
        "Pretax Income": 6063000.0,
        "Other Income Expense": 501000.0,
        "Other Non Operating Income Expenses": 501000.0,
        "Net Non Operating Interest Income Expense": 4015000.0,
        "Interest Expense Non Operating": 0.0,
        "Interest Income Non Operating": 4015000.0,
        "Operating Income": 1547000.0,
        "Operating Expense": 29306000.0,
        "Research And Development": 22932000.0,
        "Selling General And Administration": 6374000.0,
        "General And Administrative Expense": 6374000.0,
        "Other Gand A": 6374000.0,
        "Total Revenue": 30853000.0,
        "Operating Revenue": 30853000.0
    },
    "2024-03-31": {
        "Tax Effect Of Unusual Items": 0.0,
        "Tax Rate For Calcs": 0.0,
        "Normalized EBITDA": -17771000.0,
        "Net Income From Continuing Operation Net Minority Interest": -17918000.0,
        "Reconciled Depreciation": 147000.0,
        "EBITDA": -17771000.0,
        "EBIT": -17918000.0,
        "Net Interest Income": 4781000.0,
        "Interest Expense": 0.0,
        "Interest Income": 4781000.0,
        "Normalized Income": -17918000.0,
        "Net Income From Continuing And Discontinued Operation": -17918000.0,
        "Total Expenses": 29728000.0,
        "Total Operating Income As Reported": -22696000.0,
        "Diluted Average Shares": 64033018.0,
        "Basic Average Shares": 64033018.0,
        "Diluted EPS": -0.28,
        "Basic EPS": -0.28,
        "Diluted NI Availto Com Stockholders": -17918000.0,
        "Net Income Common Stockholders": -17918000.0,
        "Net Income": -17918000.0,
        "Net Income Including Noncontrolling Interests": -17918000.0,
        "Net Income Continuous Operations": -17918000.0,
        "Tax Provision": NaN,
        "Pretax Income": -17918000.0,
        "Other Income Expense": -3000.0,
        "Other Non Operating Income Expenses": -3000.0,
        "Net Non Operating Interest Income Expense": 4781000.0,
        "Interest Expense Non Operating": 0.0,
        "Interest Income Non Operating": 4781000.0,
        "Operating Income": -22696000.0,
        "Operating Expense": 29728000.0,
        "Research And Development": 22457000.0,
        "Selling General And Administration": 7271000.0,
        "General And Administrative Expense": 7271000.0,
        "Other Gand A": 7271000.0,
        "Total Revenue": 7032000.0,
        "Operating Revenue": 7032000.0
    }
}