{
    "2023-03-31": {
        "Tax Effect Of Unusual Items": NaN,
        "Tax Rate For Calcs": NaN,
        "Normalized EBITDA": NaN,
        "Net Income From Continuing Operation Net Minority Interest": NaN,
        "Reconciled Depreciation": NaN,
        "EBITDA": NaN,
        "EBIT": NaN,
        "Net Interest Income": NaN,
        "Interest Expense": NaN,
        "Interest Income": NaN,
        "Normalized Income": NaN,
        "Net Income From Continuing And Discontinued Operation": NaN,
        "Total Expenses": NaN,
        "Total Operating Income As Reported": NaN,
        "Diluted Average Shares": 50125685.0,
        "Basic Average Shares": 50125685.0,
        "Diluted EPS": -0.4,
        "Basic EPS": -0.4,
        "Diluted NI Availto Com Stockholders": NaN,
        "Net Income Common Stockholders": NaN,
        "Net Income": NaN,
        "Net Income Including Noncontrolling Interests": NaN,
        "Net Income Continuous Operations": NaN,
        "Tax Provision": NaN,
        "Pretax Income": NaN,
        "Other Income Expense": NaN,
        "Other Non Operating Income Expenses": NaN,
        "Net Non Operating Interest Income Expense": NaN,
        "Interest Expense Non Operating": NaN,
        "Interest Income Non Operating": NaN,
        "Operating Income": NaN,
        "Operating Expense": NaN,
        "Research And Development": NaN,
        "Selling General And Administration": NaN,
        "General And Administrative Expense": NaN,
        "Other Gand A": NaN,
        "Total Revenue": NaN,
        "Operating Revenue": NaN
    },
    "2022-12-31": {
        "Tax Effect Of Unusual Items": NaN,
        "Tax Rate For Calcs": NaN,
        "Normalized EBITDA": NaN,
        "Total Unusual Items": 0.0,
        "Total Unusual Items Excluding Goodwill": 0.0,
        "Net Income From Continuing Operation Net Minority Interest": NaN,
        "Reconciled Depreciation": NaN,
        "EBITDA": NaN,
        "EBIT": NaN,
        "Net Interest Income": NaN,
        "Interest Expense": NaN,
        "Interest Income": NaN,
        "Normalized Income": NaN,
        "Net Income From Continuing And Discontinued Operation": NaN,
        "Total Expenses": NaN,
        "Total Operating Income As Reported": NaN,
        "Diluted Average Shares": NaN,
        "Basic Average Shares": NaN,
        "Diluted EPS": NaN,
        "Basic EPS": NaN,
        "Diluted NI Availto Com Stockholders": NaN,
        "Net Income Common Stockholders": NaN,
        "Net Income": NaN,
        "Net Income Including Noncontrolling Interests": NaN,
        "Net Income Continuous Operations": NaN,
        "Tax Provision": 0.0,
        "Pretax Income": NaN,
        "Other Income Expense": NaN,
        "Other Non Operating Income Expenses": NaN,
        "Special Income Charges": 0.0,
        "Impairment Of Capital Assets": 0.0,
        "Net Non Operating Interest Income Expense": NaN,
        "Interest Expense Non Operating": NaN,
        "Interest Income Non Operating": NaN,
        "Operating Income": NaN,
        "Operating Expense": NaN,
        "Research And Development": NaN,
        "Selling General And Administration": NaN,
        "General And Administrative Expense": NaN,
        "Other Gand A": NaN,
        "Total Revenue": NaN,
        "Operating Revenue": NaN
    },
    "2022-09-30": {
        "Tax Effect Of Unusual Items": NaN,
        "Tax Rate For Calcs": NaN,
        "Normalized EBITDA": NaN,
        "Total Unusual Items": 0.0,
        "Total Unusual Items Excluding Goodwill": 0.0,
        "Net Income From Continuing Operation Net Minority Interest": NaN,
        "Reconciled Depreciation": NaN,
        "EBITDA": NaN,
        "EBIT": NaN,
        "Net Interest Income": NaN,
        "Interest Expense": NaN,
        "Interest Income": NaN,
        "Normalized Income": NaN,
        "Net Income From Continuing And Discontinued Operation": NaN,
        "Total Expenses": NaN,
        "Total Operating Income As Reported": NaN,
        "Diluted Average Shares": NaN,
        "Basic Average Shares": NaN,
        "Diluted EPS": NaN,
        "Basic EPS": NaN,
        "Diluted NI Availto Com Stockholders": NaN,
        "Net Income Common Stockholders": NaN,
        "Net Income": NaN,
        "Net Income Including Noncontrolling Interests": NaN,
        "Net Income Continuous Operations": NaN,
        "Tax Provision": -197000.0,
        "Pretax Income": NaN,
        "Other Income Expense": NaN,
        "Other Non Operating Income Expenses": NaN,
        "Special Income Charges": 0.0,
        "Impairment Of Capital Assets": 0.0,
        "Net Non Operating Interest Income Expense": NaN,
        "Interest Expense Non Operating": NaN,
        "Interest Income Non Operating": NaN,
        "Operating Income": NaN,
        "Operating Expense": NaN,
        "Research And Development": NaN,
        "Selling General And Administration": NaN,
        "General And Administrative Expense": NaN,
        "Other Gand A": NaN,
        "Total Revenue": NaN,
        "Operating Revenue": NaN
    },
    "2022-06-30": {
        "Tax Effect Of Unusual Items": 0.0,
        "Tax Rate For Calcs": 0.0,
        "Normalized EBITDA": -19989000.0,
        "Total Unusual Items": 0.0,
        "Total Unusual Items Excluding Goodwill": 0.0,
        "Net Income From Continuing Operation Net Minority Interest": -20107000.0,
        "Reconciled Depreciation": 53000.0,
        "EBITDA": -19989000.0,
        "EBIT": -20042000.0,
        "Net Interest Income": 263000.0,
        "Interest Expense": 65000.0,
        "Interest Income": 328000.0,
        "Normalized Income": -20107000.0,
        "Net Income From Continuing And Discontinued Operation": -20107000.0,
        "Total Expenses": 20403000.0,
        "Total Operating Income As Reported": -20395000.0,
        "Diluted Average Shares": 47502599.0,
        "Basic Average Shares": 47502599.0,
        "Diluted EPS": -0.42,
        "Basic EPS": -0.42,
        "Diluted NI Availto Com Stockholders": -20107000.0,
        "Net Income Common Stockholders": -20107000.0,
        "Net Income": -20107000.0,
        "Net Income Including Noncontrolling Interests": -20107000.0,
        "Net Income Continuous Operations": -20107000.0,
        "Tax Provision": NaN,
        "Pretax Income": -20107000.0,
        "Other Income Expense": 25000.0,
        "Other Non Operating Income Expenses": 25000.0,
        "Special Income Charges": 0.0,
        "Impairment Of Capital Assets": 0.0,
        "Net Non Operating Interest Income Expense": 263000.0,
        "Interest Expense Non Operating": 65000.0,
        "Interest Income Non Operating": 328000.0,
        "Operating Income": -20395000.0,
        "Operating Expense": 20403000.0,
        "Research And Development": 15993000.0,
        "Selling General And Administration": 4410000.0,
        "General And Administrative Expense": 4410000.0,
        "Other Gand A": 4410000.0,
        "Total Revenue": 8000.0,
        "Operating Revenue": 8000.0
    },
    "2022-03-31": {
        "Diluted EPS": -0.44,
        "Total Revenue": 0,
        "Gross Profit": 0,
        "Operating Income": -19,
        "EBIT": -19,
        "Net Income": -19
    },
    "2021-12-31": {
        "Diluted EPS": -0.56,
        "Total Revenue": 3,
        "Gross Profit": 3,
        "Operating Income": -24,
        "EBIT": -24,
        "Net Income": -24
    },
    "2021-09-30": {
        "Diluted EPS": -0.81,
        "Total Revenue": 0,
        "Gross Profit": 0,
        "Operating Income": -33,
        "EBIT": -33,
        "Net Income": -34
    },
    "2021-06-30": {
        "Diluted EPS": -0.6,
        "Total Revenue": 0,
        "Gross Profit": 0,
        "Operating Income": -25,
        "EBIT": -25,
        "Net Income": -25
    },
    "2021-03-31": {
        "Diluted EPS": -0.38,
        "Total Revenue": 1,
        "Gross Profit": 1,
        "Operating Income": -15,
        "EBIT": -15,
        "Net Income": -15
    },
    "2020-12-31": {
        "Diluted EPS": -0.17,
        "Total Revenue": 2,
        "Gross Profit": 2,
        "Operating Income": -11,
        "EBIT": -11,
        "Net Income": -11
    },
    "2020-09-30": {
        "Diluted EPS": -0.54,
        "Total Revenue": 3,
        "Gross Profit": 3,
        "Operating Income": -18,
        "EBIT": -18,
        "Net Income": -18
    },
    "2020-06-30": {
        "Diluted EPS": -0.94,
        "Total Revenue": 1,
        "Gross Profit": 1,
        "Operating Income": -18,
        "EBIT": -18,
        "Net Income": -17
    },
    "2020-03-31": {
        "Diluted EPS": -0.26,
        "Total Revenue": 2,
        "Gross Profit": 2,
        "Operating Income": -7,
        "EBIT": -7,
        "Net Income": -4
    },
    "2019-12-31": {
        "Diluted EPS": -0.33,
        "Total Revenue": 1,
        "Gross Profit": 1,
        "Operating Income": -3,
        "EBIT": -4,
        "Net Income": -4
    },
    "2019-09-30": {
        "Diluted EPS": -0.74,
        "Total Revenue": 1,
        "Gross Profit": 1,
        "Operating Income": -11,
        "EBIT": -10,
        "Net Income": -11
    },
    "2019-06-30": {
        "Diluted EPS": -0.26,
        "Total Revenue": 2,
        "Gross Profit": 2,
        "Operating Income": -4,
        "EBIT": -3,
        "Net Income": -3
    },
    "2019-03-31": {
        "Diluted EPS": -0.27,
        "Total Revenue": 3,
        "Gross Profit": 3,
        "Operating Income": -2,
        "EBIT": -2,
        "Net Income": -3
    },
    "2018-12-31": {
        "Diluted EPS": 4.35,
        "Total Revenue": 3,
        "Gross Profit": 3,
        "Operating Income": -27,
        "EBIT": -3,
        "Net Income": -25
    },
    "2018-09-30": {
        "Diluted EPS": -1.73,
        "Total Revenue": 3,
        "Gross Profit": 3,
        "Operating Income": -4,
        "EBIT": -4,
        "Net Income": -2
    },
    "2018-06-30": {
        "Diluted EPS": -10.29,
        "Total Revenue": 2,
        "Gross Profit": 2,
        "Operating Income": -5,
        "EBIT": -5,
        "Net Income": -10
    },
    "2018-03-31": {
        "Diluted EPS": -7.49,
        "Total Revenue": 3,
        "Gross Profit": 3,
        "Operating Income": -6,
        "EBIT": -5,
        "Net Income": -5
    },
    "2017-12-31": {
        "Diluted EPS": -29.11,
        "Total Revenue": 3,
        "Gross Profit": 3,
        "Operating Income": -13,
        "EBIT": -3,
        "Net Income": -12
    },
    "2017-09-30": {
        "Diluted EPS": -61.57,
        "Total Revenue": 5,
        "Gross Profit": 5,
        "Operating Income": -31,
        "EBIT": -4,
        "Net Income": -32
    },
    "2017-06-30": {
        "Diluted EPS": -7.81,
        "Total Revenue": 3,
        "Gross Profit": 3,
        "Operating Income": -4,
        "EBIT": -4,
        "Net Income": -3
    },
    "2017-03-31": {
        "Diluted EPS": -20.42,
        "Total Revenue": 0,
        "Gross Profit": 0,
        "Operating Income": -5,
        "EBIT": -4,
        "Net Income": -5
    },
    "2016-12-31": {
        "Diluted EPS": -15.02,
        "Total Revenue": 1,
        "Gross Profit": 1,
        "Operating Income": -3,
        "EBIT": -3,
        "Net Income": -4
    },
    "2016-09-30": {
        "Diluted EPS": -21.32,
        "Total Revenue": 1,
        "Gross Profit": 1,
        "Operating Income": -5,
        "EBIT": -5,
        "Net Income": -5
    },
    "2016-06-30": {
        "Diluted EPS": -7.51,
        "Total Revenue": 1,
        "Gross Profit": 1,
        "Operating Income": -2,
        "EBIT": -2,
        "Net Income": -2
    },
    "2016-03-31": {
        "Diluted EPS": -6.01,
        "Total Revenue": 1,
        "Gross Profit": 1,
        "Operating Income": -1,
        "EBIT": -1,
        "Net Income": -1
    },
    "2015-12-31": {
        "Diluted EPS": -3.0,
        "Total Revenue": 1,
        "Gross Profit": 1,
        "Operating Income": -1,
        "EBIT": -1,
        "Net Income": -1
    },
    "2015-09-30": {
        "Diluted EPS": -6.01,
        "Total Revenue": 1,
        "Gross Profit": 1,
        "Operating Income": -2,
        "EBIT": -2,
        "Net Income": -1
    },
    "2015-06-30": {
        "Diluted EPS": -12.01,
        "Total Revenue": 1,
        "Gross Profit": 1,
        "Operating Income": -2,
        "EBIT": -2,
        "Net Income": -2
    },
    "2015-03-31": {
        "Diluted EPS": 6.01,
        "Total Revenue": 7,
        "Gross Profit": 7,
        "Operating Income": 1,
        "EBIT": 1,
        "Net Income": 1
    },
    "2014-12-31": {
        "Diluted EPS": -12.01,
        "Total Revenue": 2,
        "Gross Profit": 2,
        "Operating Income": -3,
        "EBIT": -3,
        "Net Income": -3
    },
    "2014-09-30": {
        "Diluted EPS": -24.02,
        "Total Revenue": 1,
        "Gross Profit": 1,
        "Operating Income": -4,
        "EBIT": -4,
        "Net Income": -5
    },
    "2014-06-30": {
        "Diluted EPS": -3.0,
        "Total Revenue": 4,
        "Gross Profit": 4,
        "Operating Income": -1,
        "EBIT": -1,
        "Net Income": 0
    },
    "2014-03-31": {
        "Diluted EPS": -12.01,
        "Total Revenue": 4,
        "Gross Profit": 4,
        "Operating Income": -2,
        "EBIT": -2,
        "Net Income": -2
    },
    "2013-12-31": {
        "Diluted EPS": -27.03,
        "Total Revenue": 4,
        "Gross Profit": 4,
        "Operating Income": -5,
        "EBIT": -5,
        "Net Income": -4
    },
    "2013-09-30": {
        "Diluted EPS": -24.02,
        "Total Revenue": 3,
        "Gross Profit": 3,
        "Operating Income": -3,
        "EBIT": -3,
        "Net Income": -4
    },
    "2013-06-30": {
        "Diluted EPS": -6.01,
        "Total Revenue": 4,
        "Gross Profit": 4,
        "Operating Income": -1,
        "EBIT": -1,
        "Net Income": -1
    },
    "2013-03-31": {
        "Diluted EPS": -12.01,
        "Total Revenue": 6,
        "Gross Profit": 6,
        "Operating Income": -1,
        "EBIT": -1,
        "Net Income": -2
    },
    "2012-12-31": {
        "Diluted EPS": -6.01,
        "Total Revenue": 6,
        "Gross Profit": 6,
        "Operating Income": -1,
        "EBIT": -1,
        "Net Income": -1
    },
    "2012-09-30": {
        "Diluted EPS": 0.0,
        "Total Revenue": 7,
        "Gross Profit": 7,
        "Operating Income": -2,
        "EBIT": -2,
        "Net Income": 0
    },
    "2012-06-30": {
        "Diluted EPS": -6.01,
        "Total Revenue": 6,
        "Gross Profit": 6,
        "Operating Income": -1,
        "EBIT": -1,
        "Net Income": -1
    },
    "2012-03-31": {
        "Diluted EPS": -18.02,
        "Total Revenue": 6,
        "Gross Profit": 6,
        "Operating Income": -2,
        "EBIT": -2,
        "Net Income": -3
    },
    "2011-12-31": {
        "Diluted EPS": 3.21,
        "Total Revenue": 6,
        "Gross Profit": 6,
        "Operating Income": -1,
        "EBIT": -1,
        "Net Income": 1
    },
    "2011-09-30": {
        "Diluted EPS": -0.21,
        "Total Revenue": 5,
        "Gross Profit": 5,
        "Operating Income": -3,
        "EBIT": -3,
        "Net Income": 0
    },
    "2011-06-30": {
        "Diluted EPS": -15.02,
        "Total Revenue": 6,
        "Gross Profit": 6,
        "Operating Income": -3,
        "EBIT": -3,
        "Net Income": -2
    },
    "2011-03-31": {
        "Diluted EPS": -12.01,
        "Total Revenue": 6,
        "Gross Profit": 6,
        "Operating Income": -5,
        "EBIT": -4,
        "Net Income": -2
    },
    "2010-12-31": {
        "Diluted EPS": -132.13,
        "Total Revenue": 7,
        "Gross Profit": 7,
        "Operating Income": -7,
        "EBIT": -7,
        "Net Income": -16
    },
    "2010-09-30": {
        "Diluted EPS": -42.04,
        "Total Revenue": 6,
        "Gross Profit": 6,
        "Operating Income": -3,
        "EBIT": -3,
        "Net Income": -4
    },
    "2010-06-30": {
        "Diluted EPS": -66.07,
        "Total Revenue": 5,
        "Gross Profit": 5,
        "Operating Income": -6,
        "EBIT": -5,
        "Net Income": -6
    },
    "2010-03-31": {
        "Diluted EPS": -84.08,
        "Total Revenue": 3,
        "Gross Profit": 3,
        "Operating Income": -7,
        "EBIT": -7,
        "Net Income": -8
    },
    "2009-12-31": {
        "Diluted EPS": -60.06,
        "Total Revenue": 7,
        "Gross Profit": 7,
        "Operating Income": -6,
        "EBIT": -6,
        "Net Income": -6
    },
    "2009-09-30": {
        "Diluted EPS": -150.15,
        "Total Revenue": 7,
        "Gross Profit": 7,
        "Operating Income": -8,
        "EBIT": -7,
        "Net Income": -14
    },
    "2009-06-30": {
        "Diluted EPS": -72.07,
        "Total Revenue": 8,
        "Gross Profit": 8,
        "Operating Income": -7,
        "EBIT": -7,
        "Net Income": -7
    },
    "2009-03-31": {
        "Diluted EPS": -69.07,
        "Total Revenue": 6,
        "Gross Profit": 6,
        "Operating Income": -6,
        "EBIT": -5,
        "Net Income": -6
    },
    "2023-06-30": {
        "Tax Effect Of Unusual Items": NaN,
        "Tax Rate For Calcs": NaN,
        "Normalized EBITDA": NaN,
        "Net Income From Continuing Operation Net Minority Interest": NaN,
        "Reconciled Depreciation": NaN,
        "EBITDA": NaN,
        "EBIT": NaN,
        "Net Interest Income": NaN,
        "Interest Expense": NaN,
        "Interest Income": NaN,
        "Normalized Income": NaN,
        "Net Income From Continuing And Discontinued Operation": NaN,
        "Total Expenses": NaN,
        "Total Operating Income As Reported": NaN,
        "Diluted Average Shares": 50691558.0,
        "Basic Average Shares": 50691558.0,
        "Diluted EPS": -0.32,
        "Basic EPS": -0.32,
        "Diluted NI Availto Com Stockholders": NaN,
        "Net Income Common Stockholders": NaN,
        "Net Income": NaN,
        "Net Income Including Noncontrolling Interests": NaN,
        "Net Income Continuous Operations": NaN,
        "Tax Provision": NaN,
        "Pretax Income": NaN,
        "Other Income Expense": NaN,
        "Other Non Operating Income Expenses": NaN,
        "Net Non Operating Interest Income Expense": NaN,
        "Interest Expense Non Operating": NaN,
        "Interest Income Non Operating": NaN,
        "Operating Income": NaN,
        "Operating Expense": NaN,
        "Research And Development": NaN,
        "Selling General And Administration": NaN,
        "General And Administrative Expense": NaN,
        "Other Gand A": NaN,
        "Total Revenue": NaN,
        "Operating Revenue": NaN
    },
    "2023-09-30": {
        "Tax Effect Of Unusual Items": NaN,
        "Tax Rate For Calcs": NaN,
        "Normalized EBITDA": NaN,
        "Net Income From Continuing Operation Net Minority Interest": NaN,
        "Reconciled Depreciation": NaN,
        "EBITDA": NaN,
        "EBIT": NaN,
        "Net Interest Income": NaN,
        "Interest Expense": NaN,
        "Interest Income": NaN,
        "Normalized Income": NaN,
        "Net Income From Continuing And Discontinued Operation": NaN,
        "Total Expenses": NaN,
        "Total Operating Income As Reported": NaN,
        "Diluted Average Shares": NaN,
        "Basic Average Shares": NaN,
        "Diluted EPS": NaN,
        "Basic EPS": NaN,
        "Diluted NI Availto Com Stockholders": NaN,
        "Net Income Common Stockholders": NaN,
        "Net Income": NaN,
        "Net Income Including Noncontrolling Interests": NaN,
        "Net Income Continuous Operations": NaN,
        "Tax Provision": 0.0,
        "Pretax Income": NaN,
        "Other Income Expense": NaN,
        "Other Non Operating Income Expenses": NaN,
        "Net Non Operating Interest Income Expense": NaN,
        "Interest Expense Non Operating": NaN,
        "Interest Income Non Operating": NaN,
        "Operating Income": NaN,
        "Operating Expense": NaN,
        "Research And Development": NaN,
        "Selling General And Administration": NaN,
        "General And Administrative Expense": NaN,
        "Other Gand A": NaN,
        "Total Revenue": NaN,
        "Operating Revenue": NaN
    },
    "2023-12-31": {
        "Tax Effect Of Unusual Items": NaN,
        "Tax Rate For Calcs": NaN,
        "Normalized EBITDA": NaN,
        "Net Income From Continuing Operation Net Minority Interest": NaN,
        "Reconciled Depreciation": NaN,
        "EBITDA": NaN,
        "EBIT": NaN,
        "Net Interest Income": NaN,
        "Interest Expense": NaN,
        "Interest Income": NaN,
        "Normalized Income": NaN,
        "Net Income From Continuing And Discontinued Operation": NaN,
        "Total Expenses": NaN,
        "Total Operating Income As Reported": NaN,
        "Diluted Average Shares": NaN,
        "Basic Average Shares": NaN,
        "Diluted EPS": NaN,
        "Basic EPS": NaN,
        "Diluted NI Availto Com Stockholders": NaN,
        "Net Income Common Stockholders": NaN,
        "Net Income": NaN,
        "Net Income Including Noncontrolling Interests": NaN,
        "Net Income Continuous Operations": NaN,
        "Tax Provision": 0.0,
        "Pretax Income": NaN,
        "Other Income Expense": NaN,
        "Other Non Operating Income Expenses": NaN,
        "Net Non Operating Interest Income Expense": NaN,
        "Interest Expense Non Operating": NaN,
        "Interest Income Non Operating": NaN,
        "Operating Income": NaN,
        "Operating Expense": NaN,
        "Research And Development": NaN,
        "Selling General And Administration": NaN,
        "General And Administrative Expense": NaN,
        "Other Gand A": NaN,
        "Total Revenue": NaN,
        "Operating Revenue": NaN
    },
    "2024-03-31": {
        "Tax Effect Of Unusual Items": 0.0,
        "Tax Rate For Calcs": 0.0,
        "Normalized EBITDA": -24286000.0,
        "Net Income From Continuing Operation Net Minority Interest": -24394000.0,
        "Reconciled Depreciation": 107000.0,
        "EBITDA": -24286000.0,
        "EBIT": -24393000.0,
        "Net Interest Income": 2412000.0,
        "Interest Expense": 1000.0,
        "Interest Income": 2413000.0,
        "Normalized Income": -24394000.0,
        "Net Income From Continuing And Discontinued Operation": -24394000.0,
        "Total Expenses": 26799000.0,
        "Total Operating Income As Reported": -26794000.0,
        "Diluted Average Shares": 70801713.0,
        "Basic Average Shares": 70801713.0,
        "Diluted EPS": -0.34,
        "Basic EPS": -0.34,
        "Diluted NI Availto Com Stockholders": -24394000.0,
        "Net Income Common Stockholders": -24394000.0,
        "Net Income": -24394000.0,
        "Net Income Including Noncontrolling Interests": -24394000.0,
        "Net Income Continuous Operations": -24394000.0,
        "Tax Provision": 0.0,
        "Pretax Income": -24394000.0,
        "Other Income Expense": -12000.0,
        "Other Non Operating Income Expenses": -12000.0,
        "Net Non Operating Interest Income Expense": 2412000.0,
        "Interest Expense Non Operating": 1000.0,
        "Interest Income Non Operating": 2413000.0,
        "Operating Income": -26794000.0,
        "Operating Expense": 26799000.0,
        "Research And Development": 21487000.0,
        "Selling General And Administration": 5312000.0,
        "General And Administrative Expense": 5312000.0,
        "Other Gand A": 5312000.0,
        "Total Revenue": 5000.0,
        "Operating Revenue": 5000.0
    },
    "2024-06-30": {
        "Tax Effect Of Unusual Items": 0.0,
        "Tax Rate For Calcs": 0.0,
        "Normalized EBITDA": -24578000.0,
        "Net Income From Continuing Operation Net Minority Interest": -24640000.0,
        "Reconciled Depreciation": 61000.0,
        "EBITDA": -24578000.0,
        "EBIT": -24639000.0,
        "Net Interest Income": 2181000.0,
        "Interest Expense": 1000.0,
        "Interest Income": 2182000.0,
        "Normalized Income": -24640000.0,
        "Net Income From Continuing And Discontinued Operation": -24640000.0,
        "Total Expenses": 26750000.0,
        "Total Operating Income As Reported": -26745000.0,
        "Diluted Average Shares": 70924371.0,
        "Basic Average Shares": 70924371.0,
        "Diluted EPS": -0.35,
        "Basic EPS": -0.35,
        "Diluted NI Availto Com Stockholders": -24640000.0,
        "Net Income Common Stockholders": -24640000.0,
        "Net Income": -24640000.0,
        "Net Income Including Noncontrolling Interests": -24640000.0,
        "Net Income Continuous Operations": -24640000.0,
        "Tax Provision": NaN,
        "Pretax Income": -24640000.0,
        "Other Income Expense": -76000.0,
        "Other Non Operating Income Expenses": -76000.0,
        "Net Non Operating Interest Income Expense": 2181000.0,
        "Interest Expense Non Operating": 1000.0,
        "Interest Income Non Operating": 2182000.0,
        "Operating Income": -26745000.0,
        "Operating Expense": 26750000.0,
        "Research And Development": 21155000.0,
        "Selling General And Administration": 5595000.0,
        "General And Administrative Expense": 5595000.0,
        "Other Gand A": 5595000.0,
        "Total Revenue": 5000.0,
        "Operating Revenue": 5000.0
    },
    "2024-09-30": {
        "Tax Effect Of Unusual Items": 0.0,
        "Tax Rate For Calcs": 0.0,
        "Normalized EBITDA": -22802000.0,
        "Net Income From Continuing Operation Net Minority Interest": -22845000.0,
        "Reconciled Depreciation": 37000.0,
        "EBITDA": -22802000.0,
        "EBIT": -22839000.0,
        "Net Interest Income": 1904000.0,
        "Interest Expense": 6000.0,
        "Interest Income": 1910000.0,
        "Normalized Income": -22845000.0,
        "Net Income From Continuing And Discontinued Operation": -22845000.0,
        "Total Expenses": 24772000.0,
        "Total Operating Income As Reported": -24767000.0,
        "Diluted Average Shares": 71084787.0,
        "Basic Average Shares": 71084787.0,
        "Diluted EPS": -0.32,
        "Basic EPS": -0.32,
        "Diluted NI Availto Com Stockholders": -22845000.0,
        "Net Income Common Stockholders": -22845000.0,
        "Net Income": -22845000.0,
        "Net Income Including Noncontrolling Interests": -22845000.0,
        "Net Income Continuous Operations": -22845000.0,
        "Tax Provision": NaN,
        "Pretax Income": -22845000.0,
        "Other Income Expense": 18000.0,
        "Other Non Operating Income Expenses": 18000.0,
        "Net Non Operating Interest Income Expense": 1904000.0,
        "Interest Expense Non Operating": 6000.0,
        "Interest Income Non Operating": 1910000.0,
        "Operating Income": -24767000.0,
        "Operating Expense": 24772000.0,
        "Research And Development": 19803000.0,
        "Selling General And Administration": 4969000.0,
        "General And Administrative Expense": 4969000.0,
        "Other Gand A": 4969000.0,
        "Total Revenue": 5000.0,
        "Operating Revenue": 5000.0
    },
    "2024-12-31": {
        "Tax Effect Of Unusual Items": 0.0,
        "Tax Rate For Calcs": 0.0,
        "Normalized EBITDA": -23146000.0,
        "Net Income From Continuing Operation Net Minority Interest": -23180000.0,
        "Reconciled Depreciation": 33000.0,
        "EBITDA": -23146000.0,
        "EBIT": -23179000.0,
        "Net Interest Income": 1568000.0,
        "Interest Expense": 1000.0,
        "Interest Income": 1569000.0,
        "Normalized Income": -23180000.0,
        "Net Income From Continuing And Discontinued Operation": -23180000.0,
        "Total Expenses": 24871000.0,
        "Total Operating Income As Reported": -24866000.0,
        "Diluted Average Shares": 71260875.0,
        "Basic Average Shares": 71260875.0,
        "Diluted EPS": -0.33,
        "Basic EPS": -0.33,
        "Diluted NI Availto Com Stockholders": -23180000.0,
        "Net Income Common Stockholders": -23180000.0,
        "Net Income": -23180000.0,
        "Net Income Including Noncontrolling Interests": -23180000.0,
        "Net Income Continuous Operations": -23180000.0,
        "Tax Provision": NaN,
        "Pretax Income": -23180000.0,
        "Other Income Expense": 118000.0,
        "Other Non Operating Income Expenses": 118000.0,
        "Net Non Operating Interest Income Expense": 1568000.0,
        "Interest Expense Non Operating": 1000.0,
        "Interest Income Non Operating": 1569000.0,
        "Operating Income": -24866000.0,
        "Operating Expense": 24871000.0,
        "Research And Development": 19781000.0,
        "Selling General And Administration": 5090000.0,
        "General And Administrative Expense": 5090000.0,
        "Other Gand A": 5090000.0,
        "Total Revenue": 5000.0,
        "Operating Revenue": 5000.0
    },
    "2025-03-31": {
        "Tax Effect Of Unusual Items": 0.0,
        "Tax Rate For Calcs": 0.03362,
        "Normalized EBITDA": -20226000.0,
        "Net Income From Continuing Operation Net Minority Interest": -19575000.0,
        "Reconciled Depreciation": 29000.0,
        "EBITDA": -20226000.0,
        "EBIT": -20255000.0,
        "Net Interest Income": 1544000.0,
        "Interest Expense": 1000.0,
        "Interest Income": 1545000.0,
        "Normalized Income": -19575000.0,
        "Net Income From Continuing And Discontinued Operation": -19575000.0,
        "Total Expenses": 21820000.0,
        "Total Operating Income As Reported": -21815000.0,
        "Diluted Average Shares": 75547746.0,
        "Basic Average Shares": 75547746.0,
        "Diluted EPS": -0.26,
        "Basic EPS": -0.26,
        "Diluted NI Availto Com Stockholders": -19575000.0,
        "Net Income Common Stockholders": -19575000.0,
        "Net Income": -19575000.0,
        "Net Income Including Noncontrolling Interests": -19575000.0,
        "Net Income Continuous Operations": -19575000.0,
        "Tax Provision": -681000.0,
        "Pretax Income": -20256000.0,
        "Other Income Expense": 15000.0,
        "Other Non Operating Income Expenses": 15000.0,
        "Net Non Operating Interest Income Expense": 1544000.0,
        "Interest Expense Non Operating": 1000.0,
        "Interest Income Non Operating": 1545000.0,
        "Operating Income": -21815000.0,
        "Operating Expense": 21820000.0,
        "Research And Development": 15827000.0,
        "Selling General And Administration": 5993000.0,
        "General And Administrative Expense": 5993000.0,
        "Other Gand A": 5993000.0,
        "Total Revenue": 5000.0,
        "Operating Revenue": 5000.0
    }
}