{
    "2023-03-31": {
        "Tax Effect Of Unusual Items": NaN,
        "Tax Rate For Calcs": NaN,
        "Normalized EBITDA": NaN,
        "Total Unusual Items": NaN,
        "Total Unusual Items Excluding Goodwill": NaN,
        "Net Income From Continuing Operation Net Minority Interest": NaN,
        "Reconciled Depreciation": NaN,
        "Reconciled Cost Of Revenue": NaN,
        "EBITDA": NaN,
        "EBIT": NaN,
        "Net Interest Income": NaN,
        "Interest Expense": NaN,
        "Interest Income": NaN,
        "Normalized Income": NaN,
        "Net Income From Continuing And Discontinued Operation": NaN,
        "Total Expenses": NaN,
        "Rent Expense Supplemental": NaN,
        "Total Operating Income As Reported": NaN,
        "Diluted Average Shares": NaN,
        "Basic Average Shares": NaN,
        "Diluted EPS": NaN,
        "Basic EPS": NaN,
        "Diluted NI Availto Com Stockholders": NaN,
        "Net Income Common Stockholders": NaN,
        "Net Income": NaN,
        "Minority Interests": NaN,
        "Net Income Including Noncontrolling Interests": NaN,
        "Net Income Continuous Operations": NaN,
        "Tax Provision": NaN,
        "Pretax Income": NaN,
        "Other Income Expense": NaN,
        "Other Non Operating Income Expenses": NaN,
        "Special Income Charges": NaN,
        "Other Special Charges": 42148000.0,
        "Impairment Of Capital Assets": NaN,
        "Restructuring And Mergern Acquisition": 12942000.0,
        "Gain On Sale Of Security": NaN,
        "Net Non Operating Interest Income Expense": NaN,
        "Interest Expense Non Operating": NaN,
        "Interest Income Non Operating": NaN,
        "Operating Income": NaN,
        "Operating Expense": NaN,
        "Other Operating Expenses": NaN,
        "Depreciation Amortization Depletion Income Statement": NaN,
        "Depreciation And Amortization In Income Statement": NaN,
        "Selling General And Administration": NaN,
        "Selling And Marketing Expense": NaN,
        "General And Administrative Expense": NaN,
        "Other Gand A": NaN,
        "Rent And Landing Fees": NaN,
        "Gross Profit": NaN,
        "Cost Of Revenue": NaN,
        "Total Revenue": NaN,
        "Operating Revenue": NaN
    },
    "2022-12-31": {
        "Tax Effect Of Unusual Items": NaN,
        "Tax Rate For Calcs": NaN,
        "Normalized EBITDA": NaN,
        "Total Unusual Items": NaN,
        "Total Unusual Items Excluding Goodwill": NaN,
        "Net Income From Continuing Operation Net Minority Interest": NaN,
        "Reconciled Depreciation": NaN,
        "Reconciled Cost Of Revenue": NaN,
        "EBITDA": NaN,
        "EBIT": NaN,
        "Net Interest Income": NaN,
        "Interest Expense": NaN,
        "Interest Income": 32898.317499,
        "Normalized Income": NaN,
        "Net Income From Continuing And Discontinued Operation": NaN,
        "Total Expenses": NaN,
        "Rent Expense Supplemental": NaN,
        "Total Operating Income As Reported": NaN,
        "Diluted Average Shares": NaN,
        "Basic Average Shares": NaN,
        "Diluted EPS": NaN,
        "Basic EPS": NaN,
        "Diluted NI Availto Com Stockholders": NaN,
        "Net Income Common Stockholders": NaN,
        "Net Income": NaN,
        "Minority Interests": NaN,
        "Net Income Including Noncontrolling Interests": NaN,
        "Net Income Continuous Operations": NaN,
        "Tax Provision": NaN,
        "Pretax Income": NaN,
        "Other Income Expense": NaN,
        "Other Non Operating Income Expenses": NaN,
        "Special Income Charges": NaN,
        "Gain On Sale Of Ppe": -1.2102,
        "Gain On Sale Of Business": 430705.813629,
        "Other Special Charges": NaN,
        "Write Off": 2118180.828019,
        "Impairment Of Capital Assets": NaN,
        "Restructuring And Mergern Acquisition": NaN,
        "Earnings From Equity Interest": -119691.206737,
        "Gain On Sale Of Security": NaN,
        "Net Non Operating Interest Income Expense": NaN,
        "Interest Expense Non Operating": NaN,
        "Interest Income Non Operating": 32898.317499,
        "Operating Income": NaN,
        "Operating Expense": NaN,
        "Other Operating Expenses": NaN,
        "Depreciation Amortization Depletion Income Statement": NaN,
        "Depreciation And Amortization In Income Statement": NaN,
        "Amortization": 4148811.061827,
        "Amortization Of Intangibles Income Statement": 4148811.061827,
        "Selling General And Administration": NaN,
        "Selling And Marketing Expense": NaN,
        "General And Administrative Expense": NaN,
        "Other Gand A": NaN,
        "Rent And Landing Fees": NaN,
        "Gross Profit": NaN,
        "Cost Of Revenue": NaN,
        "Total Revenue": NaN,
        "Operating Revenue": NaN
    },
    "2022-09-30": {
        "Tax Effect Of Unusual Items": NaN,
        "Tax Rate For Calcs": NaN,
        "Normalized EBITDA": NaN,
        "Total Unusual Items": NaN,
        "Total Unusual Items Excluding Goodwill": NaN,
        "Net Income From Continuing Operation Net Minority Interest": NaN,
        "Reconciled Depreciation": NaN,
        "Reconciled Cost Of Revenue": NaN,
        "EBITDA": NaN,
        "EBIT": NaN,
        "Net Interest Income": NaN,
        "Interest Expense": NaN,
        "Interest Income": 84469.070616,
        "Normalized Income": NaN,
        "Net Income From Continuing And Discontinued Operation": NaN,
        "Total Expenses": NaN,
        "Rent Expense Supplemental": NaN,
        "Total Operating Income As Reported": NaN,
        "Diluted Average Shares": 57488068.0,
        "Basic Average Shares": 57488068.0,
        "Diluted EPS": -0.011724,
        "Basic EPS": -0.011724,
        "Diluted NI Availto Com Stockholders": NaN,
        "Net Income Common Stockholders": NaN,
        "Net Income": NaN,
        "Minority Interests": NaN,
        "Net Income Including Noncontrolling Interests": NaN,
        "Net Income Continuous Operations": NaN,
        "Tax Provision": NaN,
        "Pretax Income": NaN,
        "Other Income Expense": NaN,
        "Other Non Operating Income Expenses": NaN,
        "Special Income Charges": NaN,
        "Gain On Sale Of Ppe": 0.0,
        "Gain On Sale Of Business": NaN,
        "Other Special Charges": NaN,
        "Write Off": 0.0,
        "Impairment Of Capital Assets": 0.0,
        "Restructuring And Mergern Acquisition": 0.0,
        "Earnings From Equity Interest": -1137520.121306,
        "Gain On Sale Of Security": NaN,
        "Net Non Operating Interest Income Expense": NaN,
        "Interest Expense Non Operating": NaN,
        "Interest Income Non Operating": 84469.070616,
        "Operating Income": NaN,
        "Operating Expense": NaN,
        "Other Operating Expenses": NaN,
        "Depreciation Amortization Depletion Income Statement": NaN,
        "Depreciation And Amortization In Income Statement": NaN,
        "Amortization": 3013624.274314,
        "Amortization Of Intangibles Income Statement": 3013624.274314,
        "Selling General And Administration": NaN,
        "Selling And Marketing Expense": NaN,
        "General And Administrative Expense": NaN,
        "Other Gand A": NaN,
        "Rent And Landing Fees": NaN,
        "Gross Profit": NaN,
        "Cost Of Revenue": NaN,
        "Total Revenue": NaN,
        "Operating Revenue": NaN
    },
    "2022-06-30": {
        "Tax Effect Of Unusual Items": 33094.0,
        "Tax Rate For Calcs": 0.4,
        "Normalized EBITDA": 3624834.0,
        "Total Unusual Items": 82735.0,
        "Total Unusual Items Excluding Goodwill": 82735.0,
        "Net Income From Continuing Operation Net Minority Interest": 838884.0,
        "Reconciled Depreciation": 1565624.0,
        "Reconciled Cost Of Revenue": 14969032.0,
        "EBITDA": 3707569.0,
        "EBIT": 2141945.0,
        "Net Interest Income": -132975.0,
        "Interest Expense": 164026.0,
        "Interest Income": 31051.0,
        "Normalized Income": 789243.0,
        "Net Income From Continuing And Discontinued Operation": 838884.0,
        "Total Expenses": 22647599.0,
        "Rent Expense Supplemental": 1135000.0,
        "Total Operating Income As Reported": 1376660.0,
        "Diluted Average Shares": 57488068.0,
        "Basic Average Shares": 57488068.0,
        "Diluted EPS": 0.016786,
        "Basic EPS": 0.016786,
        "Diluted NI Availto Com Stockholders": 838884.0,
        "Net Income Common Stockholders": 838884.0,
        "Net Income": 838884.0,
        "Minority Interests": 3593.0,
        "Net Income Including Noncontrolling Interests": 835291.0,
        "Net Income Continuous Operations": 835291.0,
        "Tax Provision": 1142628.0,
        "Pretax Income": 1977919.0,
        "Other Income Expense": 734234.0,
        "Other Non Operating Income Expenses": 19.0,
        "Special Income Charges": 0.0,
        "Gain On Sale Of Ppe": 0.0,
        "Gain On Sale Of Business": NaN,
        "Other Special Charges": NaN,
        "Write Off": 0.0,
        "Impairment Of Capital Assets": 0.0,
        "Earnings From Equity Interest": 651480.0,
        "Gain On Sale Of Security": 82735.0,
        "Net Non Operating Interest Income Expense": -132975.0,
        "Interest Expense Non Operating": 164026.0,
        "Interest Income Non Operating": 31051.0,
        "Operating Income": 1376660.0,
        "Operating Expense": 7567631.0,
        "Other Operating Expenses": 570000.0,
        "Depreciation Amortization Depletion Income Statement": 1454688.0,
        "Depreciation And Amortization In Income Statement": 1454688.0,
        "Amortization": 1454688.0,
        "Amortization Of Intangibles Income Statement": 1454688.0,
        "Selling General And Administration": 6112943.0,
        "Selling And Marketing Expense": 219000.0,
        "General And Administrative Expense": 6112943.0,
        "Other Gand A": 6112943.0,
        "Rent And Landing Fees": 1135000.0,
        "Gross Profit": 8944291.0,
        "Cost Of Revenue": 15079968.0,
        "Total Revenue": 24024259.0,
        "Operating Revenue": 24024259.0
    },
    "2022-03-31": {
        "Diluted EPS": 129.24,
        "Total Revenue": 20,
        "Gross Profit": 20,
        "Operating Income": 1,
        "EBIT": 2,
        "Net Income": 1
    },
    "2021-12-31": {
        "Diluted EPS": 0.12,
        "Total Revenue": NaN,
        "Gross Profit": NaN,
        "Operating Income": 0,
        "EBIT": 0,
        "Net Income": 0
    },
    "2021-09-30": {
        "Diluted EPS": -0.13,
        "Total Revenue": NaN,
        "Gross Profit": NaN,
        "Operating Income": 0,
        "EBIT": 0,
        "Net Income": -6
    },
    "2021-06-30": {
        "Diluted EPS": 0.19,
        "Total Revenue": NaN,
        "Gross Profit": NaN,
        "Operating Income": 0,
        "EBIT": 0,
        "Net Income": 9
    },
    "2021-03-31": {
        "Diluted EPS": -0.21,
        "Total Revenue": NaN,
        "Gross Profit": NaN,
        "Operating Income": 0,
        "EBIT": 0,
        "Net Income": -5
    },
    "2020-12-31": {
        "Diluted EPS": 0.0,
        "Total Revenue": NaN,
        "Gross Profit": NaN,
        "Operating Income": NaN,
        "EBIT": NaN,
        "Net Income": NaN
    },
    "2023-06-30": {
        "Tax Effect Of Unusual Items": NaN,
        "Tax Rate For Calcs": NaN,
        "Normalized EBITDA": NaN,
        "Total Unusual Items": NaN,
        "Total Unusual Items Excluding Goodwill": NaN,
        "Net Income From Continuing Operation Net Minority Interest": NaN,
        "Reconciled Depreciation": NaN,
        "Reconciled Cost Of Revenue": NaN,
        "EBITDA": NaN,
        "EBIT": NaN,
        "Net Interest Income": NaN,
        "Interest Expense": NaN,
        "Interest Income": NaN,
        "Normalized Income": NaN,
        "Net Income From Continuing And Discontinued Operation": NaN,
        "Total Expenses": NaN,
        "Rent Expense Supplemental": NaN,
        "Total Operating Income As Reported": NaN,
        "Diluted Average Shares": 114319307.0,
        "Basic Average Shares": 59286346.0,
        "Diluted EPS": 0.25,
        "Basic EPS": 0.72,
        "Diluted NI Availto Com Stockholders": NaN,
        "Net Income Common Stockholders": NaN,
        "Net Income": NaN,
        "Minority Interests": NaN,
        "Net Income Including Noncontrolling Interests": NaN,
        "Net Income Continuous Operations": NaN,
        "Tax Provision": NaN,
        "Pretax Income": NaN,
        "Other Income Expense": NaN,
        "Other Non Operating Income Expenses": NaN,
        "Special Income Charges": NaN,
        "Other Special Charges": 1792000.0,
        "Impairment Of Capital Assets": NaN,
        "Restructuring And Mergern Acquisition": 1792000.0,
        "Gain On Sale Of Security": NaN,
        "Net Non Operating Interest Income Expense": NaN,
        "Interest Expense Non Operating": NaN,
        "Interest Income Non Operating": NaN,
        "Operating Income": NaN,
        "Operating Expense": NaN,
        "Other Operating Expenses": NaN,
        "Depreciation Amortization Depletion Income Statement": NaN,
        "Depreciation And Amortization In Income Statement": NaN,
        "Selling General And Administration": NaN,
        "Selling And Marketing Expense": NaN,
        "General And Administrative Expense": NaN,
        "Other Gand A": NaN,
        "Rent And Landing Fees": NaN,
        "Gross Profit": NaN,
        "Cost Of Revenue": NaN,
        "Total Revenue": NaN,
        "Operating Revenue": NaN
    },
    "2023-09-30": {
        "Tax Effect Of Unusual Items": NaN,
        "Tax Rate For Calcs": NaN,
        "Normalized EBITDA": NaN,
        "Total Unusual Items": NaN,
        "Total Unusual Items Excluding Goodwill": NaN,
        "Net Income From Continuing Operation Net Minority Interest": NaN,
        "Reconciled Depreciation": NaN,
        "Reconciled Cost Of Revenue": NaN,
        "EBITDA": NaN,
        "EBIT": NaN,
        "Net Interest Income": NaN,
        "Interest Expense": NaN,
        "Interest Income": NaN,
        "Normalized Income": NaN,
        "Net Income From Continuing And Discontinued Operation": NaN,
        "Total Expenses": NaN,
        "Rent Expense Supplemental": NaN,
        "Total Operating Income As Reported": NaN,
        "Diluted Average Shares": 63568646.0,
        "Basic Average Shares": 63568646.0,
        "Diluted EPS": -1.41,
        "Basic EPS": -1.41,
        "Diluted NI Availto Com Stockholders": NaN,
        "Net Income Common Stockholders": NaN,
        "Net Income": NaN,
        "Minority Interests": NaN,
        "Net Income Including Noncontrolling Interests": NaN,
        "Net Income Continuous Operations": NaN,
        "Tax Provision": NaN,
        "Pretax Income": NaN,
        "Other Income Expense": NaN,
        "Other Non Operating Income Expenses": NaN,
        "Special Income Charges": -144524000.0,
        "Other Special Charges": NaN,
        "Impairment Of Capital Assets": 153859000.0,
        "Restructuring And Mergern Acquisition": -9335000.0,
        "Gain On Sale Of Security": NaN,
        "Net Non Operating Interest Income Expense": NaN,
        "Interest Expense Non Operating": NaN,
        "Interest Income Non Operating": NaN,
        "Operating Income": NaN,
        "Operating Expense": NaN,
        "Other Operating Expenses": NaN,
        "Depreciation Amortization Depletion Income Statement": NaN,
        "Depreciation And Amortization In Income Statement": NaN,
        "Selling General And Administration": NaN,
        "Selling And Marketing Expense": NaN,
        "General And Administrative Expense": NaN,
        "Other Gand A": NaN,
        "Rent And Landing Fees": NaN,
        "Gross Profit": NaN,
        "Cost Of Revenue": NaN,
        "Total Revenue": NaN,
        "Operating Revenue": NaN
    },
    "2023-12-31": {
        "Tax Effect Of Unusual Items": NaN,
        "Tax Rate For Calcs": NaN,
        "Normalized EBITDA": NaN,
        "Total Unusual Items": NaN,
        "Total Unusual Items Excluding Goodwill": NaN,
        "Net Income From Continuing Operation Net Minority Interest": NaN,
        "Reconciled Depreciation": NaN,
        "Reconciled Cost Of Revenue": NaN,
        "EBITDA": NaN,
        "EBIT": NaN,
        "Net Interest Income": NaN,
        "Interest Expense": NaN,
        "Interest Income": NaN,
        "Normalized Income": NaN,
        "Net Income From Continuing And Discontinued Operation": NaN,
        "Total Expenses": NaN,
        "Rent Expense Supplemental": NaN,
        "Total Operating Income As Reported": NaN,
        "Diluted Average Shares": NaN,
        "Basic Average Shares": NaN,
        "Diluted EPS": NaN,
        "Basic EPS": NaN,
        "Diluted NI Availto Com Stockholders": NaN,
        "Net Income Common Stockholders": NaN,
        "Net Income": NaN,
        "Minority Interests": NaN,
        "Net Income Including Noncontrolling Interests": NaN,
        "Net Income Continuous Operations": NaN,
        "Tax Provision": NaN,
        "Pretax Income": NaN,
        "Other Income Expense": NaN,
        "Other Non Operating Income Expenses": NaN,
        "Special Income Charges": -69737000.0,
        "Other Special Charges": NaN,
        "Impairment Of Capital Assets": 23525000.0,
        "Restructuring And Mergern Acquisition": NaN,
        "Gain On Sale Of Security": NaN,
        "Net Non Operating Interest Income Expense": NaN,
        "Interest Expense Non Operating": NaN,
        "Interest Income Non Operating": NaN,
        "Operating Income": NaN,
        "Operating Expense": NaN,
        "Other Operating Expenses": NaN,
        "Depreciation Amortization Depletion Income Statement": NaN,
        "Depreciation And Amortization In Income Statement": NaN,
        "Selling General And Administration": NaN,
        "Selling And Marketing Expense": NaN,
        "General And Administrative Expense": NaN,
        "Other Gand A": NaN,
        "Rent And Landing Fees": NaN,
        "Gross Profit": NaN,
        "Cost Of Revenue": NaN,
        "Total Revenue": NaN,
        "Operating Revenue": NaN
    },
    "2024-03-31": {
        "Tax Effect Of Unusual Items": NaN,
        "Tax Rate For Calcs": NaN,
        "Normalized EBITDA": NaN,
        "Total Unusual Items": NaN,
        "Total Unusual Items Excluding Goodwill": NaN,
        "Net Income From Continuing Operation Net Minority Interest": NaN,
        "Reconciled Depreciation": NaN,
        "Reconciled Cost Of Revenue": NaN,
        "EBITDA": NaN,
        "EBIT": NaN,
        "Net Interest Income": NaN,
        "Interest Expense": NaN,
        "Interest Income": NaN,
        "Normalized Income": NaN,
        "Net Income From Continuing And Discontinued Operation": NaN,
        "Total Expenses": NaN,
        "Rent Expense Supplemental": NaN,
        "Total Operating Income As Reported": NaN,
        "Diluted Average Shares": 120561316.0,
        "Basic Average Shares": 66718427.0,
        "Diluted EPS": 0.18,
        "Basic EPS": 0.38,
        "Diluted NI Availto Com Stockholders": NaN,
        "Net Income Common Stockholders": NaN,
        "Net Income": NaN,
        "Minority Interests": NaN,
        "Net Income Including Noncontrolling Interests": NaN,
        "Net Income Continuous Operations": NaN,
        "Tax Provision": NaN,
        "Pretax Income": NaN,
        "Other Income Expense": NaN,
        "Other Non Operating Income Expenses": NaN,
        "Special Income Charges": NaN,
        "Other Special Charges": NaN,
        "Impairment Of Capital Assets": NaN,
        "Restructuring And Mergern Acquisition": NaN,
        "Gain On Sale Of Security": NaN,
        "Net Non Operating Interest Income Expense": NaN,
        "Interest Expense Non Operating": NaN,
        "Interest Income Non Operating": NaN,
        "Operating Income": NaN,
        "Operating Expense": NaN,
        "Other Operating Expenses": NaN,
        "Depreciation Amortization Depletion Income Statement": NaN,
        "Depreciation And Amortization In Income Statement": NaN,
        "Selling General And Administration": NaN,
        "Selling And Marketing Expense": NaN,
        "General And Administrative Expense": NaN,
        "Other Gand A": NaN,
        "Rent And Landing Fees": NaN,
        "Gross Profit": NaN,
        "Cost Of Revenue": NaN,
        "Total Revenue": NaN,
        "Operating Revenue": NaN
    },
    "2024-06-30": {
        "Tax Effect Of Unusual Items": NaN,
        "Tax Rate For Calcs": NaN,
        "Normalized EBITDA": NaN,
        "Total Unusual Items": NaN,
        "Total Unusual Items Excluding Goodwill": NaN,
        "Net Income From Continuing Operation Net Minority Interest": NaN,
        "Reconciled Depreciation": NaN,
        "Reconciled Cost Of Revenue": NaN,
        "EBITDA": NaN,
        "EBIT": NaN,
        "Net Interest Income": NaN,
        "Interest Expense": NaN,
        "Interest Income": NaN,
        "Normalized Income": NaN,
        "Net Income From Continuing And Discontinued Operation": NaN,
        "Total Expenses": NaN,
        "Rent Expense Supplemental": NaN,
        "Total Operating Income As Reported": NaN,
        "Diluted Average Shares": 71738190.0,
        "Basic Average Shares": 71738190.0,
        "Diluted EPS": -0.18,
        "Basic EPS": -0.18,
        "Diluted NI Availto Com Stockholders": NaN,
        "Net Income Common Stockholders": NaN,
        "Net Income": NaN,
        "Minority Interests": NaN,
        "Net Income Including Noncontrolling Interests": NaN,
        "Net Income Discontinuous Operations": NaN,
        "Net Income Continuous Operations": NaN,
        "Tax Provision": NaN,
        "Pretax Income": NaN,
        "Other Income Expense": NaN,
        "Other Non Operating Income Expenses": NaN,
        "Special Income Charges": NaN,
        "Other Special Charges": -389000.0,
        "Impairment Of Capital Assets": 695000.0,
        "Restructuring And Mergern Acquisition": NaN,
        "Gain On Sale Of Security": NaN,
        "Net Non Operating Interest Income Expense": NaN,
        "Interest Expense Non Operating": NaN,
        "Interest Income Non Operating": NaN,
        "Operating Income": NaN,
        "Operating Expense": NaN,
        "Other Operating Expenses": NaN,
        "Depreciation Amortization Depletion Income Statement": NaN,
        "Depreciation And Amortization In Income Statement": NaN,
        "Selling General And Administration": NaN,
        "Selling And Marketing Expense": NaN,
        "General And Administrative Expense": NaN,
        "Other Gand A": NaN,
        "Rent And Landing Fees": NaN,
        "Gross Profit": NaN,
        "Cost Of Revenue": NaN,
        "Total Revenue": NaN,
        "Operating Revenue": NaN
    },
    "2024-09-30": {
        "Tax Effect Of Unusual Items": -5012280.0,
        "Tax Rate For Calcs": 0.078,
        "Normalized EBITDA": -2852000.0,
        "Total Unusual Items": -64260000.0,
        "Total Unusual Items Excluding Goodwill": -64260000.0,
        "Net Income From Continuing Operation Net Minority Interest": -24637000.0,
        "Reconciled Depreciation": 4497000.0,
        "Reconciled Cost Of Revenue": 38233000.0,
        "EBITDA": -67112000.0,
        "EBIT": -71700000.0,
        "Net Interest Income": -2550000.0,
        "Interest Expense": 5188000.0,
        "Interest Income": 2638000.0,
        "Normalized Income": 34610720.0,
        "Net Income From Continuing And Discontinued Operation": -72542000.0,
        "Total Expenses": 61322000.0,
        "Rent Expense Supplemental": 3661000.0,
        "Total Operating Income As Reported": -9513000.0,
        "Diluted Average Shares": 86399551.0,
        "Basic Average Shares": 86399551.0,
        "Diluted EPS": -0.88,
        "Basic EPS": -0.88,
        "Diluted NI Availto Com Stockholders": -72542000.0,
        "Net Income Common Stockholders": -72542000.0,
        "Net Income": -72542000.0,
        "Minority Interests": 42767000.0,
        "Net Income Including Noncontrolling Interests": -115309000.0,
        "Net Income Discontinuous Operations": -47905000.0,
        "Net Income Continuous Operations": -67404000.0,
        "Tax Provision": -9484000.0,
        "Pretax Income": -76888000.0,
        "Other Income Expense": -64825000.0,
        "Other Non Operating Income Expenses": -565000.0,
        "Special Income Charges": -69854000.0,
        "Other Special Charges": NaN,
        "Impairment Of Capital Assets": 74267000.0,
        "Restructuring And Mergern Acquisition": -4413000.0,
        "Gain On Sale Of Security": 5594000.0,
        "Net Non Operating Interest Income Expense": -2550000.0,
        "Interest Expense Non Operating": 5188000.0,
        "Interest Income Non Operating": 2638000.0,
        "Operating Income": -9513000.0,
        "Operating Expense": 23180000.0,
        "Other Operating Expenses": 1022000.0,
        "Depreciation Amortization Depletion Income Statement": 4588000.0,
        "Depreciation And Amortization In Income Statement": 4588000.0,
        "Selling General And Administration": 17570000.0,
        "Selling And Marketing Expense": 691000.0,
        "General And Administrative Expense": 16879000.0,
        "Other Gand A": 13218000.0,
        "Rent And Landing Fees": 3661000.0,
        "Gross Profit": 13667000.0,
        "Cost Of Revenue": 38142000.0,
        "Total Revenue": 51809000.0,
        "Operating Revenue": 51751000.0
    },
    "2024-12-31": {
        "Tax Effect Of Unusual Items": -4424570.822263,
        "Tax Rate For Calcs": 0.129476,
        "Normalized EBITDA": -41958000.0,
        "Total Unusual Items": -34173000.0,
        "Total Unusual Items Excluding Goodwill": -34173000.0,
        "Net Income From Continuing Operation Net Minority Interest": -57751000.0,
        "Reconciled Depreciation": 3551000.0,
        "Reconciled Cost Of Revenue": 50969000.0,
        "EBITDA": -76131000.0,
        "EBIT": -79682000.0,
        "Net Interest Income": -5407000.0,
        "Interest Expense": 7261000.0,
        "Interest Income": 1854000.0,
        "Normalized Income": -28002570.822263,
        "Net Income From Continuing And Discontinued Operation": -57751000.0,
        "Total Expenses": 94540000.0,
        "Rent Expense Supplemental": 3178000.0,
        "Total Operating Income As Reported": -41213000.0,
        "Diluted Average Shares": NaN,
        "Basic Average Shares": NaN,
        "Diluted EPS": NaN,
        "Basic EPS": NaN,
        "Diluted NI Availto Com Stockholders": -57751000.0,
        "Net Income Common Stockholders": -57751000.0,
        "Net Income": -57751000.0,
        "Minority Interests": 17935000.0,
        "Net Income Including Noncontrolling Interests": -75686000.0,
        "Net Income Discontinuous Operations": NaN,
        "Net Income Continuous Operations": -75686000.0,
        "Tax Provision": -11257000.0,
        "Pretax Income": -86943000.0,
        "Other Income Expense": -40323000.0,
        "Other Non Operating Income Expenses": -6150000.0,
        "Special Income Charges": -11187000.0,
        "Other Special Charges": NaN,
        "Impairment Of Capital Assets": -8000.0,
        "Restructuring And Mergern Acquisition": 11195000.0,
        "Gain On Sale Of Security": -22986000.0,
        "Net Non Operating Interest Income Expense": -5407000.0,
        "Interest Expense Non Operating": 7261000.0,
        "Interest Income Non Operating": 1854000.0,
        "Operating Income": -41213000.0,
        "Operating Expense": 43571000.0,
        "Other Operating Expenses": 1424000.0,
        "Depreciation Amortization Depletion Income Statement": 3551000.0,
        "Depreciation And Amortization In Income Statement": 3551000.0,
        "Selling General And Administration": 38596000.0,
        "Selling And Marketing Expense": 772000.0,
        "General And Administrative Expense": 37824000.0,
        "Other Gand A": 34646000.0,
        "Rent And Landing Fees": 3178000.0,
        "Gross Profit": 2358000.0,
        "Cost Of Revenue": 50969000.0,
        "Total Revenue": 53327000.0,
        "Operating Revenue": 52853000.0
    },
    "2025-03-31": {
        "Tax Effect Of Unusual Items": 2293292.0,
        "Tax Rate For Calcs": 0.359,
        "Normalized EBITDA": -6382000.0,
        "Total Unusual Items": 6388000.0,
        "Total Unusual Items Excluding Goodwill": 6388000.0,
        "Net Income From Continuing Operation Net Minority Interest": 1910000.0,
        "Reconciled Depreciation": 4349000.0,
        "Reconciled Cost Of Revenue": 42274000.0,
        "EBITDA": 6000.0,
        "EBIT": -4343000.0,
        "Net Interest Income": 366000.0,
        "Interest Expense": 151000.0,
        "Interest Income": 517000.0,
        "Normalized Income": -2184708.0,
        "Net Income From Continuing And Discontinued Operation": 1910000.0,
        "Total Expenses": 71452000.0,
        "Rent Expense Supplemental": 3766000.0,
        "Total Operating Income As Reported": -13489000.0,
        "Diluted Average Shares": 94883803.0,
        "Basic Average Shares": 94883803.0,
        "Diluted EPS": 0.04,
        "Basic EPS": 0.04,
        "Diluted NI Availto Com Stockholders": 1910000.0,
        "Net Income Common Stockholders": 1910000.0,
        "Net Income": 1910000.0,
        "Minority Interests": 4792000.0,
        "Net Income Including Noncontrolling Interests": -2882000.0,
        "Net Income Discontinuous Operations": NaN,
        "Net Income Continuous Operations": -2882000.0,
        "Tax Provision": -1612000.0,
        "Pretax Income": -4494000.0,
        "Other Income Expense": 8629000.0,
        "Other Non Operating Income Expenses": 2241000.0,
        "Special Income Charges": 12583000.0,
        "Other Special Charges": NaN,
        "Impairment Of Capital Assets": NaN,
        "Restructuring And Mergern Acquisition": -12583000.0,
        "Gain On Sale Of Security": -6195000.0,
        "Net Non Operating Interest Income Expense": 366000.0,
        "Interest Expense Non Operating": 151000.0,
        "Interest Income Non Operating": 517000.0,
        "Operating Income": -13489000.0,
        "Operating Expense": 29178000.0,
        "Other Operating Expenses": 920000.0,
        "Depreciation Amortization Depletion Income Statement": 4349000.0,
        "Depreciation And Amortization In Income Statement": 4349000.0,
        "Selling General And Administration": 23909000.0,
        "Selling And Marketing Expense": 683000.0,
        "General And Administrative Expense": 23226000.0,
        "Other Gand A": 19460000.0,
        "Rent And Landing Fees": 3766000.0,
        "Gross Profit": 15689000.0,
        "Cost Of Revenue": 42274000.0,
        "Total Revenue": 57963000.0,
        "Operating Revenue": 57956000.0
    },
    "2025-06-30": {
        "Tax Effect Of Unusual Items": -545632.0,
        "Tax Rate For Calcs": 0.136,
        "Normalized EBITDA": -26119000.0,
        "Total Unusual Items": -4012000.0,
        "Total Unusual Items Excluding Goodwill": -4012000.0,
        "Net Income From Continuing Operation Net Minority Interest": -24362000.0,
        "Reconciled Depreciation": 4619000.0,
        "Reconciled Cost Of Revenue": 44601000.0,
        "EBITDA": -30131000.0,
        "EBIT": -34750000.0,
        "Net Interest Income": 303000.0,
        "Interest Expense": 2000.0,
        "Interest Income": 305000.0,
        "Normalized Income": -20895632.0,
        "Net Income From Continuing And Discontinued Operation": -24362000.0,
        "Total Expenses": 83274000.0,
        "Rent Expense Supplemental": 3424000.0,
        "Total Operating Income As Reported": -30147000.0,
        "Diluted Average Shares": 99915503.0,
        "Basic Average Shares": 99915503.0,
        "Diluted EPS": -0.33,
        "Basic EPS": -0.33,
        "Diluted NI Availto Com Stockholders": -24362000.0,
        "Net Income Common Stockholders": -24362000.0,
        "Net Income": -24362000.0,
        "Minority Interests": 5681000.0,
        "Net Income Including Noncontrolling Interests": -30043000.0,
        "Net Income Discontinuous Operations": NaN,
        "Net Income Continuous Operations": -30043000.0,
        "Tax Provision": -4709000.0,
        "Pretax Income": -34752000.0,
        "Other Income Expense": -4908000.0,
        "Other Non Operating Income Expenses": -896000.0,
        "Special Income Charges": -8133000.0,
        "Other Special Charges": NaN,
        "Impairment Of Capital Assets": 0.0,
        "Restructuring And Mergern Acquisition": 8133000.0,
        "Gain On Sale Of Security": 4121000.0,
        "Net Non Operating Interest Income Expense": 303000.0,
        "Interest Expense Non Operating": 2000.0,
        "Interest Income Non Operating": 305000.0,
        "Operating Income": -30147000.0,
        "Operating Expense": 38673000.0,
        "Other Operating Expenses": 1008000.0,
        "Depreciation Amortization Depletion Income Statement": 4619000.0,
        "Depreciation And Amortization In Income Statement": 4619000.0,
        "Selling General And Administration": 33046000.0,
        "Selling And Marketing Expense": 1128000.0,
        "General And Administrative Expense": 31918000.0,
        "Other Gand A": 28494000.0,
        "Rent And Landing Fees": 3424000.0,
        "Gross Profit": 8526000.0,
        "Cost Of Revenue": 44601000.0,
        "Total Revenue": 53127000.0,
        "Operating Revenue": 53107000.0
    },
    "2025-09-30": {
        "Tax Effect Of Unusual Items": -5569620.0,
        "Tax Rate For Calcs": 0.21,
        "Normalized EBITDA": -25561000.0,
        "Total Unusual Items": -26522000.0,
        "Total Unusual Items Excluding Goodwill": -26522000.0,
        "Net Income From Continuing Operation Net Minority Interest": -64190000.0,
        "Reconciled Depreciation": 4714000.0,
        "Reconciled Cost Of Revenue": 41450000.0,
        "EBITDA": -52083000.0,
        "EBIT": -56797000.0,
        "Net Interest Income": 190000.0,
        "Interest Expense": 126000.0,
        "Interest Income": 316000.0,
        "Normalized Income": -43237620.0,
        "Net Income From Continuing And Discontinued Operation": -84135000.0,
        "Total Expenses": 85735000.0,
        "Rent Expense Supplemental": 3909000.0,
        "Total Operating Income As Reported": -28497000.0,
        "Diluted Average Shares": 102091550.0,
        "Basic Average Shares": 102091550.0,
        "Diluted EPS": -0.89,
        "Basic EPS": -0.89,
        "Diluted NI Availto Com Stockholders": -84135000.0,
        "Net Income Common Stockholders": -84135000.0,
        "Net Income": -84135000.0,
        "Minority Interests": 22819000.0,
        "Net Income Including Noncontrolling Interests": -106954000.0,
        "Net Income Discontinuous Operations": -19945000.0,
        "Net Income Continuous Operations": -87009000.0,
        "Tax Provision": 30086000.0,
        "Pretax Income": -56923000.0,
        "Other Income Expense": -28616000.0,
        "Other Non Operating Income Expenses": -2094000.0,
        "Special Income Charges": -30259000.0,
        "Other Special Charges": NaN,
        "Impairment Of Capital Assets": 35000000.0,
        "Restructuring And Mergern Acquisition": -4741000.0,
        "Gain On Sale Of Security": 3737000.0,
        "Net Non Operating Interest Income Expense": 190000.0,
        "Interest Expense Non Operating": 126000.0,
        "Interest Income Non Operating": 316000.0,
        "Operating Income": -28497000.0,
        "Operating Expense": 44285000.0,
        "Other Operating Expenses": 897000.0,
        "Depreciation Amortization Depletion Income Statement": 4714000.0,
        "Depreciation And Amortization In Income Statement": 4714000.0,
        "Selling General And Administration": 38674000.0,
        "Selling And Marketing Expense": 917000.0,
        "General And Administrative Expense": 37757000.0,
        "Other Gand A": 33848000.0,
        "Rent And Landing Fees": 3909000.0,
        "Gross Profit": 15788000.0,
        "Cost Of Revenue": 41450000.0,
        "Total Revenue": 57238000.0,
        "Operating Revenue": 57196000.0
    }
}