{
    "2023-09-30": {
        "Tax Effect Of Unusual Items": -950400.0,
        "Tax Rate For Calcs": 0.096,
        "Normalized EBITDA": 130900000.0,
        "Total Unusual Items": -9900000.0,
        "Total Unusual Items Excluding Goodwill": -9900000.0,
        "Net Income From Continuing Operation Net Minority Interest": 87400000.0,
        "Reconciled Depreciation": 7700000.0,
        "Reconciled Cost Of Revenue": 83600000.0,
        "EBITDA": 121000000.0,
        "EBIT": 113300000.0,
        "Net Interest Income": 0.0,
        "Interest Income": NaN,
        "Normalized Income": 96349600.0,
        "Net Income From Continuing And Discontinued Operation": 87400000.0,
        "Total Expenses": 98100000.0,
        "Total Operating Income As Reported": 104600000.0,
        "Diluted Average Shares": 503575800.0,
        "Basic Average Shares": 432358200.0,
        "Diluted EPS": 0.174564,
        "Basic EPS": 0.203658,
        "Diluted NI Availto Com Stockholders": 87400000.0,
        "Net Income Common Stockholders": 87400000.0,
        "Net Income": 87400000.0,
        "Minority Interests": 0.0,
        "Net Income Including Noncontrolling Interests": 87400000.0,
        "Net Income Continuous Operations": 87400000.0,
        "Tax Provision": 9300000.0,
        "Pretax Income": 96700000.0,
        "Other Income Expense": -16600000.0,
        "Other Non Operating Income Expenses": 10000000.0,
        "Special Income Charges": -8700000.0,
        "Other Special Charges": -4900000.0,
        "Write Off": 0.0,
        "Restructuring And Mergern Acquisition": 13600000.0,
        "Earnings From Equity Interest": -6700000.0,
        "Gain On Sale Of Security": -1200000.0,
        "Net Non Operating Interest Income Expense": 0.0,
        "Total Other Finance Cost": NaN,
        "Interest Income Non Operating": NaN,
        "Operating Income": 113300000.0,
        "Operating Expense": 14500000.0,
        "Research And Development": 1300000.0,
        "Selling General And Administration": 13200000.0,
        "General And Administrative Expense": NaN,
        "Other Gand A": NaN,
        "Gross Profit": 127800000.0,
        "Cost Of Revenue": 83600000.0,
        "Total Revenue": 211400000.0,
        "Operating Revenue": 211400000.0
    },
    "2023-06-30": {
        "Tax Effect Of Unusual Items": NaN,
        "Tax Rate For Calcs": NaN,
        "Normalized EBITDA": NaN,
        "Total Unusual Items": NaN,
        "Total Unusual Items Excluding Goodwill": NaN,
        "Net Income From Continuing Operation Net Minority Interest": NaN,
        "Reconciled Depreciation": NaN,
        "Reconciled Cost Of Revenue": NaN,
        "EBITDA": NaN,
        "EBIT": NaN,
        "Net Interest Income": 0.0,
        "Interest Income": 0.0,
        "Normalized Income": NaN,
        "Net Income From Continuing And Discontinued Operation": NaN,
        "Total Expenses": NaN,
        "Total Operating Income As Reported": NaN,
        "Diluted Average Shares": 504057000.0,
        "Basic Average Shares": 432358200.0,
        "Diluted EPS": 0.17872,
        "Basic EPS": 0.207814,
        "Diluted NI Availto Com Stockholders": NaN,
        "Net Income Common Stockholders": NaN,
        "Net Income": NaN,
        "Minority Interests": 0.0,
        "Net Income Including Noncontrolling Interests": NaN,
        "Net Income Continuous Operations": NaN,
        "Tax Provision": NaN,
        "Pretax Income": NaN,
        "Other Income Expense": NaN,
        "Other Non Operating Income Expenses": 11400000.0,
        "Special Income Charges": NaN,
        "Other Special Charges": 4800000.0,
        "Write Off": NaN,
        "Restructuring And Mergern Acquisition": NaN,
        "Earnings From Equity Interest": NaN,
        "Gain On Sale Of Security": 7600000.0,
        "Net Non Operating Interest Income Expense": 0.0,
        "Total Other Finance Cost": NaN,
        "Interest Income Non Operating": 0.0,
        "Operating Income": NaN,
        "Operating Expense": NaN,
        "Research And Development": NaN,
        "Selling General And Administration": NaN,
        "General And Administrative Expense": 17600000.0,
        "Other Gand A": 17600000.0,
        "Gross Profit": NaN,
        "Cost Of Revenue": NaN,
        "Total Revenue": NaN,
        "Operating Revenue": NaN
    },
    "2023-03-31": {
        "Tax Effect Of Unusual Items": NaN,
        "Tax Rate For Calcs": NaN,
        "Normalized EBITDA": NaN,
        "Total Unusual Items": NaN,
        "Total Unusual Items Excluding Goodwill": NaN,
        "Net Income From Continuing Operation Net Minority Interest": NaN,
        "Reconciled Depreciation": NaN,
        "Reconciled Cost Of Revenue": NaN,
        "EBITDA": NaN,
        "EBIT": NaN,
        "Net Interest Income": NaN,
        "Interest Income": 0.0,
        "Normalized Income": NaN,
        "Net Income From Continuing And Discontinued Operation": NaN,
        "Total Expenses": NaN,
        "Total Operating Income As Reported": 146800000.0,
        "Diluted Average Shares": NaN,
        "Basic Average Shares": NaN,
        "Diluted EPS": NaN,
        "Basic EPS": NaN,
        "Diluted NI Availto Com Stockholders": NaN,
        "Net Income Common Stockholders": NaN,
        "Net Income": NaN,
        "Minority Interests": NaN,
        "Net Income Including Noncontrolling Interests": NaN,
        "Net Income Continuous Operations": NaN,
        "Tax Provision": NaN,
        "Pretax Income": NaN,
        "Other Income Expense": NaN,
        "Other Non Operating Income Expenses": -100000.0,
        "Special Income Charges": NaN,
        "Other Special Charges": NaN,
        "Write Off": NaN,
        "Restructuring And Mergern Acquisition": NaN,
        "Earnings From Equity Interest": NaN,
        "Gain On Sale Of Security": NaN,
        "Net Non Operating Interest Income Expense": NaN,
        "Total Other Finance Cost": NaN,
        "Interest Income Non Operating": 0.0,
        "Operating Income": NaN,
        "Operating Expense": NaN,
        "Research And Development": NaN,
        "Selling General And Administration": NaN,
        "Selling And Marketing Expense": 16300000.0,
        "General And Administrative Expense": NaN,
        "Other Gand A": NaN,
        "Gross Profit": NaN,
        "Cost Of Revenue": NaN,
        "Total Revenue": NaN,
        "Operating Revenue": NaN
    },
    "2022-12-31": {
        "Tax Effect Of Unusual Items": NaN,
        "Tax Rate For Calcs": NaN,
        "Normalized EBITDA": NaN,
        "Total Unusual Items": NaN,
        "Total Unusual Items Excluding Goodwill": NaN,
        "Net Income From Continuing Operation Net Minority Interest": NaN,
        "Reconciled Depreciation": NaN,
        "Reconciled Cost Of Revenue": NaN,
        "EBITDA": NaN,
        "EBIT": NaN,
        "Net Interest Income": 0.0,
        "Interest Expense": 0.0,
        "Interest Income": NaN,
        "Normalized Income": NaN,
        "Net Income From Continuing And Discontinued Operation": NaN,
        "Total Expenses": NaN,
        "Total Operating Income As Reported": NaN,
        "Diluted Average Shares": NaN,
        "Basic Average Shares": NaN,
        "Diluted EPS": NaN,
        "Basic EPS": NaN,
        "Diluted NI Availto Com Stockholders": NaN,
        "Net Income Common Stockholders": NaN,
        "Net Income": NaN,
        "Minority Interests": NaN,
        "Net Income Including Noncontrolling Interests": NaN,
        "Net Income Continuous Operations": NaN,
        "Tax Provision": NaN,
        "Pretax Income": NaN,
        "Other Income Expense": NaN,
        "Other Non Operating Income Expenses": NaN,
        "Special Income Charges": NaN,
        "Other Special Charges": NaN,
        "Restructuring And Mergern Acquisition": NaN,
        "Earnings From Equity Interest": NaN,
        "Gain On Sale Of Security": NaN,
        "Net Non Operating Interest Income Expense": 0.0,
        "Interest Expense Non Operating": 0.0,
        "Interest Income Non Operating": NaN,
        "Operating Income": NaN,
        "Operating Expense": NaN,
        "Other Operating Expenses": 900000.0,
        "Research And Development": NaN,
        "Selling General And Administration": NaN,
        "Selling And Marketing Expense": NaN,
        "General And Administrative Expense": 55400000.0,
        "Other Gand A": 55400000.0,
        "Gross Profit": NaN,
        "Cost Of Revenue": NaN,
        "Total Revenue": NaN,
        "Operating Revenue": NaN
    },
    "2022-09-30": {
        "Tax Effect Of Unusual Items": -195300.0,
        "Tax Rate For Calcs": 0.217,
        "Normalized EBITDA": 111000000.0,
        "Total Unusual Items": -900000.0,
        "Total Unusual Items Excluding Goodwill": -900000.0,
        "Net Income From Continuing Operation Net Minority Interest": 77600000.0,
        "Reconciled Depreciation": 6600000.0,
        "Reconciled Cost Of Revenue": 112200000.0,
        "EBITDA": 110100000.0,
        "EBIT": 103500000.0,
        "Net Interest Income": 0.0,
        "Interest Expense": 0.0,
        "Normalized Income": 78304700.0,
        "Net Income From Continuing And Discontinued Operation": 77600000.0,
        "Total Expenses": 128100000.0,
        "Total Operating Income As Reported": NaN,
        "Diluted Average Shares": 503816400.0,
        "Basic Average Shares": 431395800.0,
        "Diluted EPS": 0.153782,
        "Basic EPS": 0.17872,
        "Diluted NI Availto Com Stockholders": 77600000.0,
        "Net Income Common Stockholders": 77600000.0,
        "Net Income": 77600000.0,
        "Net Income Including Noncontrolling Interests": 77600000.0,
        "Net Income Continuous Operations": 77600000.0,
        "Tax Provision": 21500000.0,
        "Pretax Income": 99100000.0,
        "Other Income Expense": -4400000.0,
        "Other Non Operating Income Expenses": -100000.0,
        "Special Income Charges": -900000.0,
        "Other Special Charges": 300000.0,
        "Restructuring And Mergern Acquisition": 600000.0,
        "Earnings From Equity Interest": -3500000.0,
        "Net Non Operating Interest Income Expense": 0.0,
        "Interest Expense Non Operating": 0.0,
        "Operating Income": 103500000.0,
        "Operating Expense": 15900000.0,
        "Other Operating Expenses": 100000.0,
        "Research And Development": 900000.0,
        "Selling General And Administration": 15000000.0,
        "Selling And Marketing Expense": 15000000.0,
        "General And Administrative Expense": 100000.0,
        "Other Gand A": 100000.0,
        "Gross Profit": 119400000.0,
        "Cost Of Revenue": 112200000.0,
        "Total Revenue": 231600000.0,
        "Operating Revenue": 231600000.0
    },
    "2024-03-31": {
        "Tax Effect Of Unusual Items": -17598000.0,
        "Tax Rate For Calcs": 0.21,
        "Normalized EBITDA": 204400000.0,
        "Total Unusual Items": -83800000.0,
        "Total Unusual Items Excluding Goodwill": -83800000.0,
        "Net Income From Continuing Operation Net Minority Interest": 15600000.0,
        "Reconciled Depreciation": 17200000.0,
        "Reconciled Cost Of Revenue": 116800000.0,
        "EBITDA": 120600000.0,
        "EBIT": 103400000.0,
        "Net Interest Income": 11000000.0,
        "Interest Income": 11000000.0,
        "Normalized Income": 81802000.0,
        "Net Income From Continuing And Discontinued Operation": 15600000.0,
        "Total Expenses": 157800000.0,
        "Total Operating Income As Reported": 19800000.0,
        "Diluted Average Shares": 1122100000.0,
        "Basic Average Shares": 1053400000.0,
        "Diluted EPS": 0.01,
        "Basic EPS": 0.01,
        "Diluted NI Availto Com Stockholders": 15600000.0,
        "Net Income Common Stockholders": 15600000.0,
        "Net Income": 15600000.0,
        "Minority Interests": -4300000.0,
        "Net Income Including Noncontrolling Interests": 19900000.0,
        "Net Income Continuous Operations": 19900000.0,
        "Tax Provision": 53800000.0,
        "Pretax Income": 73700000.0,
        "Other Income Expense": -40700000.0,
        "Other Non Operating Income Expenses": 43100000.0,
        "Special Income Charges": -83800000.0,
        "Other Special Charges": 200000.0,
        "Write Off": NaN,
        "Restructuring And Mergern Acquisition": 83600000.0,
        "Earnings From Equity Interest": 0.0,
        "Gain On Sale Of Security": NaN,
        "Net Non Operating Interest Income Expense": 11000000.0,
        "Total Other Finance Cost": NaN,
        "Interest Income Non Operating": 11000000.0,
        "Operating Income": 103400000.0,
        "Operating Expense": 41000000.0,
        "Research And Development": 1100000.0,
        "Selling General And Administration": 39900000.0,
        "General And Administrative Expense": NaN,
        "Other Gand A": NaN,
        "Gross Profit": 144400000.0,
        "Cost Of Revenue": 116800000.0,
        "Total Revenue": 261200000.0,
        "Operating Revenue": 261200000.0
    },
    "2023-12-31": {
        "Tax Effect Of Unusual Items": -5004098.360656,
        "Tax Rate For Calcs": 0.227459,
        "Normalized EBITDA": 43600000.0,
        "Total Unusual Items": -22000000.0,
        "Total Unusual Items Excluding Goodwill": -22000000.0,
        "Net Income From Continuing Operation Net Minority Interest": 37700000.0,
        "Reconciled Depreciation": 8100000.0,
        "Reconciled Cost Of Revenue": 138400000.0,
        "EBITDA": 21600000.0,
        "EBIT": 13500000.0,
        "Net Interest Income": NaN,
        "Interest Income": NaN,
        "Normalized Income": 54695901.639344,
        "Net Income From Continuing And Discontinued Operation": 37700000.0,
        "Total Expenses": 157000000.0,
        "Total Operating Income As Reported": NaN,
        "Diluted Average Shares": NaN,
        "Basic Average Shares": NaN,
        "Diluted EPS": NaN,
        "Basic EPS": NaN,
        "Diluted NI Availto Com Stockholders": 37700000.0,
        "Net Income Common Stockholders": 37700000.0,
        "Net Income": 37700000.0,
        "Minority Interests": NaN,
        "Net Income Including Noncontrolling Interests": 37700000.0,
        "Net Income Continuous Operations": 37700000.0,
        "Tax Provision": 11100000.0,
        "Pretax Income": 48800000.0,
        "Other Income Expense": 24000000.0,
        "Other Non Operating Income Expenses": 47100000.0,
        "Special Income Charges": -22000000.0,
        "Other Special Charges": NaN,
        "Write Off": NaN,
        "Restructuring And Mergern Acquisition": 21800000.0,
        "Earnings From Equity Interest": -1100000.0,
        "Gain On Sale Of Security": NaN,
        "Net Non Operating Interest Income Expense": NaN,
        "Total Other Finance Cost": NaN,
        "Interest Income Non Operating": NaN,
        "Operating Income": 24800000.0,
        "Operating Expense": 18600000.0,
        "Research And Development": 2500000.0,
        "Selling General And Administration": 16100000.0,
        "General And Administrative Expense": NaN,
        "Other Gand A": NaN,
        "Gross Profit": 43400000.0,
        "Cost Of Revenue": 138400000.0,
        "Total Revenue": 181800000.0,
        "Operating Revenue": 181800000.0
    },
    "2024-06-30": {
        "Tax Effect Of Unusual Items": 15531200.0,
        "Tax Rate For Calcs": 0.272,
        "Normalized EBITDA": 37500000.0,
        "Total Unusual Items": 57100000.0,
        "Total Unusual Items Excluding Goodwill": 57100000.0,
        "Net Income From Continuing Operation Net Minority Interest": 85700000.0,
        "Reconciled Depreciation": 31200000.0,
        "Reconciled Cost Of Revenue": 174100000.0,
        "EBITDA": 94600000.0,
        "EBIT": 63400000.0,
        "Net Interest Income": 9300000.0,
        "Interest Income": 9300000.0,
        "Normalized Income": 44131200.0,
        "Net Income From Continuing And Discontinued Operation": 85700000.0,
        "Total Expenses": 191100000.0,
        "Total Operating Income As Reported": NaN,
        "Diluted Average Shares": 1143500000.0,
        "Basic Average Shares": 1074900000.0,
        "Diluted EPS": 0.07,
        "Basic EPS": 0.08,
        "Diluted NI Availto Com Stockholders": 85700000.0,
        "Net Income Common Stockholders": 85700000.0,
        "Net Income": 85700000.0,
        "Minority Interests": -8800000.0,
        "Net Income Including Noncontrolling Interests": 94500000.0,
        "Net Income Continuous Operations": 94500000.0,
        "Tax Provision": 35300000.0,
        "Pretax Income": 129800000.0,
        "Other Income Expense": 57100000.0,
        "Other Non Operating Income Expenses": NaN,
        "Special Income Charges": -22800000.0,
        "Other Special Charges": -200000.0,
        "Write Off": NaN,
        "Restructuring And Mergern Acquisition": 23000000.0,
        "Earnings From Equity Interest": 0.0,
        "Gain On Sale Of Security": 79900000.0,
        "Net Non Operating Interest Income Expense": 9300000.0,
        "Total Other Finance Cost": NaN,
        "Interest Income Non Operating": 9300000.0,
        "Operating Income": 63400000.0,
        "Operating Expense": 17000000.0,
        "Research And Development": 1500000.0,
        "Selling General And Administration": 15500000.0,
        "General And Administrative Expense": NaN,
        "Other Gand A": NaN,
        "Gross Profit": 80400000.0,
        "Cost Of Revenue": 174100000.0,
        "Total Revenue": 254500000.0,
        "Operating Revenue": 254500000.0
    },
    "2024-09-30": {
        "Tax Effect Of Unusual Items": -3486000.0,
        "Tax Rate For Calcs": 0.21,
        "Normalized EBITDA": 60900000.0,
        "Total Unusual Items": -16600000.0,
        "Total Unusual Items Excluding Goodwill": -16600000.0,
        "Net Income From Continuing Operation Net Minority Interest": 16100000.0,
        "Reconciled Depreciation": 29000000.0,
        "Reconciled Cost Of Revenue": 146900000.0,
        "EBITDA": 44300000.0,
        "EBIT": 15300000.0,
        "Net Interest Income": -1500000.0,
        "Interest Income": NaN,
        "Normalized Income": 29214000.0,
        "Net Income From Continuing And Discontinued Operation": 16100000.0,
        "Total Expenses": 187800000.0,
        "Total Operating Income As Reported": -46100000.0,
        "Diluted Average Shares": 1143600000.0,
        "Basic Average Shares": 1075100000.0,
        "Diluted EPS": 0.01,
        "Basic EPS": 0.01,
        "Diluted NI Availto Com Stockholders": 16100000.0,
        "Net Income Common Stockholders": 16100000.0,
        "Net Income": 16100000.0,
        "Minority Interests": -8600000.0,
        "Net Income Including Noncontrolling Interests": 24700000.0,
        "Net Income Continuous Operations": 24700000.0,
        "Tax Provision": -33400000.0,
        "Pretax Income": -8700000.0,
        "Other Income Expense": -22500000.0,
        "Other Non Operating Income Expenses": NaN,
        "Special Income Charges": -61400000.0,
        "Other Special Charges": -3100000.0,
        "Write Off": 51700000.0,
        "Restructuring And Mergern Acquisition": 12800000.0,
        "Earnings From Equity Interest": -5900000.0,
        "Gain On Sale Of Security": 44800000.0,
        "Net Non Operating Interest Income Expense": -1500000.0,
        "Total Other Finance Cost": 1500000.0,
        "Interest Income Non Operating": NaN,
        "Operating Income": 15300000.0,
        "Operating Expense": 40900000.0,
        "Research And Development": 1200000.0,
        "Selling General And Administration": 39700000.0,
        "General And Administrative Expense": NaN,
        "Other Gand A": NaN,
        "Gross Profit": 56200000.0,
        "Cost Of Revenue": 146900000.0,
        "Total Revenue": 203100000.0,
        "Operating Revenue": 203100000.0
    }
}