{
    "2024-03-31": {
        "Tax Effect Of Unusual Items": NaN,
        "Tax Rate For Calcs": NaN,
        "Normalized EBITDA": NaN,
        "Total Unusual Items": NaN,
        "Total Unusual Items Excluding Goodwill": NaN,
        "Net Income From Continuing Operation Net Minority Interest": NaN,
        "Reconciled Depreciation": NaN,
        "Reconciled Cost Of Revenue": NaN,
        "EBITDA": NaN,
        "EBIT": NaN,
        "Net Interest Income": NaN,
        "Interest Income": NaN,
        "Normalized Income": NaN,
        "Net Income From Continuing And Discontinued Operation": NaN,
        "Total Expenses": NaN,
        "Total Operating Income As Reported": NaN,
        "Diluted Average Shares": 6308331.0,
        "Basic Average Shares": 6308331.0,
        "Diluted EPS": -0.34,
        "Basic EPS": -0.34,
        "Diluted NI Availto Com Stockholders": NaN,
        "Net Income Common Stockholders": NaN,
        "Net Income": NaN,
        "Net Income Including Noncontrolling Interests": NaN,
        "Net Income Discontinuous Operations": 0.0,
        "Net Income Continuous Operations": NaN,
        "Tax Provision": NaN,
        "Pretax Income": NaN,
        "Other Income Expense": NaN,
        "Other Non Operating Income Expenses": NaN,
        "Special Income Charges": NaN,
        "Gain On Sale Of Security": NaN,
        "Net Non Operating Interest Income Expense": NaN,
        "Total Other Finance Cost": 252000.0,
        "Interest Income Non Operating": NaN,
        "Operating Income": NaN,
        "Operating Expense": NaN,
        "Selling General And Administration": NaN,
        "Gross Profit": NaN,
        "Cost Of Revenue": NaN,
        "Total Revenue": NaN,
        "Operating Revenue": NaN
    },
    "2023-12-31": {
        "Tax Effect Of Unusual Items": NaN,
        "Tax Rate For Calcs": NaN,
        "Normalized EBITDA": NaN,
        "Total Unusual Items": NaN,
        "Total Unusual Items Excluding Goodwill": NaN,
        "Net Income From Continuing Operation Net Minority Interest": NaN,
        "Reconciled Depreciation": NaN,
        "Reconciled Cost Of Revenue": NaN,
        "EBITDA": NaN,
        "EBIT": NaN,
        "Net Interest Income": NaN,
        "Interest Income": 652000.0,
        "Normalized Income": NaN,
        "Net Income From Continuing And Discontinued Operation": NaN,
        "Total Expenses": NaN,
        "Total Operating Income As Reported": NaN,
        "Diluted Average Shares": NaN,
        "Basic Average Shares": NaN,
        "Diluted EPS": NaN,
        "Basic EPS": NaN,
        "Diluted NI Availto Com Stockholders": NaN,
        "Net Income Common Stockholders": NaN,
        "Net Income": NaN,
        "Net Income Including Noncontrolling Interests": NaN,
        "Net Income Discontinuous Operations": NaN,
        "Net Income Continuous Operations": NaN,
        "Tax Provision": NaN,
        "Pretax Income": NaN,
        "Other Income Expense": NaN,
        "Other Non Operating Income Expenses": NaN,
        "Special Income Charges": -15100000.0,
        "Gain On Sale Of Security": NaN,
        "Net Non Operating Interest Income Expense": NaN,
        "Total Other Finance Cost": NaN,
        "Interest Income Non Operating": 652000.0,
        "Operating Income": NaN,
        "Operating Expense": NaN,
        "Selling General And Administration": NaN,
        "Gross Profit": NaN,
        "Cost Of Revenue": NaN,
        "Total Revenue": NaN,
        "Operating Revenue": NaN
    },
    "2023-09-30": {
        "Tax Effect Of Unusual Items": NaN,
        "Tax Rate For Calcs": NaN,
        "Normalized EBITDA": NaN,
        "Total Unusual Items": NaN,
        "Total Unusual Items Excluding Goodwill": NaN,
        "Net Income From Continuing Operation Net Minority Interest": NaN,
        "Reconciled Depreciation": NaN,
        "Reconciled Cost Of Revenue": NaN,
        "EBITDA": NaN,
        "EBIT": NaN,
        "Net Interest Income": NaN,
        "Interest Income": 758000.0,
        "Normalized Income": NaN,
        "Net Income From Continuing And Discontinued Operation": NaN,
        "Total Expenses": NaN,
        "Total Operating Income As Reported": NaN,
        "Diluted Average Shares": 4198940.0,
        "Basic Average Shares": 4198940.0,
        "Diluted EPS": -0.05,
        "Basic EPS": -0.05,
        "Diluted NI Availto Com Stockholders": NaN,
        "Net Income Common Stockholders": NaN,
        "Net Income": NaN,
        "Net Income Including Noncontrolling Interests": NaN,
        "Net Income Discontinuous Operations": NaN,
        "Net Income Continuous Operations": NaN,
        "Tax Provision": NaN,
        "Pretax Income": NaN,
        "Other Income Expense": NaN,
        "Other Non Operating Income Expenses": NaN,
        "Special Income Charges": 0.0,
        "Gain On Sale Of Security": NaN,
        "Net Non Operating Interest Income Expense": NaN,
        "Total Other Finance Cost": NaN,
        "Interest Income Non Operating": 758000.0,
        "Operating Income": NaN,
        "Operating Expense": NaN,
        "Selling General And Administration": NaN,
        "Gross Profit": NaN,
        "Cost Of Revenue": NaN,
        "Total Revenue": NaN,
        "Operating Revenue": NaN
    },
    "2023-06-30": {
        "Tax Effect Of Unusual Items": NaN,
        "Tax Rate For Calcs": NaN,
        "Normalized EBITDA": NaN,
        "Total Unusual Items": NaN,
        "Total Unusual Items Excluding Goodwill": NaN,
        "Net Income From Continuing Operation Net Minority Interest": NaN,
        "Reconciled Depreciation": NaN,
        "Reconciled Cost Of Revenue": NaN,
        "EBITDA": NaN,
        "EBIT": NaN,
        "Net Interest Income": NaN,
        "Interest Income": NaN,
        "Normalized Income": NaN,
        "Net Income From Continuing And Discontinued Operation": NaN,
        "Total Expenses": NaN,
        "Total Operating Income As Reported": NaN,
        "Diluted Average Shares": 3665887.0,
        "Basic Average Shares": 3665887.0,
        "Diluted EPS": 0.03,
        "Basic EPS": 0.03,
        "Diluted NI Availto Com Stockholders": NaN,
        "Net Income Common Stockholders": NaN,
        "Net Income": NaN,
        "Net Income Including Noncontrolling Interests": NaN,
        "Net Income Discontinuous Operations": NaN,
        "Net Income Continuous Operations": NaN,
        "Tax Provision": NaN,
        "Pretax Income": NaN,
        "Other Income Expense": NaN,
        "Other Non Operating Income Expenses": NaN,
        "Special Income Charges": 0.0,
        "Gain On Sale Of Security": NaN,
        "Net Non Operating Interest Income Expense": NaN,
        "Total Other Finance Cost": -365000.0,
        "Interest Income Non Operating": NaN,
        "Operating Income": NaN,
        "Operating Expense": NaN,
        "Selling General And Administration": NaN,
        "Gross Profit": NaN,
        "Cost Of Revenue": NaN,
        "Total Revenue": NaN,
        "Operating Revenue": NaN
    },
    "2023-03-31": {
        "Tax Effect Of Unusual Items": NaN,
        "Tax Rate For Calcs": NaN,
        "Normalized EBITDA": NaN,
        "Total Unusual Items": NaN,
        "Total Unusual Items Excluding Goodwill": NaN,
        "Net Income From Continuing Operation Net Minority Interest": NaN,
        "Reconciled Depreciation": NaN,
        "Reconciled Cost Of Revenue": NaN,
        "EBITDA": NaN,
        "EBIT": NaN,
        "Net Interest Income": NaN,
        "Interest Income": NaN,
        "Normalized Income": NaN,
        "Net Income From Continuing And Discontinued Operation": NaN,
        "Total Expenses": NaN,
        "Total Operating Income As Reported": NaN,
        "Diluted Average Shares": NaN,
        "Basic Average Shares": NaN,
        "Diluted EPS": NaN,
        "Basic EPS": NaN,
        "Diluted NI Availto Com Stockholders": NaN,
        "Net Income Common Stockholders": NaN,
        "Net Income": NaN,
        "Net Income Including Noncontrolling Interests": NaN,
        "Net Income Discontinuous Operations": NaN,
        "Net Income Continuous Operations": NaN,
        "Tax Provision": NaN,
        "Pretax Income": NaN,
        "Other Income Expense": NaN,
        "Other Non Operating Income Expenses": NaN,
        "Special Income Charges": 0.0,
        "Gain On Sale Of Security": NaN,
        "Net Non Operating Interest Income Expense": NaN,
        "Total Other Finance Cost": -475000.0,
        "Interest Income Non Operating": NaN,
        "Operating Income": NaN,
        "Operating Expense": NaN,
        "Selling General And Administration": NaN,
        "Gross Profit": NaN,
        "Cost Of Revenue": NaN,
        "Total Revenue": NaN,
        "Operating Revenue": NaN
    },
    "2022-12-31": {
        "Tax Effect Of Unusual Items": NaN,
        "Tax Rate For Calcs": NaN,
        "Normalized EBITDA": NaN,
        "Total Unusual Items": NaN,
        "Total Unusual Items Excluding Goodwill": NaN,
        "Net Income From Continuing Operation Net Minority Interest": NaN,
        "Reconciled Depreciation": NaN,
        "Reconciled Cost Of Revenue": NaN,
        "EBITDA": NaN,
        "EBIT": NaN,
        "Net Interest Income": NaN,
        "Interest Income": NaN,
        "Normalized Income": NaN,
        "Net Income From Continuing And Discontinued Operation": NaN,
        "Total Expenses": NaN,
        "Total Operating Income As Reported": NaN,
        "Diluted Average Shares": NaN,
        "Basic Average Shares": NaN,
        "Diluted EPS": NaN,
        "Basic EPS": NaN,
        "Diluted NI Availto Com Stockholders": NaN,
        "Net Income Common Stockholders": NaN,
        "Net Income": NaN,
        "Net Income Including Noncontrolling Interests": NaN,
        "Net Income Discontinuous Operations": NaN,
        "Net Income Continuous Operations": NaN,
        "Tax Provision": NaN,
        "Pretax Income": NaN,
        "Other Income Expense": NaN,
        "Other Non Operating Income Expenses": NaN,
        "Special Income Charges": -1530000.0,
        "Other Special Charges": 1530000.0,
        "Gain On Sale Of Security": NaN,
        "Net Non Operating Interest Income Expense": NaN,
        "Total Other Finance Cost": NaN,
        "Interest Income Non Operating": NaN,
        "Operating Income": NaN,
        "Operating Expense": NaN,
        "Selling General And Administration": NaN,
        "Gross Profit": NaN,
        "Cost Of Revenue": NaN,
        "Total Revenue": NaN,
        "Operating Revenue": NaN
    },
    "2024-06-30": {
        "Tax Effect Of Unusual Items": 109410.0,
        "Tax Rate For Calcs": 0.21,
        "Normalized EBITDA": -2955000.0,
        "Total Unusual Items": 521000.0,
        "Total Unusual Items Excluding Goodwill": 521000.0,
        "Net Income From Continuing Operation Net Minority Interest": 970000.0,
        "Reconciled Depreciation": -461000.0,
        "Reconciled Cost Of Revenue": 1071000.0,
        "EBITDA": -2434000.0,
        "EBIT": -2434000.0,
        "Net Interest Income": 4000.0,
        "Interest Income": NaN,
        "Normalized Income": 558410.0,
        "Net Income From Continuing And Discontinued Operation": 589000.0,
        "Total Expenses": 4603000.0,
        "Total Operating Income As Reported": -2434000.0,
        "Diluted Average Shares": 8404102.0,
        "Basic Average Shares": 8404102.0,
        "Diluted EPS": 0.07,
        "Basic EPS": 0.07,
        "Diluted NI Availto Com Stockholders": 589000.0,
        "Net Income Common Stockholders": 589000.0,
        "Net Income": 589000.0,
        "Net Income Including Noncontrolling Interests": 589000.0,
        "Net Income Discontinuous Operations": -381000.0,
        "Net Income Continuous Operations": 970000.0,
        "Tax Provision": -2750000.0,
        "Pretax Income": -1780000.0,
        "Other Income Expense": 650000.0,
        "Other Non Operating Income Expenses": 129000.0,
        "Special Income Charges": NaN,
        "Gain On Sale Of Security": 521000.0,
        "Net Non Operating Interest Income Expense": 4000.0,
        "Total Other Finance Cost": -4000.0,
        "Interest Income Non Operating": NaN,
        "Operating Income": -2434000.0,
        "Operating Expense": 3532000.0,
        "Selling General And Administration": 3532000.0,
        "Gross Profit": 1098000.0,
        "Cost Of Revenue": 1071000.0,
        "Total Revenue": 2169000.0,
        "Operating Revenue": 2169000.0
    },
    "2024-09-30": {
        "Tax Effect Of Unusual Items": -126257.654966,
        "Tax Rate For Calcs": 0.386109,
        "Normalized EBITDA": 1261000.0,
        "Total Unusual Items": -327000.0,
        "Total Unusual Items Excluding Goodwill": -327000.0,
        "Net Income From Continuing Operation Net Minority Interest": -822000.0,
        "Reconciled Depreciation": 2155000.0,
        "Reconciled Cost Of Revenue": 2580000.0,
        "EBITDA": 934000.0,
        "EBIT": -1221000.0,
        "Net Interest Income": 253000.0,
        "Interest Income": 253000.0,
        "Normalized Income": -621257.654966,
        "Net Income From Continuing And Discontinued Operation": -822000.0,
        "Total Expenses": 6162000.0,
        "Total Operating Income As Reported": -1221000.0,
        "Diluted Average Shares": 12805718.0,
        "Basic Average Shares": 12805718.0,
        "Diluted EPS": -0.06,
        "Basic EPS": -0.06,
        "Diluted NI Availto Com Stockholders": -822000.0,
        "Net Income Common Stockholders": -822000.0,
        "Net Income": -822000.0,
        "Net Income Including Noncontrolling Interests": -822000.0,
        "Net Income Discontinuous Operations": 0.0,
        "Net Income Continuous Operations": -822000.0,
        "Tax Provision": -517000.0,
        "Pretax Income": -1339000.0,
        "Other Income Expense": -371000.0,
        "Other Non Operating Income Expenses": -44000.0,
        "Special Income Charges": NaN,
        "Gain On Sale Of Security": -327000.0,
        "Net Non Operating Interest Income Expense": 253000.0,
        "Total Other Finance Cost": NaN,
        "Interest Income Non Operating": 253000.0,
        "Operating Income": -1221000.0,
        "Operating Expense": 3582000.0,
        "Selling General And Administration": 3582000.0,
        "Gross Profit": 2361000.0,
        "Cost Of Revenue": 2580000.0,
        "Total Revenue": 4941000.0,
        "Operating Revenue": 4941000.0
    },
    "2024-12-31": {
        "Tax Effect Of Unusual Items": -144480.0,
        "Tax Rate For Calcs": 0.21,
        "Normalized EBITDA": -675000.0,
        "Total Unusual Items": -688000.0,
        "Total Unusual Items Excluding Goodwill": -688000.0,
        "Net Income From Continuing Operation Net Minority Interest": -3868000.0,
        "Reconciled Depreciation": 1101000.0,
        "Reconciled Cost Of Revenue": 2587000.0,
        "EBITDA": -1363000.0,
        "EBIT": -2464000.0,
        "Net Interest Income": -884000.0,
        "Interest Income": NaN,
        "Normalized Income": -3324480.0,
        "Net Income From Continuing And Discontinued Operation": -3868000.0,
        "Total Expenses": 7041000.0,
        "Total Operating Income As Reported": -1619000.0,
        "Diluted Average Shares": NaN,
        "Basic Average Shares": NaN,
        "Diluted EPS": NaN,
        "Basic EPS": NaN,
        "Diluted NI Availto Com Stockholders": -3868000.0,
        "Net Income Common Stockholders": -3868000.0,
        "Net Income": -3868000.0,
        "Net Income Including Noncontrolling Interests": -3868000.0,
        "Net Income Discontinuous Operations": 0.0,
        "Net Income Continuous Operations": -3868000.0,
        "Tax Provision": 402000.0,
        "Pretax Income": -3466000.0,
        "Other Income Expense": -963000.0,
        "Other Non Operating Income Expenses": -275000.0,
        "Special Income Charges": NaN,
        "Gain On Sale Of Security": -688000.0,
        "Net Non Operating Interest Income Expense": -884000.0,
        "Total Other Finance Cost": NaN,
        "Interest Income Non Operating": NaN,
        "Operating Income": -1619000.0,
        "Operating Expense": 4454000.0,
        "Selling General And Administration": 4454000.0,
        "Gross Profit": 2835000.0,
        "Cost Of Revenue": 2587000.0,
        "Total Revenue": 5422000.0,
        "Operating Revenue": 5422000.0
    },
    "2025-03-31": {
        "Tax Effect Of Unusual Items": 82950.0,
        "Tax Rate For Calcs": 0.21,
        "Normalized EBITDA": -1316000.0,
        "Total Unusual Items": 395000.0,
        "Total Unusual Items Excluding Goodwill": 395000.0,
        "Net Income From Continuing Operation Net Minority Interest": -2861000.0,
        "Reconciled Depreciation": 1249000.0,
        "Reconciled Cost Of Revenue": 2923000.0,
        "EBITDA": -921000.0,
        "EBIT": -2170000.0,
        "Net Interest Income": -720000.0,
        "Interest Income": NaN,
        "Normalized Income": -3173050.0,
        "Net Income From Continuing And Discontinued Operation": -2861000.0,
        "Total Expenses": 7684000.0,
        "Total Operating Income As Reported": -2170000.0,
        "Diluted Average Shares": 15550706.0,
        "Basic Average Shares": 15550706.0,
        "Diluted EPS": -0.18,
        "Basic EPS": -0.18,
        "Diluted NI Availto Com Stockholders": -2861000.0,
        "Net Income Common Stockholders": -2861000.0,
        "Net Income": -2861000.0,
        "Net Income Including Noncontrolling Interests": -2861000.0,
        "Net Income Discontinuous Operations": NaN,
        "Net Income Continuous Operations": -2861000.0,
        "Tax Provision": 285000.0,
        "Pretax Income": -2576000.0,
        "Other Income Expense": 314000.0,
        "Other Non Operating Income Expenses": -81000.0,
        "Special Income Charges": NaN,
        "Gain On Sale Of Security": 395000.0,
        "Net Non Operating Interest Income Expense": -720000.0,
        "Total Other Finance Cost": 720000.0,
        "Interest Income Non Operating": NaN,
        "Operating Income": -2170000.0,
        "Operating Expense": 4761000.0,
        "Selling General And Administration": 4761000.0,
        "Gross Profit": 2591000.0,
        "Cost Of Revenue": 2923000.0,
        "Total Revenue": 5514000.0,
        "Operating Revenue": 5514000.0
    },
    "2025-06-30": {
        "Tax Effect Of Unusual Items": -238349.848332,
        "Tax Rate For Calcs": 0.072801,
        "Normalized EBITDA": 1533000.0,
        "Total Unusual Items": -3274000.0,
        "Total Unusual Items Excluding Goodwill": -3274000.0,
        "Net Income From Continuing Operation Net Minority Interest": -5502000.0,
        "Reconciled Depreciation": 354000.0,
        "Reconciled Cost Of Revenue": 3603000.0,
        "EBITDA": -1741000.0,
        "EBIT": -2095000.0,
        "Net Interest Income": -550000.0,
        "Interest Income": NaN,
        "Normalized Income": -2466349.848332,
        "Net Income From Continuing And Discontinued Operation": -9115000.0,
        "Total Expenses": 8473000.0,
        "Total Operating Income As Reported": -2095000.0,
        "Diluted Average Shares": 18550568.0,
        "Basic Average Shares": 18550568.0,
        "Diluted EPS": -0.49,
        "Basic EPS": -0.49,
        "Diluted NI Availto Com Stockholders": -9115000.0,
        "Net Income Common Stockholders": -9115000.0,
        "Net Income": -9115000.0,
        "Net Income Including Noncontrolling Interests": -9115000.0,
        "Net Income Discontinuous Operations": -3613000.0,
        "Net Income Continuous Operations": -5502000.0,
        "Tax Provision": -432000.0,
        "Pretax Income": -5934000.0,
        "Other Income Expense": -3289000.0,
        "Other Non Operating Income Expenses": -15000.0,
        "Special Income Charges": NaN,
        "Gain On Sale Of Security": -3274000.0,
        "Net Non Operating Interest Income Expense": -550000.0,
        "Total Other Finance Cost": 550000.0,
        "Interest Income Non Operating": NaN,
        "Operating Income": -2095000.0,
        "Operating Expense": 4870000.0,
        "Selling General And Administration": 4870000.0,
        "Gross Profit": 2775000.0,
        "Cost Of Revenue": 3603000.0,
        "Total Revenue": 6378000.0,
        "Operating Revenue": 6378000.0
    }
}