{
    "2023-03-31": {
        "Tax Effect Of Unusual Items": NaN,
        "Tax Rate For Calcs": NaN,
        "Normalized EBITDA": NaN,
        "Total Unusual Items": NaN,
        "Total Unusual Items Excluding Goodwill": NaN,
        "Net Income From Continuing Operation Net Minority Interest": NaN,
        "Reconciled Depreciation": NaN,
        "Reconciled Cost Of Revenue": NaN,
        "EBITDA": NaN,
        "EBIT": NaN,
        "Net Interest Income": NaN,
        "Interest Expense": NaN,
        "Normalized Income": NaN,
        "Net Income From Continuing And Discontinued Operation": NaN,
        "Total Expenses": NaN,
        "Total Operating Income As Reported": NaN,
        "Diluted Average Shares": NaN,
        "Basic Average Shares": NaN,
        "Diluted EPS": NaN,
        "Basic EPS": NaN,
        "Diluted NI Availto Com Stockholders": NaN,
        "Net Income Common Stockholders": NaN,
        "Preferred Stock Dividends": 717000.0,
        "Net Income": NaN,
        "Net Income Including Noncontrolling Interests": NaN,
        "Net Income Continuous Operations": NaN,
        "Tax Provision": NaN,
        "Pretax Income": NaN,
        "Other Income Expense": NaN,
        "Other Non Operating Income Expenses": NaN,
        "Special Income Charges": NaN,
        "Other Special Charges": NaN,
        "Restructuring And Mergern Acquisition": NaN,
        "Gain On Sale Of Security": NaN,
        "Net Non Operating Interest Income Expense": NaN,
        "Interest Expense Non Operating": NaN,
        "Operating Income": NaN,
        "Operating Expense": NaN,
        "Research And Development": NaN,
        "Selling General And Administration": NaN,
        "Selling And Marketing Expense": NaN,
        "General And Administrative Expense": NaN,
        "Other Gand A": NaN,
        "Gross Profit": NaN,
        "Cost Of Revenue": NaN,
        "Total Revenue": NaN,
        "Operating Revenue": NaN
    },
    "2023-06-30": {
        "Tax Effect Of Unusual Items": NaN,
        "Tax Rate For Calcs": NaN,
        "Normalized EBITDA": NaN,
        "Total Unusual Items": NaN,
        "Total Unusual Items Excluding Goodwill": NaN,
        "Net Income From Continuing Operation Net Minority Interest": NaN,
        "Reconciled Depreciation": NaN,
        "Reconciled Cost Of Revenue": NaN,
        "EBITDA": NaN,
        "EBIT": NaN,
        "Net Interest Income": NaN,
        "Interest Expense": NaN,
        "Normalized Income": NaN,
        "Net Income From Continuing And Discontinued Operation": NaN,
        "Total Expenses": NaN,
        "Total Operating Income As Reported": NaN,
        "Diluted Average Shares": NaN,
        "Basic Average Shares": NaN,
        "Diluted EPS": NaN,
        "Basic EPS": NaN,
        "Diluted NI Availto Com Stockholders": NaN,
        "Net Income Common Stockholders": NaN,
        "Preferred Stock Dividends": 725000.0,
        "Net Income": NaN,
        "Net Income Including Noncontrolling Interests": NaN,
        "Net Income Continuous Operations": NaN,
        "Tax Provision": NaN,
        "Pretax Income": NaN,
        "Other Income Expense": NaN,
        "Other Non Operating Income Expenses": NaN,
        "Special Income Charges": NaN,
        "Other Special Charges": 8134000.0,
        "Restructuring And Mergern Acquisition": NaN,
        "Gain On Sale Of Security": NaN,
        "Net Non Operating Interest Income Expense": NaN,
        "Interest Expense Non Operating": NaN,
        "Operating Income": NaN,
        "Operating Expense": NaN,
        "Research And Development": NaN,
        "Selling General And Administration": NaN,
        "Selling And Marketing Expense": NaN,
        "General And Administrative Expense": NaN,
        "Other Gand A": NaN,
        "Gross Profit": NaN,
        "Cost Of Revenue": NaN,
        "Total Revenue": NaN,
        "Operating Revenue": NaN
    },
    "2023-09-30": {
        "Tax Effect Of Unusual Items": NaN,
        "Tax Rate For Calcs": NaN,
        "Normalized EBITDA": NaN,
        "Total Unusual Items": NaN,
        "Total Unusual Items Excluding Goodwill": NaN,
        "Net Income From Continuing Operation Net Minority Interest": NaN,
        "Reconciled Depreciation": NaN,
        "Reconciled Cost Of Revenue": NaN,
        "EBITDA": NaN,
        "EBIT": NaN,
        "Net Interest Income": NaN,
        "Interest Expense": NaN,
        "Normalized Income": NaN,
        "Net Income From Continuing And Discontinued Operation": NaN,
        "Total Expenses": NaN,
        "Total Operating Income As Reported": NaN,
        "Diluted Average Shares": NaN,
        "Basic Average Shares": NaN,
        "Diluted EPS": NaN,
        "Basic EPS": NaN,
        "Diluted NI Availto Com Stockholders": NaN,
        "Net Income Common Stockholders": NaN,
        "Preferred Stock Dividends": 255000.0,
        "Net Income": NaN,
        "Net Income Including Noncontrolling Interests": NaN,
        "Net Income Continuous Operations": NaN,
        "Tax Provision": NaN,
        "Pretax Income": NaN,
        "Other Income Expense": NaN,
        "Other Non Operating Income Expenses": NaN,
        "Special Income Charges": NaN,
        "Other Special Charges": 13395000.0,
        "Restructuring And Mergern Acquisition": NaN,
        "Gain On Sale Of Security": NaN,
        "Net Non Operating Interest Income Expense": NaN,
        "Interest Expense Non Operating": NaN,
        "Operating Income": NaN,
        "Operating Expense": NaN,
        "Research And Development": NaN,
        "Selling General And Administration": NaN,
        "Selling And Marketing Expense": NaN,
        "General And Administrative Expense": NaN,
        "Other Gand A": NaN,
        "Gross Profit": NaN,
        "Cost Of Revenue": NaN,
        "Total Revenue": NaN,
        "Operating Revenue": NaN
    },
    "2022-12-31": {
        "Tax Effect Of Unusual Items": NaN,
        "Tax Rate For Calcs": NaN,
        "Normalized EBITDA": NaN,
        "Total Unusual Items": NaN,
        "Total Unusual Items Excluding Goodwill": NaN,
        "Net Income From Continuing Operation Net Minority Interest": NaN,
        "Reconciled Depreciation": NaN,
        "Reconciled Cost Of Revenue": NaN,
        "EBITDA": NaN,
        "EBIT": NaN,
        "Net Interest Income": NaN,
        "Interest Expense": NaN,
        "Normalized Income": NaN,
        "Net Income From Continuing And Discontinued Operation": NaN,
        "Total Expenses": NaN,
        "Total Operating Income As Reported": NaN,
        "Diluted Average Shares": NaN,
        "Basic Average Shares": NaN,
        "Diluted EPS": NaN,
        "Basic EPS": NaN,
        "Diluted NI Availto Com Stockholders": NaN,
        "Net Income Common Stockholders": NaN,
        "Preferred Stock Dividends": 732000.0,
        "Net Income": NaN,
        "Net Income Including Noncontrolling Interests": NaN,
        "Net Income Continuous Operations": NaN,
        "Tax Provision": NaN,
        "Pretax Income": NaN,
        "Other Income Expense": NaN,
        "Other Non Operating Income Expenses": NaN,
        "Special Income Charges": NaN,
        "Other Special Charges": NaN,
        "Restructuring And Mergern Acquisition": NaN,
        "Gain On Sale Of Security": NaN,
        "Net Non Operating Interest Income Expense": NaN,
        "Interest Expense Non Operating": NaN,
        "Operating Income": NaN,
        "Operating Expense": NaN,
        "Research And Development": NaN,
        "Selling General And Administration": NaN,
        "Selling And Marketing Expense": NaN,
        "General And Administrative Expense": NaN,
        "Other Gand A": NaN,
        "Gross Profit": NaN,
        "Cost Of Revenue": NaN,
        "Total Revenue": NaN,
        "Operating Revenue": NaN
    },
    "2022-09-30": {
        "Tax Effect Of Unusual Items": NaN,
        "Tax Rate For Calcs": NaN,
        "Normalized EBITDA": NaN,
        "Total Unusual Items": NaN,
        "Total Unusual Items Excluding Goodwill": NaN,
        "Net Income From Continuing Operation Net Minority Interest": NaN,
        "Reconciled Depreciation": NaN,
        "Reconciled Cost Of Revenue": NaN,
        "EBITDA": NaN,
        "EBIT": NaN,
        "Net Interest Income": NaN,
        "Interest Expense": NaN,
        "Normalized Income": NaN,
        "Net Income From Continuing And Discontinued Operation": NaN,
        "Total Expenses": NaN,
        "Total Operating Income As Reported": NaN,
        "Diluted Average Shares": NaN,
        "Basic Average Shares": NaN,
        "Diluted EPS": NaN,
        "Basic EPS": NaN,
        "Diluted NI Availto Com Stockholders": NaN,
        "Net Income Common Stockholders": NaN,
        "Preferred Stock Dividends": NaN,
        "Net Income": NaN,
        "Net Income Including Noncontrolling Interests": NaN,
        "Net Income Continuous Operations": NaN,
        "Tax Provision": NaN,
        "Pretax Income": NaN,
        "Other Income Expense": NaN,
        "Other Non Operating Income Expenses": NaN,
        "Special Income Charges": NaN,
        "Other Special Charges": NaN,
        "Restructuring And Mergern Acquisition": 0.0,
        "Gain On Sale Of Security": NaN,
        "Net Non Operating Interest Income Expense": NaN,
        "Interest Expense Non Operating": NaN,
        "Operating Income": NaN,
        "Operating Expense": NaN,
        "Research And Development": NaN,
        "Selling General And Administration": NaN,
        "Selling And Marketing Expense": NaN,
        "General And Administrative Expense": NaN,
        "Other Gand A": NaN,
        "Gross Profit": NaN,
        "Cost Of Revenue": NaN,
        "Total Revenue": NaN,
        "Operating Revenue": NaN
    },
    "2023-12-31": {
        "Tax Effect Of Unusual Items": NaN,
        "Tax Rate For Calcs": NaN,
        "Normalized EBITDA": NaN,
        "Total Unusual Items": NaN,
        "Total Unusual Items Excluding Goodwill": NaN,
        "Net Income From Continuing Operation Net Minority Interest": NaN,
        "Reconciled Depreciation": NaN,
        "Reconciled Cost Of Revenue": NaN,
        "EBITDA": NaN,
        "EBIT": NaN,
        "Net Interest Income": NaN,
        "Interest Expense": NaN,
        "Normalized Income": NaN,
        "Net Income From Continuing And Discontinued Operation": NaN,
        "Total Expenses": NaN,
        "Total Operating Income As Reported": NaN,
        "Diluted Average Shares": NaN,
        "Basic Average Shares": NaN,
        "Diluted EPS": NaN,
        "Basic EPS": NaN,
        "Diluted NI Availto Com Stockholders": NaN,
        "Average Dilution Earnings": NaN,
        "Net Income Common Stockholders": NaN,
        "Preferred Stock Dividends": 0.0,
        "Net Income": NaN,
        "Net Income Including Noncontrolling Interests": NaN,
        "Net Income Continuous Operations": NaN,
        "Tax Provision": NaN,
        "Pretax Income": NaN,
        "Other Income Expense": NaN,
        "Other Non Operating Income Expenses": NaN,
        "Special Income Charges": NaN,
        "Other Special Charges": 0.0,
        "Restructuring And Mergern Acquisition": NaN,
        "Gain On Sale Of Security": NaN,
        "Net Non Operating Interest Income Expense": NaN,
        "Interest Expense Non Operating": NaN,
        "Operating Income": NaN,
        "Operating Expense": NaN,
        "Depreciation Amortization Depletion Income Statement": NaN,
        "Depreciation And Amortization In Income Statement": NaN,
        "Depreciation Income Statement": NaN,
        "Research And Development": NaN,
        "Selling General And Administration": NaN,
        "Selling And Marketing Expense": NaN,
        "General And Administrative Expense": NaN,
        "Other Gand A": NaN,
        "Gross Profit": NaN,
        "Cost Of Revenue": NaN,
        "Total Revenue": NaN,
        "Operating Revenue": NaN
    },
    "2024-03-31": {
        "Tax Effect Of Unusual Items": 252496.644295,
        "Tax Rate For Calcs": 0.013423,
        "Normalized EBITDA": -10851000.0,
        "Total Unusual Items": 18811000.0,
        "Total Unusual Items Excluding Goodwill": 18811000.0,
        "Net Income From Continuing Operation Net Minority Interest": 5586000.0,
        "Reconciled Depreciation": 367000.0,
        "Reconciled Cost Of Revenue": 2520000.0,
        "EBITDA": 7960000.0,
        "EBIT": 7593000.0,
        "Net Interest Income": -1931000.0,
        "Interest Expense": 1931000.0,
        "Normalized Income": -12972503.355705,
        "Net Income From Continuing And Discontinued Operation": 5586000.0,
        "Total Expenses": 20776000.0,
        "Total Operating Income As Reported": -11390000.0,
        "Diluted Average Shares": 1967885.0,
        "Basic Average Shares": 1911181.0,
        "Diluted EPS": 2.78,
        "Basic EPS": 2.92,
        "Diluted NI Availto Com Stockholders": 5586000.0,
        "Net Income Common Stockholders": 5586000.0,
        "Preferred Stock Dividends": NaN,
        "Net Income": 5586000.0,
        "Net Income Including Noncontrolling Interests": 5586000.0,
        "Net Income Continuous Operations": 5586000.0,
        "Tax Provision": 76000.0,
        "Pretax Income": 5662000.0,
        "Other Income Expense": 18983000.0,
        "Other Non Operating Income Expenses": 172000.0,
        "Special Income Charges": 14190000.0,
        "Other Special Charges": NaN,
        "Restructuring And Mergern Acquisition": -14190000.0,
        "Gain On Sale Of Security": 4621000.0,
        "Net Non Operating Interest Income Expense": -1931000.0,
        "Interest Expense Non Operating": 1931000.0,
        "Operating Income": -11390000.0,
        "Operating Expense": 18256000.0,
        "Research And Development": 5725000.0,
        "Selling General And Administration": 12531000.0,
        "Selling And Marketing Expense": 6145000.0,
        "General And Administrative Expense": 6386000.0,
        "Other Gand A": 6386000.0,
        "Gross Profit": 6866000.0,
        "Cost Of Revenue": 2520000.0,
        "Total Revenue": 9386000.0,
        "Operating Revenue": 9386000.0
    },
    "2024-06-30": {
        "Tax Effect Of Unusual Items": -1604610.0,
        "Tax Rate For Calcs": 0.21,
        "Normalized EBITDA": -80000.0,
        "Total Unusual Items": -7641000.0,
        "Total Unusual Items Excluding Goodwill": -7641000.0,
        "Net Income From Continuing Operation Net Minority Interest": -8322000.0,
        "Reconciled Depreciation": 197000.0,
        "Reconciled Cost Of Revenue": 2611000.0,
        "EBITDA": -7721000.0,
        "EBIT": -7918000.0,
        "Net Interest Income": -339000.0,
        "Interest Expense": 339000.0,
        "Normalized Income": -2285610.0,
        "Net Income From Continuing And Discontinued Operation": -8322000.0,
        "Total Expenses": 21112000.0,
        "Total Operating Income As Reported": -9346000.0,
        "Diluted Average Shares": 1917864.0,
        "Basic Average Shares": 1917864.0,
        "Diluted EPS": -1.25,
        "Basic EPS": -1.25,
        "Diluted NI Availto Com Stockholders": -8322000.0,
        "Average Dilution Earnings": NaN,
        "Net Income Common Stockholders": -8322000.0,
        "Preferred Stock Dividends": NaN,
        "Net Income": -8322000.0,
        "Net Income Including Noncontrolling Interests": -8322000.0,
        "Net Income Continuous Operations": -8322000.0,
        "Tax Provision": 65000.0,
        "Pretax Income": -8257000.0,
        "Other Income Expense": 1428000.0,
        "Other Non Operating Income Expenses": 9069000.0,
        "Special Income Charges": -3023000.0,
        "Other Special Charges": 8713000.0,
        "Restructuring And Mergern Acquisition": -5690000.0,
        "Gain On Sale Of Security": -4618000.0,
        "Net Non Operating Interest Income Expense": -339000.0,
        "Interest Expense Non Operating": 339000.0,
        "Operating Income": -9346000.0,
        "Operating Expense": 18339000.0,
        "Depreciation Amortization Depletion Income Statement": 35000.0,
        "Depreciation And Amortization In Income Statement": 35000.0,
        "Depreciation Income Statement": 35000.0,
        "Research And Development": 4310000.0,
        "Selling General And Administration": 13994000.0,
        "Selling And Marketing Expense": 6704000.0,
        "General And Administrative Expense": 7290000.0,
        "Other Gand A": 7290000.0,
        "Gross Profit": 8993000.0,
        "Cost Of Revenue": 2773000.0,
        "Total Revenue": 11766000.0,
        "Operating Revenue": 11766000.0
    },
    "2024-09-30": {
        "Tax Effect Of Unusual Items": 97634.412266,
        "Tax Rate For Calcs": 0.007836,
        "Normalized EBITDA": -3440000.0,
        "Total Unusual Items": 12459000.0,
        "Total Unusual Items Excluding Goodwill": 12459000.0,
        "Net Income From Continuing Operation Net Minority Interest": 8736000.0,
        "Reconciled Depreciation": 214000.0,
        "Reconciled Cost Of Revenue": 2256000.0,
        "EBITDA": 9019000.0,
        "EBIT": 8805000.0,
        "Net Interest Income": 0.0,
        "Interest Expense": 0.0,
        "Normalized Income": -3625365.587734,
        "Net Income From Continuing And Discontinued Operation": 8736000.0,
        "Total Expenses": 17708000.0,
        "Total Operating Income As Reported": -12341000.0,
        "Diluted Average Shares": 2563450.0,
        "Basic Average Shares": 2563450.0,
        "Diluted EPS": -3.5,
        "Basic EPS": -3.5,
        "Diluted NI Availto Com Stockholders": 8736000.0,
        "Average Dilution Earnings": 0.0,
        "Net Income Common Stockholders": 8736000.0,
        "Preferred Stock Dividends": NaN,
        "Net Income": 8736000.0,
        "Net Income Including Noncontrolling Interests": 8736000.0,
        "Net Income Continuous Operations": 8736000.0,
        "Tax Provision": 69000.0,
        "Pretax Income": 8805000.0,
        "Other Income Expense": 21146000.0,
        "Other Non Operating Income Expenses": 8687000.0,
        "Special Income Charges": 2260000.0,
        "Other Special Charges": NaN,
        "Restructuring And Mergern Acquisition": -2260000.0,
        "Gain On Sale Of Security": 10199000.0,
        "Net Non Operating Interest Income Expense": 0.0,
        "Interest Expense Non Operating": 0.0,
        "Operating Income": -12341000.0,
        "Operating Expense": 15452000.0,
        "Depreciation Amortization Depletion Income Statement": NaN,
        "Depreciation And Amortization In Income Statement": NaN,
        "Depreciation Income Statement": NaN,
        "Research And Development": 3212000.0,
        "Selling General And Administration": 12240000.0,
        "Selling And Marketing Expense": 5197000.0,
        "General And Administrative Expense": 7043000.0,
        "Other Gand A": 7043000.0,
        "Gross Profit": 3111000.0,
        "Cost Of Revenue": 2256000.0,
        "Total Revenue": 5367000.0,
        "Operating Revenue": 5367000.0
    },
    "2024-12-31": {
        "Tax Effect Of Unusual Items": -239190.0,
        "Tax Rate For Calcs": 0.21,
        "Normalized EBITDA": -18702000.0,
        "Total Unusual Items": -1139000.0,
        "Total Unusual Items Excluding Goodwill": -1139000.0,
        "Net Income From Continuing Operation Net Minority Interest": -20568000.0,
        "Reconciled Depreciation": 219000.0,
        "Reconciled Cost Of Revenue": 3058000.0,
        "EBITDA": -19841000.0,
        "EBIT": -20060000.0,
        "Net Interest Income": 0.0,
        "Interest Expense": 0.0,
        "Normalized Income": -19668190.0,
        "Net Income From Continuing And Discontinued Operation": -20568000.0,
        "Total Expenses": 22706000.0,
        "Total Operating Income As Reported": -17115000.0,
        "Diluted Average Shares": 2588912.0,
        "Basic Average Shares": 2588912.0,
        "Diluted EPS": -7.95,
        "Basic EPS": -7.95,
        "Diluted NI Availto Com Stockholders": -20568000.0,
        "Average Dilution Earnings": NaN,
        "Net Income Common Stockholders": -20568000.0,
        "Preferred Stock Dividends": NaN,
        "Net Income": -20568000.0,
        "Net Income Including Noncontrolling Interests": -20568000.0,
        "Net Income Continuous Operations": -20568000.0,
        "Tax Provision": 508000.0,
        "Pretax Income": -20060000.0,
        "Other Income Expense": -2945000.0,
        "Other Non Operating Income Expenses": -1806000.0,
        "Special Income Charges": 760000.0,
        "Other Special Charges": 0.0,
        "Restructuring And Mergern Acquisition": -760000.0,
        "Gain On Sale Of Security": -1899000.0,
        "Net Non Operating Interest Income Expense": 0.0,
        "Interest Expense Non Operating": 0.0,
        "Operating Income": -17115000.0,
        "Operating Expense": 19648000.0,
        "Depreciation Amortization Depletion Income Statement": NaN,
        "Depreciation And Amortization In Income Statement": NaN,
        "Depreciation Income Statement": NaN,
        "Research And Development": 4122000.0,
        "Selling General And Administration": 15526000.0,
        "Selling And Marketing Expense": 7873000.0,
        "General And Administrative Expense": 7653000.0,
        "Other Gand A": 7653000.0,
        "Gross Profit": 2533000.0,
        "Cost Of Revenue": 3058000.0,
        "Total Revenue": 5591000.0,
        "Operating Revenue": 5591000.0
    },
    "2025-03-31": {
        "Tax Effect Of Unusual Items": 579390.0,
        "Tax Rate For Calcs": 0.21,
        "Normalized EBITDA": -3962000.0,
        "Total Unusual Items": 2759000.0,
        "Total Unusual Items Excluding Goodwill": 2759000.0,
        "Net Income From Continuing Operation Net Minority Interest": -1501000.0,
        "Reconciled Depreciation": 203000.0,
        "Reconciled Cost Of Revenue": 1419000.0,
        "EBITDA": -1203000.0,
        "EBIT": -1406000.0,
        "Net Interest Income": 0.0,
        "Interest Expense": 0.0,
        "Normalized Income": -3680610.0,
        "Net Income From Continuing And Discontinued Operation": -1501000.0,
        "Total Expenses": 12862000.0,
        "Total Operating Income As Reported": -7282000.0,
        "Diluted Average Shares": 6017438.0,
        "Basic Average Shares": 4778542.0,
        "Diluted EPS": 0.2,
        "Basic EPS": 1.54,
        "Diluted NI Availto Com Stockholders": -1501000.0,
        "Average Dilution Earnings": NaN,
        "Net Income Common Stockholders": -1501000.0,
        "Preferred Stock Dividends": NaN,
        "Net Income": -1501000.0,
        "Net Income Including Noncontrolling Interests": -1501000.0,
        "Net Income Continuous Operations": -1501000.0,
        "Tax Provision": 95000.0,
        "Pretax Income": -1406000.0,
        "Other Income Expense": 5876000.0,
        "Other Non Operating Income Expenses": 3117000.0,
        "Special Income Charges": 910000.0,
        "Other Special Charges": NaN,
        "Restructuring And Mergern Acquisition": -910000.0,
        "Gain On Sale Of Security": 1849000.0,
        "Net Non Operating Interest Income Expense": 0.0,
        "Interest Expense Non Operating": 0.0,
        "Operating Income": -7282000.0,
        "Operating Expense": 11443000.0,
        "Depreciation Amortization Depletion Income Statement": NaN,
        "Depreciation And Amortization In Income Statement": NaN,
        "Depreciation Income Statement": NaN,
        "Research And Development": 2624000.0,
        "Selling General And Administration": 8819000.0,
        "Selling And Marketing Expense": 3621000.0,
        "General And Administrative Expense": 5198000.0,
        "Other Gand A": 5198000.0,
        "Gross Profit": 4161000.0,
        "Cost Of Revenue": 1419000.0,
        "Total Revenue": 5580000.0,
        "Operating Revenue": 5580000.0
    },
    "2025-06-30": {
        "Tax Effect Of Unusual Items": 329490.0,
        "Tax Rate For Calcs": 0.21,
        "Normalized EBITDA": -10514000.0,
        "Total Unusual Items": 1569000.0,
        "Total Unusual Items Excluding Goodwill": 1569000.0,
        "Net Income From Continuing Operation Net Minority Interest": -9335000.0,
        "Reconciled Depreciation": 347000.0,
        "Reconciled Cost Of Revenue": 705000.0,
        "EBITDA": -8945000.0,
        "EBIT": -9292000.0,
        "Net Interest Income": 0.0,
        "Interest Expense": 0.0,
        "Normalized Income": -10574510.0,
        "Net Income From Continuing And Discontinued Operation": -9335000.0,
        "Total Expenses": 10331000.0,
        "Total Operating Income As Reported": -6952000.0,
        "Diluted Average Shares": 7300479.0,
        "Basic Average Shares": 7300479.0,
        "Diluted EPS": -1.28,
        "Basic EPS": -1.28,
        "Diluted NI Availto Com Stockholders": -9335000.0,
        "Average Dilution Earnings": NaN,
        "Net Income Common Stockholders": -9335000.0,
        "Preferred Stock Dividends": NaN,
        "Net Income": -9335000.0,
        "Net Income Including Noncontrolling Interests": -9335000.0,
        "Net Income Continuous Operations": -9335000.0,
        "Tax Provision": 43000.0,
        "Pretax Income": -9292000.0,
        "Other Income Expense": -2340000.0,
        "Other Non Operating Income Expenses": -3909000.0,
        "Special Income Charges": -555000.0,
        "Other Special Charges": 660000.0,
        "Restructuring And Mergern Acquisition": -105000.0,
        "Gain On Sale Of Security": 2124000.0,
        "Net Non Operating Interest Income Expense": 0.0,
        "Interest Expense Non Operating": 0.0,
        "Operating Income": -6952000.0,
        "Operating Expense": 9449000.0,
        "Depreciation Amortization Depletion Income Statement": 170000.0,
        "Depreciation And Amortization In Income Statement": 170000.0,
        "Depreciation Income Statement": 170000.0,
        "Research And Development": 1800000.0,
        "Selling General And Administration": 7479000.0,
        "Selling And Marketing Expense": 2286000.0,
        "General And Administrative Expense": 5193000.0,
        "Other Gand A": 5193000.0,
        "Gross Profit": 2497000.0,
        "Cost Of Revenue": 882000.0,
        "Total Revenue": 3379000.0,
        "Operating Revenue": 3379000.0
    }
}