{
    "2023-06-30": {
        "Tax Effect Of Unusual Items": NaN,
        "Tax Rate For Calcs": NaN,
        "Normalized EBITDA": NaN,
        "Total Unusual Items": NaN,
        "Total Unusual Items Excluding Goodwill": NaN,
        "Net Income From Continuing Operation Net Minority Interest": NaN,
        "Reconciled Depreciation": NaN,
        "Reconciled Cost Of Revenue": NaN,
        "EBITDA": NaN,
        "EBIT": NaN,
        "Net Interest Income": NaN,
        "Interest Expense": NaN,
        "Normalized Income": NaN,
        "Net Income From Continuing And Discontinued Operation": NaN,
        "Total Expenses": NaN,
        "Total Operating Income As Reported": NaN,
        "Diluted Average Shares": NaN,
        "Basic Average Shares": NaN,
        "Diluted EPS": NaN,
        "Basic EPS": NaN,
        "Diluted NI Availto Com Stockholders": NaN,
        "Net Income Common Stockholders": NaN,
        "Preferred Stock Dividends": NaN,
        "Net Income": NaN,
        "Net Income Including Noncontrolling Interests": NaN,
        "Net Income Continuous Operations": NaN,
        "Tax Provision": NaN,
        "Pretax Income": NaN,
        "Other Income Expense": NaN,
        "Special Income Charges": NaN,
        "Gain On Sale Of Ppe": -5814000.0,
        "Other Special Charges": NaN,
        "Impairment Of Capital Assets": 0.0,
        "Earnings From Equity Interest": NaN,
        "Net Non Operating Interest Income Expense": NaN,
        "Interest Expense Non Operating": NaN,
        "Operating Income": NaN,
        "Operating Expense": NaN,
        "Other Operating Expenses": NaN,
        "Selling General And Administration": NaN,
        "General And Administrative Expense": NaN,
        "Other Gand A": NaN,
        "Salaries And Wages": 8499000.0,
        "Gross Profit": NaN,
        "Cost Of Revenue": NaN,
        "Total Revenue": NaN,
        "Operating Revenue": NaN
    },
    "2023-03-31": {
        "Tax Effect Of Unusual Items": NaN,
        "Tax Rate For Calcs": NaN,
        "Normalized EBITDA": NaN,
        "Total Unusual Items": NaN,
        "Total Unusual Items Excluding Goodwill": NaN,
        "Net Income From Continuing Operation Net Minority Interest": NaN,
        "Reconciled Depreciation": NaN,
        "Reconciled Cost Of Revenue": NaN,
        "EBITDA": NaN,
        "EBIT": NaN,
        "Net Interest Income": NaN,
        "Interest Expense": NaN,
        "Normalized Income": NaN,
        "Net Income From Continuing And Discontinued Operation": NaN,
        "Total Expenses": NaN,
        "Total Operating Income As Reported": NaN,
        "Diluted Average Shares": NaN,
        "Basic Average Shares": NaN,
        "Diluted EPS": NaN,
        "Basic EPS": NaN,
        "Diluted NI Availto Com Stockholders": NaN,
        "Net Income Common Stockholders": NaN,
        "Preferred Stock Dividends": NaN,
        "Net Income": NaN,
        "Net Income Including Noncontrolling Interests": NaN,
        "Net Income Continuous Operations": NaN,
        "Tax Provision": NaN,
        "Pretax Income": NaN,
        "Other Income Expense": NaN,
        "Special Income Charges": NaN,
        "Gain On Sale Of Ppe": 245000.0,
        "Other Special Charges": NaN,
        "Impairment Of Capital Assets": NaN,
        "Earnings From Equity Interest": NaN,
        "Net Non Operating Interest Income Expense": NaN,
        "Interest Expense Non Operating": NaN,
        "Operating Income": NaN,
        "Operating Expense": NaN,
        "Other Operating Expenses": NaN,
        "Selling General And Administration": NaN,
        "General And Administrative Expense": NaN,
        "Other Gand A": NaN,
        "Salaries And Wages": NaN,
        "Gross Profit": NaN,
        "Cost Of Revenue": NaN,
        "Total Revenue": NaN,
        "Operating Revenue": NaN
    },
    "2022-12-31": {
        "Tax Effect Of Unusual Items": NaN,
        "Tax Rate For Calcs": NaN,
        "Normalized EBITDA": NaN,
        "Total Unusual Items": NaN,
        "Total Unusual Items Excluding Goodwill": NaN,
        "Net Income From Continuing Operation Net Minority Interest": NaN,
        "Reconciled Depreciation": NaN,
        "Reconciled Cost Of Revenue": NaN,
        "EBITDA": NaN,
        "EBIT": NaN,
        "Net Interest Income": NaN,
        "Interest Expense": NaN,
        "Normalized Income": NaN,
        "Net Income From Continuing And Discontinued Operation": NaN,
        "Total Expenses": NaN,
        "Total Operating Income As Reported": NaN,
        "Diluted Average Shares": NaN,
        "Basic Average Shares": NaN,
        "Diluted EPS": NaN,
        "Basic EPS": NaN,
        "Diluted NI Availto Com Stockholders": NaN,
        "Net Income Common Stockholders": NaN,
        "Preferred Stock Dividends": NaN,
        "Net Income": NaN,
        "Net Income Including Noncontrolling Interests": NaN,
        "Net Income Continuous Operations": NaN,
        "Tax Provision": NaN,
        "Pretax Income": NaN,
        "Other Income Expense": NaN,
        "Special Income Charges": NaN,
        "Gain On Sale Of Ppe": NaN,
        "Other Special Charges": NaN,
        "Impairment Of Capital Assets": 0.0,
        "Earnings From Equity Interest": NaN,
        "Net Non Operating Interest Income Expense": NaN,
        "Interest Expense Non Operating": NaN,
        "Operating Income": NaN,
        "Operating Expense": NaN,
        "Other Operating Expenses": NaN,
        "Selling General And Administration": NaN,
        "General And Administrative Expense": NaN,
        "Other Gand A": NaN,
        "Salaries And Wages": NaN,
        "Gross Profit": NaN,
        "Cost Of Revenue": NaN,
        "Total Revenue": NaN,
        "Operating Revenue": NaN
    },
    "2022-09-30": {
        "Tax Effect Of Unusual Items": NaN,
        "Tax Rate For Calcs": NaN,
        "Normalized EBITDA": NaN,
        "Total Unusual Items": NaN,
        "Total Unusual Items Excluding Goodwill": NaN,
        "Net Income From Continuing Operation Net Minority Interest": NaN,
        "Reconciled Depreciation": NaN,
        "Reconciled Cost Of Revenue": NaN,
        "EBITDA": NaN,
        "EBIT": NaN,
        "Net Interest Income": NaN,
        "Interest Expense": NaN,
        "Normalized Income": NaN,
        "Net Income From Continuing And Discontinued Operation": NaN,
        "Total Expenses": NaN,
        "Total Operating Income As Reported": NaN,
        "Diluted Average Shares": NaN,
        "Basic Average Shares": NaN,
        "Diluted EPS": NaN,
        "Basic EPS": NaN,
        "Diluted NI Availto Com Stockholders": NaN,
        "Net Income Common Stockholders": NaN,
        "Preferred Stock Dividends": NaN,
        "Net Income": NaN,
        "Net Income Including Noncontrolling Interests": NaN,
        "Net Income Continuous Operations": NaN,
        "Tax Provision": NaN,
        "Pretax Income": NaN,
        "Other Income Expense": NaN,
        "Special Income Charges": NaN,
        "Gain On Sale Of Ppe": NaN,
        "Other Special Charges": NaN,
        "Impairment Of Capital Assets": 0.0,
        "Earnings From Equity Interest": NaN,
        "Net Non Operating Interest Income Expense": NaN,
        "Interest Expense Non Operating": NaN,
        "Operating Income": NaN,
        "Operating Expense": NaN,
        "Other Operating Expenses": NaN,
        "Selling General And Administration": NaN,
        "General And Administrative Expense": NaN,
        "Other Gand A": NaN,
        "Salaries And Wages": NaN,
        "Gross Profit": NaN,
        "Cost Of Revenue": NaN,
        "Total Revenue": NaN,
        "Operating Revenue": NaN
    },
    "2022-06-30": {
        "Tax Effect Of Unusual Items": -917500.0,
        "Tax Rate For Calcs": 0.25,
        "Normalized EBITDA": 208233000.0,
        "Total Unusual Items": -3670000.0,
        "Total Unusual Items Excluding Goodwill": -3670000.0,
        "Net Income From Continuing Operation Net Minority Interest": 79395000.0,
        "Reconciled Depreciation": 53343000.0,
        "Reconciled Cost Of Revenue": 96642000.0,
        "EBITDA": 204563000.0,
        "EBIT": 151220000.0,
        "Net Interest Income": -45426000.0,
        "Interest Expense": 45426000.0,
        "Normalized Income": 82147500.0,
        "Net Income From Continuing And Discontinued Operation": 79395000.0,
        "Total Expenses": 114509000.0,
        "Total Operating Income As Reported": 128396000.0,
        "Diluted Average Shares": 480270000.0,
        "Basic Average Shares": 478317000.0,
        "Diluted EPS": 0.17,
        "Basic EPS": 0.17,
        "Diluted NI Availto Com Stockholders": 79258000.0,
        "Net Income Common Stockholders": 79258000.0,
        "Preferred Stock Dividends": 137000.0,
        "Net Income": 79395000.0,
        "Net Income Including Noncontrolling Interests": 79395000.0,
        "Net Income Continuous Operations": 79395000.0,
        "Tax Provision": 26399000.0,
        "Pretax Income": 105794000.0,
        "Other Income Expense": 19154000.0,
        "Special Income Charges": -3670000.0,
        "Gain On Sale Of Ppe": 32000.0,
        "Impairment Of Capital Assets": 3702000.0,
        "Earnings From Equity Interest": 22824000.0,
        "Net Non Operating Interest Income Expense": -45426000.0,
        "Interest Expense Non Operating": 45426000.0,
        "Operating Income": 132066000.0,
        "Operating Expense": 17867000.0,
        "Other Operating Expenses": 1788000.0,
        "Selling General And Administration": 16079000.0,
        "General And Administrative Expense": 16079000.0,
        "Other Gand A": 16079000.0,
        "Salaries And Wages": NaN,
        "Gross Profit": 149933000.0,
        "Cost Of Revenue": 96642000.0,
        "Total Revenue": 246575000.0,
        "Operating Revenue": 246575000.0
    },
    "2023-09-30": {
        "Tax Effect Of Unusual Items": NaN,
        "Tax Rate For Calcs": NaN,
        "Normalized EBITDA": NaN,
        "Total Unusual Items": NaN,
        "Total Unusual Items Excluding Goodwill": NaN,
        "Net Income From Continuing Operation Net Minority Interest": NaN,
        "Reconciled Depreciation": NaN,
        "Reconciled Cost Of Revenue": NaN,
        "EBITDA": NaN,
        "EBIT": NaN,
        "Net Interest Income": NaN,
        "Interest Expense": NaN,
        "Normalized Income": NaN,
        "Net Income From Continuing And Discontinued Operation": NaN,
        "Total Expenses": NaN,
        "Total Operating Income As Reported": NaN,
        "Diluted Average Shares": NaN,
        "Basic Average Shares": NaN,
        "Diluted EPS": NaN,
        "Basic EPS": NaN,
        "Diluted NI Availto Com Stockholders": NaN,
        "Net Income Common Stockholders": NaN,
        "Preferred Stock Dividends": NaN,
        "Net Income": NaN,
        "Net Income Including Noncontrolling Interests": NaN,
        "Net Income Continuous Operations": NaN,
        "Tax Provision": NaN,
        "Pretax Income": NaN,
        "Other Income Expense": NaN,
        "Special Income Charges": NaN,
        "Gain On Sale Of Ppe": -467000.0,
        "Other Special Charges": NaN,
        "Impairment Of Capital Assets": 0.0,
        "Earnings From Equity Interest": NaN,
        "Net Non Operating Interest Income Expense": NaN,
        "Interest Expense Non Operating": NaN,
        "Operating Income": NaN,
        "Operating Expense": NaN,
        "Other Operating Expenses": NaN,
        "Selling General And Administration": NaN,
        "General And Administrative Expense": NaN,
        "Other Gand A": NaN,
        "Salaries And Wages": NaN,
        "Gross Profit": NaN,
        "Cost Of Revenue": NaN,
        "Total Revenue": NaN,
        "Operating Revenue": NaN
    },
    "2024-03-31": {
        "Tax Effect Of Unusual Items": -15331.747547,
        "Tax Rate For Calcs": 0.25986,
        "Normalized EBITDA": 248544000.0,
        "Total Unusual Items": -59000.0,
        "Total Unusual Items Excluding Goodwill": -59000.0,
        "Net Income From Continuing Operation Net Minority Interest": 103926000.0,
        "Reconciled Depreciation": 54763000.0,
        "Reconciled Cost Of Revenue": 108681000.0,
        "EBITDA": 248485000.0,
        "EBIT": 193722000.0,
        "Net Interest Income": -53308000.0,
        "Interest Expense": 53308000.0,
        "Normalized Income": 103969668.252453,
        "Net Income From Continuing And Discontinued Operation": 103926000.0,
        "Total Expenses": 130468000.0,
        "Total Operating Income As Reported": 166251000.0,
        "Diluted Average Shares": 484303000.0,
        "Basic Average Shares": 479897000.0,
        "Diluted EPS": 0.21,
        "Basic EPS": 0.22,
        "Diluted NI Availto Com Stockholders": 103788000.0,
        "Net Income Common Stockholders": 103788000.0,
        "Preferred Stock Dividends": 138000.0,
        "Net Income": 103926000.0,
        "Net Income Including Noncontrolling Interests": 207852000.0,
        "Net Income Continuous Operations": 103926000.0,
        "Tax Provision": 36488000.0,
        "Pretax Income": 140414000.0,
        "Other Income Expense": 27471000.0,
        "Special Income Charges": -59000.0,
        "Gain On Sale Of Ppe": 0.0,
        "Other Special Charges": 59000.0,
        "Impairment Of Capital Assets": 0.0,
        "Earnings From Equity Interest": 27530000.0,
        "Net Non Operating Interest Income Expense": -53308000.0,
        "Interest Expense Non Operating": 53308000.0,
        "Operating Income": 166251000.0,
        "Operating Expense": 21787000.0,
        "Other Operating Expenses": 566000.0,
        "Selling General And Administration": 21221000.0,
        "General And Administrative Expense": 21221000.0,
        "Other Gand A": 21221000.0,
        "Salaries And Wages": NaN,
        "Gross Profit": 188038000.0,
        "Cost Of Revenue": 108681000.0,
        "Total Revenue": 296719000.0,
        "Operating Revenue": 296719000.0
    },
    "2023-12-31": {
        "Tax Effect Of Unusual Items": NaN,
        "Tax Rate For Calcs": NaN,
        "Normalized EBITDA": NaN,
        "Total Unusual Items": NaN,
        "Total Unusual Items Excluding Goodwill": NaN,
        "Net Income From Continuing Operation Net Minority Interest": NaN,
        "Reconciled Depreciation": NaN,
        "Reconciled Cost Of Revenue": NaN,
        "EBITDA": NaN,
        "EBIT": NaN,
        "Net Interest Income": NaN,
        "Interest Expense": NaN,
        "Normalized Income": NaN,
        "Net Income From Continuing And Discontinued Operation": NaN,
        "Total Expenses": NaN,
        "Total Operating Income As Reported": NaN,
        "Diluted Average Shares": NaN,
        "Basic Average Shares": NaN,
        "Diluted EPS": NaN,
        "Basic EPS": NaN,
        "Diluted NI Availto Com Stockholders": NaN,
        "Net Income Common Stockholders": NaN,
        "Preferred Stock Dividends": NaN,
        "Net Income": NaN,
        "Net Income Including Noncontrolling Interests": NaN,
        "Net Income Continuous Operations": NaN,
        "Tax Provision": NaN,
        "Pretax Income": NaN,
        "Other Income Expense": NaN,
        "Special Income Charges": NaN,
        "Gain On Sale Of Ppe": NaN,
        "Other Special Charges": NaN,
        "Impairment Of Capital Assets": NaN,
        "Earnings From Equity Interest": NaN,
        "Net Non Operating Interest Income Expense": NaN,
        "Interest Expense Non Operating": NaN,
        "Operating Income": NaN,
        "Operating Expense": NaN,
        "Other Operating Expenses": NaN,
        "Selling General And Administration": NaN,
        "General And Administrative Expense": NaN,
        "Other Gand A": 17926000.0,
        "Salaries And Wages": NaN,
        "Gross Profit": NaN,
        "Cost Of Revenue": NaN,
        "Total Revenue": NaN,
        "Operating Revenue": NaN
    },
    "2024-06-30": {
        "Tax Effect Of Unusual Items": -3737360.0,
        "Tax Rate For Calcs": 0.248,
        "Normalized EBITDA": 236973000.0,
        "Total Unusual Items": -15070000.0,
        "Total Unusual Items Excluding Goodwill": -15070000.0,
        "Net Income From Continuing Operation Net Minority Interest": 86037000.0,
        "Reconciled Depreciation": 55244000.0,
        "Reconciled Cost Of Revenue": 111653000.0,
        "EBITDA": 221903000.0,
        "EBIT": 166659000.0,
        "Net Interest Income": -52186000.0,
        "Interest Expense": 52186000.0,
        "Normalized Income": 97369640.0,
        "Net Income From Continuing And Discontinued Operation": 86037000.0,
        "Total Expenses": 133331000.0,
        "Total Operating Income As Reported": 152753000.0,
        "Diluted Average Shares": 484778000.0,
        "Basic Average Shares": 481103000.0,
        "Diluted EPS": 0.18,
        "Basic EPS": 0.18,
        "Diluted NI Availto Com Stockholders": 85900000.0,
        "Net Income Common Stockholders": 85900000.0,
        "Preferred Stock Dividends": 137000.0,
        "Net Income": 86037000.0,
        "Net Income Including Noncontrolling Interests": 172074000.0,
        "Net Income Continuous Operations": 86037000.0,
        "Tax Provision": 28436000.0,
        "Pretax Income": 114473000.0,
        "Other Income Expense": 12527000.0,
        "Special Income Charges": -15070000.0,
        "Gain On Sale Of Ppe": -1379000.0,
        "Other Special Charges": 13691000.0,
        "Impairment Of Capital Assets": NaN,
        "Earnings From Equity Interest": 27597000.0,
        "Net Non Operating Interest Income Expense": -52186000.0,
        "Interest Expense Non Operating": 52186000.0,
        "Operating Income": 154132000.0,
        "Operating Expense": 21678000.0,
        "Other Operating Expenses": 459000.0,
        "Selling General And Administration": 21219000.0,
        "General And Administrative Expense": 21219000.0,
        "Other Gand A": 9620000.0,
        "Salaries And Wages": 11599000.0,
        "Gross Profit": 175810000.0,
        "Cost Of Revenue": 111653000.0,
        "Total Revenue": 287463000.0,
        "Operating Revenue": 287463000.0
    },
    "2024-09-30": {
        "Tax Effect Of Unusual Items": -186421.0,
        "Tax Rate For Calcs": 0.277,
        "Normalized EBITDA": 240629000.0,
        "Total Unusual Items": -673000.0,
        "Total Unusual Items Excluding Goodwill": -673000.0,
        "Net Income From Continuing Operation Net Minority Interest": 99740000.0,
        "Reconciled Depreciation": 50202000.0,
        "Reconciled Cost Of Revenue": 101926000.0,
        "EBITDA": 239956000.0,
        "EBIT": 189754000.0,
        "Net Interest Income": -51812000.0,
        "Interest Expense": 51812000.0,
        "Normalized Income": 100226579.0,
        "Net Income From Continuing And Discontinued Operation": 99740000.0,
        "Total Expenses": 124779000.0,
        "Total Operating Income As Reported": 162427000.0,
        "Diluted Average Shares": 485532000.0,
        "Basic Average Shares": 481288000.0,
        "Diluted EPS": 0.21,
        "Basic EPS": 0.21,
        "Diluted NI Availto Com Stockholders": 99602000.0,
        "Net Income Common Stockholders": 99602000.0,
        "Preferred Stock Dividends": 138000.0,
        "Net Income": 99740000.0,
        "Net Income Including Noncontrolling Interests": 199480000.0,
        "Net Income Continuous Operations": 99740000.0,
        "Tax Provision": 38202000.0,
        "Pretax Income": 137942000.0,
        "Other Income Expense": 26995000.0,
        "Special Income Charges": -673000.0,
        "Gain On Sale Of Ppe": NaN,
        "Other Special Charges": 341000.0,
        "Impairment Of Capital Assets": 332000.0,
        "Earnings From Equity Interest": 27668000.0,
        "Net Non Operating Interest Income Expense": -51812000.0,
        "Interest Expense Non Operating": 51812000.0,
        "Operating Income": 162759000.0,
        "Operating Expense": 22853000.0,
        "Other Operating Expenses": -19000.0,
        "Selling General And Administration": 22872000.0,
        "General And Administrative Expense": 22872000.0,
        "Other Gand A": 22872000.0,
        "Salaries And Wages": NaN,
        "Gross Profit": 185612000.0,
        "Cost Of Revenue": 101926000.0,
        "Total Revenue": 287538000.0,
        "Operating Revenue": 287538000.0
    },
    "2024-12-31": {
        "Tax Effect Of Unusual Items": 52392.606809,
        "Tax Rate For Calcs": 0.286298,
        "Normalized EBITDA": 255793000.0,
        "Total Unusual Items": 183000.0,
        "Total Unusual Items Excluding Goodwill": 183000.0,
        "Net Income From Continuing Operation Net Minority Interest": 111189000.0,
        "Reconciled Depreciation": 50463000.0,
        "Reconciled Cost Of Revenue": 106388000.0,
        "EBITDA": 255976000.0,
        "EBIT": 205513000.0,
        "Net Interest Income": -49721000.0,
        "Interest Expense": 49721000.0,
        "Normalized Income": 111058392.606809,
        "Net Income From Continuing And Discontinued Operation": 111189000.0,
        "Total Expenses": 127593000.0,
        "Total Operating Income As Reported": 177735000.0,
        "Diluted Average Shares": 486133000.0,
        "Basic Average Shares": 480991000.0,
        "Diluted EPS": 0.23,
        "Basic EPS": 0.23,
        "Diluted NI Availto Com Stockholders": 111052000.0,
        "Net Income Common Stockholders": 111052000.0,
        "Preferred Stock Dividends": 137000.0,
        "Net Income": 111189000.0,
        "Net Income Including Noncontrolling Interests": 222378000.0,
        "Net Income Continuous Operations": 111189000.0,
        "Tax Provision": 44603000.0,
        "Pretax Income": 155792000.0,
        "Other Income Expense": 27961000.0,
        "Special Income Charges": 183000.0,
        "Gain On Sale Of Ppe": 183000.0,
        "Other Special Charges": 0.0,
        "Impairment Of Capital Assets": 0.0,
        "Earnings From Equity Interest": 27778000.0,
        "Net Non Operating Interest Income Expense": -49721000.0,
        "Interest Expense Non Operating": 49721000.0,
        "Operating Income": 177552000.0,
        "Operating Expense": 21205000.0,
        "Other Operating Expenses": 431000.0,
        "Selling General And Administration": 20774000.0,
        "General And Administrative Expense": 20774000.0,
        "Other Gand A": 20774000.0,
        "Salaries And Wages": NaN,
        "Gross Profit": 198757000.0,
        "Cost Of Revenue": 106388000.0,
        "Total Revenue": 305145000.0,
        "Operating Revenue": 305145000.0
    },
    "2025-03-31": {
        "Tax Effect Of Unusual Items": -188037.160547,
        "Tax Rate For Calcs": 0.230156,
        "Normalized EBITDA": 256476000.0,
        "Total Unusual Items": -817000.0,
        "Total Unusual Items Excluding Goodwill": -817000.0,
        "Net Income From Continuing Operation Net Minority Interest": 120737000.0,
        "Reconciled Depreciation": 50416000.0,
        "Reconciled Cost Of Revenue": 107246000.0,
        "EBITDA": 255659000.0,
        "EBIT": 205243000.0,
        "Net Interest Income": -48410000.0,
        "Interest Expense": 48410000.0,
        "Normalized Income": 121365962.839453,
        "Net Income From Continuing And Discontinued Operation": 120737000.0,
        "Total Expenses": 130757000.0,
        "Total Operating Income As Reported": 177223000.0,
        "Diluted Average Shares": 484378000.0,
        "Basic Average Shares": 479064000.0,
        "Diluted EPS": 0.25,
        "Basic EPS": 0.25,
        "Diluted NI Availto Com Stockholders": 120599000.0,
        "Net Income Common Stockholders": 120599000.0,
        "Preferred Stock Dividends": 138000.0,
        "Net Income": 120737000.0,
        "Net Income Including Noncontrolling Interests": 241474000.0,
        "Net Income Continuous Operations": 120737000.0,
        "Tax Provision": 36096000.0,
        "Pretax Income": 156833000.0,
        "Other Income Expense": 27203000.0,
        "Special Income Charges": -817000.0,
        "Gain On Sale Of Ppe": NaN,
        "Other Special Charges": NaN,
        "Impairment Of Capital Assets": 817000.0,
        "Earnings From Equity Interest": 28020000.0,
        "Net Non Operating Interest Income Expense": -48410000.0,
        "Interest Expense Non Operating": 48410000.0,
        "Operating Income": 178040000.0,
        "Operating Expense": 23511000.0,
        "Other Operating Expenses": 487000.0,
        "Selling General And Administration": 23024000.0,
        "General And Administrative Expense": 23024000.0,
        "Other Gand A": 23024000.0,
        "Salaries And Wages": NaN,
        "Gross Profit": 201551000.0,
        "Cost Of Revenue": 107246000.0,
        "Total Revenue": 308797000.0,
        "Operating Revenue": 308797000.0
    }
}