{
    "2023-03-31": {
        "Tax Effect Of Unusual Items": 115710.0,
        "Tax Rate For Calcs": 0.21,
        "Normalized EBITDA": -16218000.0,
        "Total Unusual Items": 551000.0,
        "Total Unusual Items Excluding Goodwill": 551000.0,
        "Net Income From Continuing Operation Net Minority Interest": -15302000.0,
        "Reconciled Depreciation": 365000.0,
        "EBITDA": -15667000.0,
        "EBIT": -16032000.0,
        "Net Interest Income": 190000.0,
        "Interest Expense": NaN,
        "Interest Income": NaN,
        "Normalized Income": -15737290.0,
        "Net Income From Continuing And Discontinued Operation": -15302000.0,
        "Total Expenses": 16056000.0,
        "Total Operating Income As Reported": -16032000.0,
        "Diluted Average Shares": 314969897.0,
        "Basic Average Shares": 314969897.0,
        "Diluted EPS": -0.05,
        "Basic EPS": -0.05,
        "Diluted NI Availto Com Stockholders": -15302000.0,
        "Net Income Common Stockholders": -15302000.0,
        "Net Income": -15302000.0,
        "Net Income Including Noncontrolling Interests": -15302000.0,
        "Net Income Continuous Operations": -15302000.0,
        "Tax Provision": 73000.0,
        "Pretax Income": -15229000.0,
        "Other Income Expense": 613000.0,
        "Other Non Operating Income Expenses": 62000.0,
        "Special Income Charges": 0.0,
        "Impairment Of Capital Assets": 0.0,
        "Gain On Sale Of Security": 551000.0,
        "Net Non Operating Interest Income Expense": 190000.0,
        "Total Other Finance Cost": -190000.0,
        "Interest Expense Non Operating": NaN,
        "Interest Income Non Operating": NaN,
        "Operating Income": -16032000.0,
        "Operating Expense": 16056000.0,
        "Research And Development": 9750000.0,
        "Selling General And Administration": 6306000.0,
        "General And Administrative Expense": 6306000.0,
        "Other Gand A": 6306000.0,
        "Total Revenue": 24000.0,
        "Operating Revenue": 24000.0
    },
    "2022-06-30": {
        "Tax Effect Of Unusual Items": -2788800.0,
        "Tax Rate For Calcs": 0.4,
        "Normalized EBITDA": -23631000.0,
        "Total Unusual Items": -6972000.0,
        "Total Unusual Items Excluding Goodwill": -6972000.0,
        "Net Income From Continuing Operation Net Minority Interest": -28842000.0,
        "Reconciled Depreciation": 544000.0,
        "EBITDA": -30603000.0,
        "EBIT": -31147000.0,
        "Net Interest Income": -11000.0,
        "Normalized Income": -24658800.0,
        "Net Income From Continuing And Discontinued Operation": -28842000.0,
        "Total Expenses": 22885000.0,
        "Total Operating Income As Reported": -28781000.0,
        "Diluted Average Shares": 38594309.0,
        "Basic Average Shares": 38594309.0,
        "Diluted EPS": -0.77,
        "Basic EPS": -0.77,
        "Diluted NI Availto Com Stockholders": -28842000.0,
        "Net Income Common Stockholders": -28842000.0,
        "Net Income": -28842000.0,
        "Net Income Including Noncontrolling Interests": -28842000.0,
        "Net Income Continuous Operations": -28842000.0,
        "Tax Provision": 129000.0,
        "Pretax Income": -28713000.0,
        "Other Income Expense": -7116000.0,
        "Other Non Operating Income Expenses": -144000.0,
        "Special Income Charges": -7195000.0,
        "Impairment Of Capital Assets": 7195000.0,
        "Gain On Sale Of Security": 223000.0,
        "Net Non Operating Interest Income Expense": -11000.0,
        "Total Other Finance Cost": 11000.0,
        "Operating Income": -21586000.0,
        "Operating Expense": 22885000.0,
        "Research And Development": 18062000.0,
        "Selling General And Administration": 4823000.0,
        "General And Administrative Expense": 4823000.0,
        "Other Gand A": 4823000.0,
        "Total Revenue": 1299000.0,
        "Operating Revenue": 1299000.0
    },
    "2022-12-31": {
        "Tax Effect Of Unusual Items": 280770.0,
        "Tax Rate For Calcs": 0.21,
        "Normalized EBITDA": -11691000.0,
        "Total Unusual Items": 1337000.0,
        "Total Unusual Items Excluding Goodwill": 1337000.0,
        "Net Income From Continuing Operation Net Minority Interest": -10939000.0,
        "Reconciled Depreciation": 371000.0,
        "EBITDA": -10354000.0,
        "EBIT": -10725000.0,
        "Net Interest Income": -725000.0,
        "Interest Expense": -7000.0,
        "Interest Income": NaN,
        "Normalized Income": -11995230.0,
        "Net Income From Continuing And Discontinued Operation": -10939000.0,
        "Total Expenses": 14446000.0,
        "Total Operating Income As Reported": -11553000.0,
        "Diluted Average Shares": NaN,
        "Basic Average Shares": NaN,
        "Diluted EPS": NaN,
        "Basic EPS": NaN,
        "Diluted NI Availto Com Stockholders": -10939000.0,
        "Net Income Common Stockholders": -10939000.0,
        "Net Income": -10939000.0,
        "Net Income Including Noncontrolling Interests": -10939000.0,
        "Net Income Continuous Operations": -10939000.0,
        "Tax Provision": 221000.0,
        "Pretax Income": -10718000.0,
        "Other Income Expense": 1560000.0,
        "Other Non Operating Income Expenses": 223000.0,
        "Special Income Charges": 0.0,
        "Impairment Of Capital Assets": 0.0,
        "Gain On Sale Of Security": NaN,
        "Net Non Operating Interest Income Expense": -725000.0,
        "Total Other Finance Cost": NaN,
        "Interest Expense Non Operating": -7000.0,
        "Interest Income Non Operating": NaN,
        "Operating Income": -11553000.0,
        "Operating Expense": 14446000.0,
        "Research And Development": 8098000.0,
        "Selling General And Administration": 6348000.0,
        "General And Administrative Expense": 6348000.0,
        "Other Gand A": 6348000.0,
        "Total Revenue": 2893000.0,
        "Operating Revenue": 2893000.0
    },
    "2022-03-31": {
        "Diluted EPS": -0.59,
        "Total Revenue": 2,
        "Gross Profit": 2,
        "Operating Income": -18,
        "EBIT": -17,
        "Net Income": -23
    },
    "2021-12-31": {
        "Diluted EPS": 0.0,
        "Total Revenue": NaN,
        "Gross Profit": NaN,
        "Operating Income": NaN,
        "EBIT": NaN,
        "Net Income": NaN
    },
    "2021-06-30": {
        "Diluted EPS": 0.0,
        "Total Revenue": NaN,
        "Gross Profit": NaN,
        "Operating Income": NaN,
        "EBIT": NaN,
        "Net Income": NaN
    },
    "2020-12-31": {
        "Diluted EPS": 0.0,
        "Total Revenue": NaN,
        "Gross Profit": NaN,
        "Operating Income": NaN,
        "EBIT": NaN,
        "Net Income": NaN
    },
    "2019-12-31": {
        "Diluted EPS": 0.0,
        "Total Revenue": NaN,
        "Gross Profit": NaN,
        "Operating Income": NaN,
        "EBIT": NaN,
        "Net Income": NaN
    },
    "2023-06-30": {
        "Tax Effect Of Unusual Items": 299880.0,
        "Tax Rate For Calcs": 0.21,
        "Normalized EBITDA": -20230000.0,
        "Total Unusual Items": 1428000.0,
        "Total Unusual Items Excluding Goodwill": 1428000.0,
        "Net Income From Continuing Operation Net Minority Interest": -17826000.0,
        "Reconciled Depreciation": 368000.0,
        "EBITDA": -18802000.0,
        "EBIT": -19170000.0,
        "Net Interest Income": 211000.0,
        "Interest Expense": NaN,
        "Interest Income": NaN,
        "Normalized Income": -18954120.0,
        "Net Income From Continuing And Discontinued Operation": -17826000.0,
        "Total Expenses": 20293000.0,
        "Total Operating Income As Reported": -19170000.0,
        "Diluted Average Shares": 391283214.0,
        "Basic Average Shares": 391283214.0,
        "Diluted EPS": -0.05,
        "Basic EPS": -0.05,
        "Diluted NI Availto Com Stockholders": -17826000.0,
        "Net Income Common Stockholders": -17826000.0,
        "Net Income": -17826000.0,
        "Net Income Including Noncontrolling Interests": -17826000.0,
        "Net Income Continuous Operations": -17826000.0,
        "Tax Provision": 305000.0,
        "Pretax Income": -17521000.0,
        "Other Income Expense": 1438000.0,
        "Other Non Operating Income Expenses": 10000.0,
        "Special Income Charges": 0.0,
        "Impairment Of Capital Assets": 0.0,
        "Gain On Sale Of Security": 1428000.0,
        "Net Non Operating Interest Income Expense": 211000.0,
        "Total Other Finance Cost": -211000.0,
        "Interest Expense Non Operating": NaN,
        "Interest Income Non Operating": NaN,
        "Operating Income": -19170000.0,
        "Operating Expense": 20293000.0,
        "Research And Development": 14393000.0,
        "Selling General And Administration": 5900000.0,
        "General And Administrative Expense": 5900000.0,
        "Other Gand A": 5900000.0,
        "Total Revenue": 1123000.0,
        "Operating Revenue": 1123000.0
    },
    "2023-09-30": {
        "Tax Effect Of Unusual Items": -29400.0,
        "Tax Rate For Calcs": 0.21,
        "Normalized EBITDA": -25105000.0,
        "Total Unusual Items": -140000.0,
        "Total Unusual Items Excluding Goodwill": -140000.0,
        "Net Income From Continuing Operation Net Minority Interest": -22989000.0,
        "Reconciled Depreciation": 381000.0,
        "EBITDA": -25245000.0,
        "EBIT": -25626000.0,
        "Net Interest Income": 2866000.0,
        "Interest Expense": NaN,
        "Interest Income": 2866000.0,
        "Normalized Income": -22878400.0,
        "Net Income From Continuing And Discontinued Operation": -22989000.0,
        "Total Expenses": 25679000.0,
        "Total Operating Income As Reported": -25626000.0,
        "Diluted Average Shares": 62250431.0,
        "Basic Average Shares": 62250431.0,
        "Diluted EPS": -0.37,
        "Basic EPS": -0.37,
        "Diluted NI Availto Com Stockholders": -22989000.0,
        "Net Income Common Stockholders": -22989000.0,
        "Net Income": -22989000.0,
        "Net Income Including Noncontrolling Interests": -22989000.0,
        "Net Income Continuous Operations": -22989000.0,
        "Tax Provision": 148000.0,
        "Pretax Income": -22841000.0,
        "Other Income Expense": -81000.0,
        "Other Non Operating Income Expenses": 59000.0,
        "Special Income Charges": 0.0,
        "Impairment Of Capital Assets": 0.0,
        "Gain On Sale Of Security": -140000.0,
        "Net Non Operating Interest Income Expense": 2866000.0,
        "Total Other Finance Cost": NaN,
        "Interest Expense Non Operating": NaN,
        "Interest Income Non Operating": 2866000.0,
        "Operating Income": -25626000.0,
        "Operating Expense": 25679000.0,
        "Research And Development": 16269000.0,
        "Selling General And Administration": 9410000.0,
        "General And Administrative Expense": 9410000.0,
        "Other Gand A": 9410000.0,
        "Total Revenue": 53000.0,
        "Operating Revenue": 53000.0
    },
    "2022-09-30": {
        "Tax Effect Of Unusual Items": 0.0,
        "Tax Rate For Calcs": 0.0,
        "Normalized EBITDA": -15228000.0,
        "Total Unusual Items": 0.0,
        "Total Unusual Items Excluding Goodwill": 0.0,
        "Net Income From Continuing Operation Net Minority Interest": -15568000.0,
        "Reconciled Depreciation": 330000.0,
        "EBITDA": -15228000.0,
        "EBIT": -15558000.0,
        "Net Interest Income": 499000.0,
        "Interest Expense": 10000.0,
        "Interest Income": 509000.0,
        "Normalized Income": -15568000.0,
        "Net Income From Continuing And Discontinued Operation": -15568000.0,
        "Total Expenses": 17538000.0,
        "Total Operating Income As Reported": -15941000.0,
        "Diluted Average Shares": 38618354.0,
        "Basic Average Shares": 38618354.0,
        "Diluted EPS": -0.4,
        "Basic EPS": -0.4,
        "Diluted NI Availto Com Stockholders": -15568000.0,
        "Net Income Common Stockholders": -15568000.0,
        "Net Income": -15568000.0,
        "Net Income Including Noncontrolling Interests": -15568000.0,
        "Net Income Continuous Operations": -15568000.0,
        "Tax Provision": 0.0,
        "Pretax Income": -15568000.0,
        "Other Income Expense": -126000.0,
        "Other Non Operating Income Expenses": -126000.0,
        "Special Income Charges": 0.0,
        "Impairment Of Capital Assets": 0.0,
        "Gain On Sale Of Security": NaN,
        "Net Non Operating Interest Income Expense": 499000.0,
        "Total Other Finance Cost": NaN,
        "Interest Expense Non Operating": 10000.0,
        "Interest Income Non Operating": 509000.0,
        "Operating Income": -15941000.0,
        "Operating Expense": 17538000.0,
        "Research And Development": 12443000.0,
        "Selling General And Administration": 5095000.0,
        "General And Administrative Expense": 5095000.0,
        "Other Gand A": 5095000.0,
        "Total Revenue": 1597000.0,
        "Operating Revenue": 1597000.0
    }
}