{
    "2023-09-30": {
        "Tax Effect Of Unusual Items": -2338629.967259,
        "Tax Rate For Calcs": 0.398065,
        "Normalized EBITDA": 191441000.0,
        "Total Unusual Items": -5875000.0,
        "Total Unusual Items Excluding Goodwill": -5875000.0,
        "Net Income From Continuing Operation Net Minority Interest": 32303000.0,
        "Reconciled Depreciation": 51583000.0,
        "Reconciled Cost Of Revenue": 509632000.0,
        "EBITDA": 185566000.0,
        "EBIT": 133983000.0,
        "Net Interest Income": -36282000.0,
        "Interest Expense": 44799000.0,
        "Interest Income": 4402000.0,
        "Normalized Income": 35839370.032741,
        "Net Income From Continuing And Discontinued Operation": 32303000.0,
        "Total Expenses": 509748000.0,
        "Total Operating Income As Reported": 131589000.0,
        "Diluted Average Shares": NaN,
        "Basic Average Shares": NaN,
        "Diluted EPS": NaN,
        "Basic EPS": NaN,
        "Diluted NI Availto Com Stockholders": 32303000.0,
        "Net Income Common Stockholders": 32303000.0,
        "Net Income": 32303000.0,
        "Minority Interests": -21380000.0,
        "Net Income Including Noncontrolling Interests": 53683000.0,
        "Net Income Continuous Operations": 53683000.0,
        "Tax Provision": 35501000.0,
        "Pretax Income": 89184000.0,
        "Other Income Expense": -5875000.0,
        "Gain On Sale Of Security": -5875000.0,
        "Net Non Operating Interest Income Expense": -36282000.0,
        "Total Other Finance Cost": -4115000.0,
        "Interest Expense Non Operating": 44799000.0,
        "Interest Income Non Operating": 4402000.0,
        "Operating Income": 131341000.0,
        "Operating Expense": 116000.0,
        "Other Operating Expenses": -9202000.0,
        "Other Taxes": 248000.0,
        "Selling General And Administration": 9070000.0,
        "Gross Profit": 131457000.0,
        "Cost Of Revenue": 509632000.0,
        "Total Revenue": 641089000.0,
        "Operating Revenue": 641089000.0
    },
    "2023-06-30": {
        "Tax Effect Of Unusual Items": NaN,
        "Tax Rate For Calcs": NaN,
        "Normalized EBITDA": NaN,
        "Total Unusual Items": NaN,
        "Total Unusual Items Excluding Goodwill": NaN,
        "Net Income From Continuing Operation Net Minority Interest": NaN,
        "Reconciled Depreciation": NaN,
        "Reconciled Cost Of Revenue": NaN,
        "EBITDA": NaN,
        "EBIT": NaN,
        "Net Interest Income": NaN,
        "Interest Expense": NaN,
        "Interest Income": NaN,
        "Normalized Income": NaN,
        "Net Income From Continuing And Discontinued Operation": NaN,
        "Total Expenses": NaN,
        "Total Operating Income As Reported": NaN,
        "Diluted Average Shares": 55429851.0,
        "Basic Average Shares": 55429851.0,
        "Diluted EPS": 0.849723,
        "Basic EPS": 0.849723,
        "Diluted NI Availto Com Stockholders": NaN,
        "Net Income Common Stockholders": NaN,
        "Net Income": NaN,
        "Minority Interests": NaN,
        "Net Income Including Noncontrolling Interests": NaN,
        "Net Income Continuous Operations": NaN,
        "Tax Provision": NaN,
        "Pretax Income": NaN,
        "Other Income Expense": NaN,
        "Gain On Sale Of Security": NaN,
        "Net Non Operating Interest Income Expense": NaN,
        "Total Other Finance Cost": NaN,
        "Interest Expense Non Operating": NaN,
        "Interest Income Non Operating": NaN,
        "Operating Income": NaN,
        "Operating Expense": NaN,
        "Other Operating Expenses": NaN,
        "Other Taxes": NaN,
        "Depreciation Amortization Depletion Income Statement": 37300000.0,
        "Depreciation And Amortization In Income Statement": 37300000.0,
        "Selling General And Administration": NaN,
        "Gross Profit": NaN,
        "Cost Of Revenue": NaN,
        "Total Revenue": NaN,
        "Operating Revenue": NaN
    },
    "2023-12-31": {
        "Tax Effect Of Unusual Items": 1153280.0,
        "Tax Rate For Calcs": 0.34,
        "Normalized EBITDA": 94249000.0,
        "Total Unusual Items": 3392000.0,
        "Total Unusual Items Excluding Goodwill": 3392000.0,
        "Net Income From Continuing Operation Net Minority Interest": -30455000.0,
        "Reconciled Depreciation": 57191000.0,
        "Reconciled Cost Of Revenue": 593796000.0,
        "EBITDA": 97641000.0,
        "EBIT": 40450000.0,
        "Net Interest Income": -131495000.0,
        "Interest Expense": 35346000.0,
        "Interest Income": 3605000.0,
        "Normalized Income": -32693720.0,
        "Net Income From Continuing And Discontinued Operation": -30455000.0,
        "Total Expenses": 607322000.0,
        "Total Operating Income As Reported": 133450000.0,
        "Diluted Average Shares": NaN,
        "Basic Average Shares": NaN,
        "Diluted EPS": NaN,
        "Basic EPS": NaN,
        "Diluted NI Availto Com Stockholders": -30455000.0,
        "Net Income Common Stockholders": -30455000.0,
        "Net Income": -30455000.0,
        "Minority Interests": -14470000.0,
        "Net Income Including Noncontrolling Interests": -15985000.0,
        "Net Income Continuous Operations": -15985000.0,
        "Tax Provision": 21089000.0,
        "Pretax Income": 5104000.0,
        "Other Income Expense": 3392000.0,
        "Gain On Sale Of Security": 3392000.0,
        "Net Non Operating Interest Income Expense": -131495000.0,
        "Total Other Finance Cost": 99754000.0,
        "Interest Expense Non Operating": 35346000.0,
        "Interest Income Non Operating": 3605000.0,
        "Operating Income": 133207000.0,
        "Operating Expense": 13526000.0,
        "Other Operating Expenses": 6823000.0,
        "Other Taxes": 243000.0,
        "Selling General And Administration": 6460000.0,
        "Gross Profit": 146733000.0,
        "Cost Of Revenue": 593796000.0,
        "Total Revenue": NaN,
        "Operating Revenue": NaN
    },
    "2022-12-31": {
        "Tax Effect Of Unusual Items": 1310669.905438,
        "Tax Rate For Calcs": 0.203047,
        "Normalized EBITDA": 165129000.0,
        "Total Unusual Items": 6455000.0,
        "Total Unusual Items Excluding Goodwill": 6455000.0,
        "Net Income From Continuing Operation Net Minority Interest": 58823000.0,
        "Reconciled Depreciation": 40454000.0,
        "Reconciled Cost Of Revenue": 507515000.0,
        "EBITDA": 171584000.0,
        "EBIT": 131130000.0,
        "Net Interest Income": -49587000.0,
        "Interest Expense": 42722000.0,
        "Interest Income": -4788000.0,
        "Normalized Income": 53678669.905438,
        "Net Income From Continuing And Discontinued Operation": 58823000.0,
        "Total Expenses": 504365000.0,
        "Total Operating Income As Reported": 132518000.0,
        "Diluted Average Shares": NaN,
        "Basic Average Shares": NaN,
        "Diluted EPS": NaN,
        "Basic EPS": NaN,
        "Diluted NI Availto Com Stockholders": 58823000.0,
        "Net Income Common Stockholders": 58823000.0,
        "Net Income": 58823000.0,
        "Minority Interests": -11634000.0,
        "Net Income Including Noncontrolling Interests": 70457000.0,
        "Net Income Continuous Operations": 70457000.0,
        "Tax Provision": 17951000.0,
        "Pretax Income": 88408000.0,
        "Other Income Expense": 10083000.0,
        "Gain On Sale Of Security": 6455000.0,
        "Net Non Operating Interest Income Expense": -49587000.0,
        "Total Other Finance Cost": 2077000.0,
        "Interest Expense Non Operating": 42722000.0,
        "Interest Income Non Operating": -4788000.0,
        "Operating Income": 127912000.0,
        "Operating Expense": -3150000.0,
        "Other Operating Expenses": -9213000.0,
        "Other Taxes": 978000.0,
        "Depreciation Amortization Depletion Income Statement": NaN,
        "Depreciation And Amortization In Income Statement": NaN,
        "Selling General And Administration": 5085000.0,
        "Gross Profit": 124762000.0,
        "Cost Of Revenue": 507515000.0,
        "Total Revenue": 632277000.0,
        "Operating Revenue": 632277000.0
    },
    "2022-09-30": {
        "Tax Effect Of Unusual Items": -1565534.847801,
        "Tax Rate For Calcs": 0.167455,
        "Normalized EBITDA": 107451000.0,
        "Total Unusual Items": -9349000.0,
        "Total Unusual Items Excluding Goodwill": -9349000.0,
        "Net Income From Continuing Operation Net Minority Interest": 24385000.0,
        "Reconciled Depreciation": 29311000.0,
        "Reconciled Cost Of Revenue": 310193000.0,
        "EBITDA": 98102000.0,
        "EBIT": 68791000.0,
        "Net Interest Income": -24712000.0,
        "Interest Expense": 26708000.0,
        "Interest Income": 1567000.0,
        "Normalized Income": 32168465.152199,
        "Net Income From Continuing And Discontinued Operation": 24385000.0,
        "Total Expenses": 321949000.0,
        "Total Operating Income As Reported": 78635000.0,
        "Diluted Average Shares": NaN,
        "Basic Average Shares": NaN,
        "Diluted EPS": NaN,
        "Basic EPS": NaN,
        "Diluted NI Availto Com Stockholders": 24385000.0,
        "Net Income Common Stockholders": 24385000.0,
        "Net Income": 24385000.0,
        "Minority Interests": -10651000.0,
        "Net Income Including Noncontrolling Interests": 35036000.0,
        "Net Income Continuous Operations": 35036000.0,
        "Tax Provision": 7047000.0,
        "Pretax Income": 42083000.0,
        "Other Income Expense": -9349000.0,
        "Gain On Sale Of Security": -9349000.0,
        "Net Non Operating Interest Income Expense": -24712000.0,
        "Total Other Finance Cost": -429000.0,
        "Interest Expense Non Operating": 26708000.0,
        "Interest Income Non Operating": 1567000.0,
        "Operating Income": 76144000.0,
        "Operating Expense": 11756000.0,
        "Other Operating Expenses": 1840000.0,
        "Other Taxes": NaN,
        "Depreciation Amortization Depletion Income Statement": NaN,
        "Depreciation And Amortization In Income Statement": NaN,
        "Selling General And Administration": 7425000.0,
        "Gross Profit": 87900000.0,
        "Cost Of Revenue": 310193000.0,
        "Total Revenue": 398093000.0,
        "Operating Revenue": 398093000.0
    },
    "2024-03-31": {
        "Tax Effect Of Unusual Items": -1168027.920741,
        "Tax Rate For Calcs": 0.389732,
        "Normalized EBITDA": 161388000.0,
        "Total Unusual Items": -2997000.0,
        "Total Unusual Items Excluding Goodwill": -2997000.0,
        "Net Income From Continuing Operation Net Minority Interest": 6853000.0,
        "Reconciled Depreciation": 59141000.0,
        "Reconciled Cost Of Revenue": 549715000.0,
        "EBITDA": 158391000.0,
        "EBIT": 99250000.0,
        "Net Interest Income": -58523000.0,
        "Interest Expense": 44846000.0,
        "Interest Income": 3925000.0,
        "Normalized Income": 8681972.079259,
        "Net Income From Continuing And Discontinued Operation": 6853000.0,
        "Total Expenses": 563243000.0,
        "Total Operating Income As Reported": 116288000.0,
        "Diluted Average Shares": 55429851.0,
        "Basic Average Shares": 55429851.0,
        "Diluted EPS": 0.46,
        "Basic EPS": 0.6,
        "Diluted NI Availto Com Stockholders": 6853000.0,
        "Net Income Common Stockholders": 6853000.0,
        "Net Income": 6853000.0,
        "Minority Interests": -26348000.0,
        "Net Income Including Noncontrolling Interests": 33201000.0,
        "Net Income Continuous Operations": 33201000.0,
        "Tax Provision": 21203000.0,
        "Pretax Income": 54404000.0,
        "Other Income Expense": -2997000.0,
        "Gain On Sale Of Security": -2997000.0,
        "Net Non Operating Interest Income Expense": -58523000.0,
        "Total Other Finance Cost": 17602000.0,
        "Interest Expense Non Operating": 44846000.0,
        "Interest Income Non Operating": 3925000.0,
        "Operating Income": 115824000.0,
        "Operating Expense": 13528000.0,
        "Other Operating Expenses": 4457000.0,
        "Other Taxes": 464000.0,
        "Selling General And Administration": 8607000.0,
        "Gross Profit": 129352000.0,
        "Cost Of Revenue": 549715000.0,
        "Total Revenue": 679067000.0,
        "Operating Revenue": 737115000.0
    },
    "2023-03-31": {
        "Tax Effect Of Unusual Items": NaN,
        "Tax Rate For Calcs": NaN,
        "Normalized EBITDA": NaN,
        "Total Unusual Items": NaN,
        "Total Unusual Items Excluding Goodwill": NaN,
        "Net Income From Continuing Operation Net Minority Interest": NaN,
        "Reconciled Depreciation": NaN,
        "Reconciled Cost Of Revenue": NaN,
        "EBITDA": NaN,
        "EBIT": NaN,
        "Net Interest Income": NaN,
        "Interest Expense": NaN,
        "Interest Income": NaN,
        "Normalized Income": NaN,
        "Net Income From Continuing And Discontinued Operation": NaN,
        "Total Expenses": NaN,
        "Total Operating Income As Reported": NaN,
        "Diluted Average Shares": 55429851.0,
        "Basic Average Shares": 55429851.0,
        "Diluted EPS": -0.35,
        "Basic EPS": -0.35,
        "Diluted NI Availto Com Stockholders": NaN,
        "Net Income Common Stockholders": NaN,
        "Net Income": NaN,
        "Minority Interests": NaN,
        "Net Income Including Noncontrolling Interests": NaN,
        "Net Income Continuous Operations": NaN,
        "Tax Provision": NaN,
        "Pretax Income": NaN,
        "Other Income Expense": NaN,
        "Gain On Sale Of Security": NaN,
        "Net Non Operating Interest Income Expense": NaN,
        "Total Other Finance Cost": NaN,
        "Interest Expense Non Operating": NaN,
        "Interest Income Non Operating": NaN,
        "Operating Income": NaN,
        "Operating Expense": NaN,
        "Other Operating Expenses": NaN,
        "Other Taxes": NaN,
        "Depreciation Amortization Depletion Income Statement": NaN,
        "Depreciation And Amortization In Income Statement": NaN,
        "Selling General And Administration": NaN,
        "Gross Profit": NaN,
        "Cost Of Revenue": NaN,
        "Total Revenue": NaN,
        "Operating Revenue": NaN
    },
    "2024-06-30": {
        "Tax Effect Of Unusual Items": 6072400.0,
        "Tax Rate For Calcs": 0.34,
        "Normalized EBITDA": 191828000.0,
        "Total Unusual Items": 17860000.0,
        "Total Unusual Items Excluding Goodwill": 17860000.0,
        "Net Income From Continuing Operation Net Minority Interest": 64863000.0,
        "Reconciled Depreciation": 67888000.0,
        "Reconciled Cost Of Revenue": 620152000.0,
        "EBITDA": 209688000.0,
        "EBIT": 141800000.0,
        "Net Interest Income": -58266000.0,
        "Interest Expense": 58793000.0,
        "Interest Income": 2376000.0,
        "Normalized Income": 53075400.0,
        "Net Income From Continuing And Discontinued Operation": 64863000.0,
        "Total Expenses": 616994000.0,
        "Total Operating Income As Reported": 124036000.0,
        "Diluted Average Shares": 55429851.0,
        "Basic Average Shares": 55429851.0,
        "Diluted EPS": NaN,
        "Basic EPS": NaN,
        "Diluted NI Availto Com Stockholders": 64863000.0,
        "Net Income Common Stockholders": 64863000.0,
        "Net Income": 64863000.0,
        "Minority Interests": -24329000.0,
        "Net Income Including Noncontrolling Interests": 89192000.0,
        "Net Income Continuous Operations": 89192000.0,
        "Tax Provision": -6185000.0,
        "Pretax Income": 83007000.0,
        "Other Income Expense": 17860000.0,
        "Gain On Sale Of Security": 17860000.0,
        "Net Non Operating Interest Income Expense": -58266000.0,
        "Total Other Finance Cost": 1849000.0,
        "Interest Expense Non Operating": 58793000.0,
        "Interest Income Non Operating": 2376000.0,
        "Operating Income": 123513000.0,
        "Operating Expense": -3158000.0,
        "Other Operating Expenses": -11949000.0,
        "Other Taxes": 523000.0,
        "Selling General And Administration": 8268000.0,
        "Gross Profit": 120355000.0,
        "Cost Of Revenue": 620152000.0,
        "Total Revenue": 740500000.0,
        "Operating Revenue": 740500000.0
    },
    "2024-09-30": {
        "Tax Effect Of Unusual Items": -11047280.0,
        "Tax Rate For Calcs": 0.34,
        "Normalized EBITDA": 226063000.0,
        "Total Unusual Items": -32492000.0,
        "Total Unusual Items Excluding Goodwill": -32492000.0,
        "Net Income From Continuing Operation Net Minority Interest": 7310000.0,
        "Reconciled Depreciation": 83801000.0,
        "Reconciled Cost Of Revenue": 847722000.0,
        "EBITDA": 193571000.0,
        "EBIT": 109770000.0,
        "Net Interest Income": -75128000.0,
        "Interest Expense": 58985000.0,
        "Interest Income": -920000.0,
        "Normalized Income": 28754720.0,
        "Net Income From Continuing And Discontinued Operation": 7310000.0,
        "Total Expenses": 853199000.0,
        "Total Operating Income As Reported": 158702000.0,
        "Diluted Average Shares": NaN,
        "Basic Average Shares": NaN,
        "Diluted EPS": NaN,
        "Basic EPS": NaN,
        "Diluted NI Availto Com Stockholders": 7310000.0,
        "Net Income Common Stockholders": 7310000.0,
        "Net Income": 7310000.0,
        "Minority Interests": -11820000.0,
        "Net Income Including Noncontrolling Interests": 19130000.0,
        "Net Income Continuous Operations": 19130000.0,
        "Tax Provision": 31655000.0,
        "Pretax Income": 50785000.0,
        "Other Income Expense": -32492000.0,
        "Gain On Sale Of Security": -32492000.0,
        "Net Non Operating Interest Income Expense": -75128000.0,
        "Total Other Finance Cost": 15223000.0,
        "Interest Expense Non Operating": 58985000.0,
        "Interest Income Non Operating": -920000.0,
        "Operating Income": 158405000.0,
        "Operating Expense": 5477000.0,
        "Other Operating Expenses": -1520000.0,
        "Other Taxes": 297000.0,
        "Selling General And Administration": 6700000.0,
        "Gross Profit": 163882000.0,
        "Cost Of Revenue": 847722000.0,
        "Total Revenue": 1011604000.0,
        "Operating Revenue": 1011604000.0
    },
    "2024-12-31": {
        "Tax Effect Of Unusual Items": -19212380.0,
        "Tax Rate For Calcs": 0.34,
        "Normalized EBITDA": 202141000.0,
        "Total Unusual Items": -56507000.0,
        "Total Unusual Items Excluding Goodwill": -56507000.0,
        "Net Income From Continuing Operation Net Minority Interest": -99582000.0,
        "Reconciled Depreciation": 111682000.0,
        "Reconciled Cost Of Revenue": 752076000.0,
        "EBITDA": 145634000.0,
        "EBIT": 33952000.0,
        "Net Interest Income": -91541000.0,
        "Interest Expense": 95367000.0,
        "Interest Income": 8242000.0,
        "Normalized Income": -62287380.0,
        "Net Income From Continuing And Discontinued Operation": -99582000.0,
        "Total Expenses": 730631000.0,
        "Total Operating Income As Reported": 86743000.0,
        "Diluted Average Shares": NaN,
        "Basic Average Shares": NaN,
        "Diluted EPS": NaN,
        "Basic EPS": NaN,
        "Diluted NI Availto Com Stockholders": -99582000.0,
        "Net Income Common Stockholders": -99582000.0,
        "Net Income": -99582000.0,
        "Minority Interests": -16818000.0,
        "Net Income Including Noncontrolling Interests": -82764000.0,
        "Net Income Continuous Operations": -82764000.0,
        "Tax Provision": 21349000.0,
        "Pretax Income": -61415000.0,
        "Other Income Expense": -56507000.0,
        "Gain On Sale Of Security": -56507000.0,
        "Net Non Operating Interest Income Expense": -91541000.0,
        "Total Other Finance Cost": 4416000.0,
        "Interest Expense Non Operating": 95367000.0,
        "Interest Income Non Operating": 8242000.0,
        "Operating Income": 86633000.0,
        "Operating Expense": -21445000.0,
        "Other Operating Expenses": -30271000.0,
        "Other Taxes": 110000.0,
        "Selling General And Administration": 8716000.0,
        "Gross Profit": 65188000.0,
        "Cost Of Revenue": 752076000.0,
        "Total Revenue": 817264000.0,
        "Operating Revenue": 817264000.0
    },
    "2025-06-30": {
        "Tax Effect Of Unusual Items": NaN,
        "Tax Rate For Calcs": NaN,
        "Normalized EBITDA": NaN,
        "Total Unusual Items": NaN,
        "Total Unusual Items Excluding Goodwill": NaN,
        "Net Income From Continuing Operation Net Minority Interest": NaN,
        "Reconciled Depreciation": NaN,
        "Reconciled Cost Of Revenue": NaN,
        "EBITDA": NaN,
        "EBIT": NaN,
        "Net Interest Income": NaN,
        "Interest Expense": NaN,
        "Interest Income": NaN,
        "Normalized Income": NaN,
        "Net Income From Continuing And Discontinued Operation": NaN,
        "Total Expenses": NaN,
        "Total Operating Income As Reported": NaN,
        "Diluted Average Shares": NaN,
        "Basic Average Shares": NaN,
        "Diluted EPS": NaN,
        "Basic EPS": NaN,
        "Diluted NI Availto Com Stockholders": NaN,
        "Net Income Common Stockholders": NaN,
        "Net Income": NaN,
        "Minority Interests": NaN,
        "Net Income Including Noncontrolling Interests": NaN,
        "Net Income Continuous Operations": NaN,
        "Tax Provision": NaN,
        "Pretax Income": NaN,
        "Other Income Expense": NaN,
        "Gain On Sale Of Security": NaN,
        "Net Non Operating Interest Income Expense": NaN,
        "Total Other Finance Cost": NaN,
        "Interest Expense Non Operating": NaN,
        "Interest Income Non Operating": NaN,
        "Operating Income": NaN,
        "Operating Expense": NaN,
        "Other Operating Expenses": NaN,
        "Other Taxes": NaN,
        "Selling General And Administration": NaN,
        "Gross Profit": NaN,
        "Cost Of Revenue": NaN,
        "Total Revenue": 738800000.0,
        "Operating Revenue": 738800000.0
    }
}