{
    "2023-03-31": {
        "Tax Effect Of Unusual Items": NaN,
        "Tax Rate For Calcs": NaN,
        "Normalized EBITDA": NaN,
        "Total Unusual Items": NaN,
        "Total Unusual Items Excluding Goodwill": NaN,
        "Net Income From Continuing Operation Net Minority Interest": NaN,
        "Reconciled Depreciation": NaN,
        "Reconciled Cost Of Revenue": NaN,
        "EBITDA": NaN,
        "EBIT": NaN,
        "Net Interest Income": NaN,
        "Interest Income": NaN,
        "Normalized Income": NaN,
        "Net Income From Continuing And Discontinued Operation": NaN,
        "Total Expenses": NaN,
        "Total Operating Income As Reported": NaN,
        "Diluted Average Shares": NaN,
        "Basic Average Shares": NaN,
        "Diluted EPS": NaN,
        "Basic EPS": NaN,
        "Diluted NI Availto Com Stockholders": NaN,
        "Net Income Common Stockholders": NaN,
        "Net Income": NaN,
        "Net Income Including Noncontrolling Interests": NaN,
        "Net Income Continuous Operations": NaN,
        "Tax Provision": NaN,
        "Pretax Income": NaN,
        "Other Income Expense": NaN,
        "Other Non Operating Income Expenses": NaN,
        "Special Income Charges": NaN,
        "Other Special Charges": NaN,
        "Restructuring And Mergern Acquisition": NaN,
        "Net Non Operating Interest Income Expense": NaN,
        "Interest Income Non Operating": NaN,
        "Operating Income": NaN,
        "Operating Expense": NaN,
        "Research And Development": NaN,
        "Selling General And Administration": NaN,
        "General And Administrative Expense": 44006000.0,
        "Other Gand A": 44006000.0,
        "Gross Profit": NaN,
        "Cost Of Revenue": NaN,
        "Total Revenue": NaN,
        "Operating Revenue": NaN
    },
    "2022-12-31": {
        "Tax Effect Of Unusual Items": 0.0,
        "Tax Rate For Calcs": 0.21,
        "Normalized EBITDA": -44411000.0,
        "Net Income From Continuing Operation Net Minority Interest": -42704000.0,
        "Reconciled Depreciation": 182000.0,
        "Reconciled Cost Of Revenue": 2821000.0,
        "EBITDA": -44411000.0,
        "EBIT": -44593000.0,
        "Net Interest Income": 3157000.0,
        "Interest Income": 3157000.0,
        "Normalized Income": -42704000.0,
        "Net Income From Continuing And Discontinued Operation": -42704000.0,
        "Total Expenses": 66478000.0,
        "Total Operating Income As Reported": -44593000.0,
        "Diluted Average Shares": 65416712.0,
        "Basic Average Shares": 65416712.0,
        "Diluted EPS": -0.65,
        "Basic EPS": -0.65,
        "Diluted NI Availto Com Stockholders": -42704000.0,
        "Net Income Common Stockholders": -42704000.0,
        "Net Income": -42704000.0,
        "Net Income Including Noncontrolling Interests": -42704000.0,
        "Net Income Continuous Operations": -42704000.0,
        "Tax Provision": 579000.0,
        "Pretax Income": -42125000.0,
        "Other Income Expense": -689000.0,
        "Other Non Operating Income Expenses": -689000.0,
        "Net Non Operating Interest Income Expense": 3157000.0,
        "Interest Income Non Operating": 3157000.0,
        "Operating Income": -44593000.0,
        "Operating Expense": 63657000.0,
        "Research And Development": 22813000.0,
        "Selling General And Administration": 40844000.0,
        "General And Administrative Expense": NaN,
        "Other Gand A": NaN,
        "Gross Profit": 19064000.0,
        "Cost Of Revenue": 2821000.0,
        "Total Revenue": 21885000.0,
        "Operating Revenue": 26759000.0
    },
    "2022-09-30": {
        "Tax Effect Of Unusual Items": 0.0,
        "Tax Rate For Calcs": 0.00232,
        "Normalized EBITDA": -54516000.0,
        "Net Income From Continuing Operation Net Minority Interest": -53756000.0,
        "Reconciled Depreciation": 165000.0,
        "Reconciled Cost Of Revenue": 172000.0,
        "EBITDA": -54516000.0,
        "EBIT": -54681000.0,
        "Net Interest Income": 601000.0,
        "Interest Income": 601000.0,
        "Normalized Income": -53756000.0,
        "Net Income From Continuing And Discontinued Operation": -53756000.0,
        "Total Expenses": 55026000.0,
        "Total Operating Income As Reported": -54681000.0,
        "Diluted Average Shares": 58533226.0,
        "Basic Average Shares": 58533226.0,
        "Diluted EPS": -0.92,
        "Basic EPS": -0.92,
        "Diluted NI Availto Com Stockholders": -53756000.0,
        "Net Income Common Stockholders": -53756000.0,
        "Net Income": -53756000.0,
        "Net Income Including Noncontrolling Interests": -53756000.0,
        "Net Income Continuous Operations": -53756000.0,
        "Tax Provision": -125000.0,
        "Pretax Income": -53881000.0,
        "Other Income Expense": 199000.0,
        "Other Non Operating Income Expenses": 199000.0,
        "Net Non Operating Interest Income Expense": 601000.0,
        "Interest Income Non Operating": 601000.0,
        "Operating Income": -54681000.0,
        "Operating Expense": 54854000.0,
        "Research And Development": 24914000.0,
        "Selling General And Administration": 29940000.0,
        "General And Administrative Expense": NaN,
        "Other Gand A": NaN,
        "Gross Profit": 173000.0,
        "Cost Of Revenue": 172000.0,
        "Total Revenue": 345000.0,
        "Operating Revenue": 345000.0
    },
    "2022-06-30": {
        "Tax Effect Of Unusual Items": 0.0,
        "Tax Rate For Calcs": 0.4,
        "Normalized EBITDA": -54148000.0,
        "Net Income From Continuing Operation Net Minority Interest": -54067000.0,
        "Reconciled Depreciation": 105000.0,
        "Reconciled Cost Of Revenue": NaN,
        "EBITDA": -54148000.0,
        "EBIT": -54253000.0,
        "Net Interest Income": 402000.0,
        "Interest Income": 402000.0,
        "Normalized Income": -54067000.0,
        "Net Income From Continuing And Discontinued Operation": -54067000.0,
        "Total Expenses": 54253000.0,
        "Total Operating Income As Reported": -54253000.0,
        "Diluted Average Shares": 58275903.0,
        "Basic Average Shares": 58275903.0,
        "Diluted EPS": -0.93,
        "Basic EPS": -0.93,
        "Diluted NI Availto Com Stockholders": -54067000.0,
        "Net Income Common Stockholders": -54067000.0,
        "Net Income": -54067000.0,
        "Net Income Including Noncontrolling Interests": -54067000.0,
        "Net Income Continuous Operations": -54067000.0,
        "Tax Provision": 174000.0,
        "Pretax Income": -53893000.0,
        "Other Income Expense": -42000.0,
        "Other Non Operating Income Expenses": -42000.0,
        "Net Non Operating Interest Income Expense": 402000.0,
        "Interest Income Non Operating": 402000.0,
        "Operating Income": -54253000.0,
        "Operating Expense": 54253000.0,
        "Research And Development": 24259000.0,
        "Selling General And Administration": 29994000.0,
        "General And Administrative Expense": 29994000.0,
        "Other Gand A": 29994000.0,
        "Gross Profit": NaN,
        "Cost Of Revenue": NaN,
        "Total Revenue": 0.0,
        "Operating Revenue": 0.0
    },
    "2022-03-31": {
        "Diluted EPS": -0.93,
        "Total Revenue": NaN,
        "Gross Profit": NaN,
        "Operating Income": -48,
        "EBIT": -48,
        "Net Income": -48
    },
    "2021-12-31": {
        "Diluted EPS": -4.19,
        "Total Revenue": NaN,
        "Gross Profit": NaN,
        "Operating Income": -28,
        "EBIT": -28,
        "Net Income": -28
    },
    "2021-09-30": {
        "Diluted EPS": -3.42,
        "Total Revenue": 0,
        "Gross Profit": 0,
        "Operating Income": -23,
        "EBIT": -23,
        "Net Income": -23
    },
    "2021-06-30": {
        "Diluted EPS": -3.41,
        "Total Revenue": NaN,
        "Gross Profit": NaN,
        "Operating Income": -19,
        "EBIT": -19,
        "Net Income": -22
    },
    "2021-03-31": {
        "Diluted EPS": -2.33,
        "Total Revenue": NaN,
        "Gross Profit": NaN,
        "Operating Income": -13,
        "EBIT": -13,
        "Net Income": -15
    },
    "2020-12-31": {
        "Diluted EPS": 0.0,
        "Total Revenue": NaN,
        "Gross Profit": NaN,
        "Operating Income": NaN,
        "EBIT": NaN,
        "Net Income": NaN
    },
    "2023-06-30": {
        "Tax Effect Of Unusual Items": NaN,
        "Tax Rate For Calcs": NaN,
        "Normalized EBITDA": NaN,
        "Total Unusual Items": 0.0,
        "Total Unusual Items Excluding Goodwill": 0.0,
        "Net Income From Continuing Operation Net Minority Interest": NaN,
        "Reconciled Depreciation": NaN,
        "Reconciled Cost Of Revenue": NaN,
        "EBITDA": NaN,
        "EBIT": NaN,
        "Net Interest Income": NaN,
        "Interest Income": NaN,
        "Normalized Income": NaN,
        "Net Income From Continuing And Discontinued Operation": NaN,
        "Total Expenses": NaN,
        "Total Operating Income As Reported": NaN,
        "Diluted Average Shares": NaN,
        "Basic Average Shares": NaN,
        "Diluted EPS": NaN,
        "Basic EPS": NaN,
        "Diluted NI Availto Com Stockholders": NaN,
        "Net Income Common Stockholders": NaN,
        "Net Income": NaN,
        "Net Income Including Noncontrolling Interests": NaN,
        "Net Income Continuous Operations": NaN,
        "Tax Provision": NaN,
        "Pretax Income": NaN,
        "Other Income Expense": NaN,
        "Other Non Operating Income Expenses": NaN,
        "Special Income Charges": 0.0,
        "Other Special Charges": NaN,
        "Restructuring And Mergern Acquisition": 0.0,
        "Net Non Operating Interest Income Expense": NaN,
        "Interest Income Non Operating": NaN,
        "Operating Income": NaN,
        "Operating Expense": NaN,
        "Research And Development": NaN,
        "Selling General And Administration": NaN,
        "Gross Profit": NaN,
        "Cost Of Revenue": NaN,
        "Total Revenue": NaN,
        "Operating Revenue": NaN
    },
    "2023-09-30": {
        "Tax Effect Of Unusual Items": NaN,
        "Tax Rate For Calcs": NaN,
        "Normalized EBITDA": NaN,
        "Total Unusual Items": 0.0,
        "Total Unusual Items Excluding Goodwill": 0.0,
        "Net Income From Continuing Operation Net Minority Interest": NaN,
        "Reconciled Depreciation": NaN,
        "Reconciled Cost Of Revenue": NaN,
        "EBITDA": NaN,
        "EBIT": NaN,
        "Net Interest Income": NaN,
        "Interest Income": NaN,
        "Normalized Income": NaN,
        "Net Income From Continuing And Discontinued Operation": NaN,
        "Total Expenses": NaN,
        "Total Operating Income As Reported": NaN,
        "Diluted Average Shares": NaN,
        "Basic Average Shares": NaN,
        "Diluted EPS": NaN,
        "Basic EPS": NaN,
        "Diluted NI Availto Com Stockholders": NaN,
        "Net Income Common Stockholders": NaN,
        "Net Income": NaN,
        "Net Income Including Noncontrolling Interests": NaN,
        "Net Income Continuous Operations": NaN,
        "Tax Provision": NaN,
        "Pretax Income": NaN,
        "Other Income Expense": NaN,
        "Other Non Operating Income Expenses": NaN,
        "Special Income Charges": 0.0,
        "Other Special Charges": NaN,
        "Restructuring And Mergern Acquisition": 0.0,
        "Net Non Operating Interest Income Expense": NaN,
        "Interest Income Non Operating": NaN,
        "Operating Income": NaN,
        "Operating Expense": NaN,
        "Research And Development": NaN,
        "Selling General And Administration": NaN,
        "Gross Profit": NaN,
        "Cost Of Revenue": NaN,
        "Total Revenue": NaN,
        "Operating Revenue": NaN
    },
    "2023-12-31": {
        "Tax Effect Of Unusual Items": 0.0,
        "Tax Rate For Calcs": 0.269456,
        "Normalized EBITDA": 2235000.0,
        "Total Unusual Items": NaN,
        "Total Unusual Items Excluding Goodwill": NaN,
        "Net Income From Continuing Operation Net Minority Interest": 4731000.0,
        "Reconciled Depreciation": 301000.0,
        "Reconciled Cost Of Revenue": 9360000.0,
        "EBITDA": 2235000.0,
        "EBIT": 1934000.0,
        "Net Interest Income": 4371000.0,
        "Interest Income": 4371000.0,
        "Normalized Income": 4731000.0,
        "Net Income From Continuing And Discontinued Operation": 4731000.0,
        "Total Expenses": 106515000.0,
        "Total Operating Income As Reported": 1934000.0,
        "Diluted Average Shares": 69196421.0,
        "Basic Average Shares": 67414669.0,
        "Diluted EPS": 0.07,
        "Basic EPS": 0.07,
        "Diluted NI Availto Com Stockholders": 4731000.0,
        "Net Income Common Stockholders": 4731000.0,
        "Net Income": 4731000.0,
        "Net Income Including Noncontrolling Interests": 4731000.0,
        "Net Income Continuous Operations": 4731000.0,
        "Tax Provision": 1745000.0,
        "Pretax Income": 6476000.0,
        "Other Income Expense": 171000.0,
        "Other Non Operating Income Expenses": 171000.0,
        "Special Income Charges": NaN,
        "Other Special Charges": NaN,
        "Restructuring And Mergern Acquisition": NaN,
        "Net Non Operating Interest Income Expense": 4371000.0,
        "Interest Income Non Operating": 4371000.0,
        "Operating Income": 1934000.0,
        "Operating Expense": 97155000.0,
        "Research And Development": 44914000.0,
        "Selling General And Administration": 52241000.0,
        "Gross Profit": 99089000.0,
        "Cost Of Revenue": 9360000.0,
        "Total Revenue": 108449000.0,
        "Operating Revenue": 126611000.0
    },
    "2024-03-31": {
        "Tax Effect Of Unusual Items": 0.0,
        "Tax Rate For Calcs": 0.21,
        "Normalized EBITDA": -121815000.0,
        "Total Unusual Items": NaN,
        "Total Unusual Items Excluding Goodwill": NaN,
        "Net Income From Continuing Operation Net Minority Interest": -118793000.0,
        "Reconciled Depreciation": 315000.0,
        "Reconciled Cost Of Revenue": 116406000.0,
        "EBITDA": -121815000.0,
        "EBIT": -122130000.0,
        "Net Interest Income": 4326000.0,
        "Interest Income": 4326000.0,
        "Normalized Income": -118793000.0,
        "Net Income From Continuing And Discontinued Operation": -118793000.0,
        "Total Expenses": 210773000.0,
        "Total Operating Income As Reported": -122130000.0,
        "Diluted Average Shares": 67854356.0,
        "Basic Average Shares": 67854356.0,
        "Diluted EPS": -1.75,
        "Basic EPS": -1.75,
        "Diluted NI Availto Com Stockholders": -118793000.0,
        "Net Income Common Stockholders": -118793000.0,
        "Net Income": -118793000.0,
        "Net Income Including Noncontrolling Interests": -118793000.0,
        "Net Income Continuous Operations": -118793000.0,
        "Tax Provision": 242000.0,
        "Pretax Income": -118551000.0,
        "Other Income Expense": -747000.0,
        "Other Non Operating Income Expenses": -747000.0,
        "Special Income Charges": NaN,
        "Other Special Charges": NaN,
        "Restructuring And Mergern Acquisition": NaN,
        "Net Non Operating Interest Income Expense": 4326000.0,
        "Interest Income Non Operating": 4326000.0,
        "Operating Income": -122130000.0,
        "Operating Expense": 94367000.0,
        "Research And Development": 36608000.0,
        "Selling General And Administration": 57759000.0,
        "Gross Profit": -27763000.0,
        "Cost Of Revenue": 116406000.0,
        "Total Revenue": 88643000.0,
        "Operating Revenue": 88643000.0
    },
    "2024-06-30": {
        "Tax Effect Of Unusual Items": NaN,
        "Tax Rate For Calcs": NaN,
        "Normalized EBITDA": NaN,
        "Total Unusual Items": -22851000.0,
        "Total Unusual Items Excluding Goodwill": -22851000.0,
        "Net Income From Continuing Operation Net Minority Interest": NaN,
        "Reconciled Depreciation": NaN,
        "Reconciled Cost Of Revenue": NaN,
        "EBITDA": NaN,
        "EBIT": NaN,
        "Net Interest Income": NaN,
        "Interest Income": NaN,
        "Normalized Income": NaN,
        "Net Income From Continuing And Discontinued Operation": NaN,
        "Total Expenses": NaN,
        "Total Operating Income As Reported": NaN,
        "Diluted Average Shares": NaN,
        "Basic Average Shares": NaN,
        "Diluted EPS": NaN,
        "Basic EPS": NaN,
        "Diluted NI Availto Com Stockholders": NaN,
        "Net Income Common Stockholders": NaN,
        "Net Income": NaN,
        "Net Income Including Noncontrolling Interests": NaN,
        "Net Income Continuous Operations": NaN,
        "Tax Provision": NaN,
        "Pretax Income": NaN,
        "Other Income Expense": NaN,
        "Other Non Operating Income Expenses": NaN,
        "Special Income Charges": -22851000.0,
        "Other Special Charges": NaN,
        "Restructuring And Mergern Acquisition": 22851000.0,
        "Net Non Operating Interest Income Expense": NaN,
        "Interest Income Non Operating": NaN,
        "Operating Income": NaN,
        "Operating Expense": NaN,
        "Research And Development": NaN,
        "Selling General And Administration": NaN,
        "Gross Profit": NaN,
        "Cost Of Revenue": NaN,
        "Total Revenue": NaN,
        "Operating Revenue": NaN
    },
    "2024-09-30": {
        "Tax Effect Of Unusual Items": 0.0,
        "Tax Rate For Calcs": 0.0,
        "Normalized EBITDA": -3034000.0,
        "Total Unusual Items": -36203000.0,
        "Total Unusual Items Excluding Goodwill": -36203000.0,
        "Net Income From Continuing Operation Net Minority Interest": -72704000.0,
        "Reconciled Depreciation": 221000.0,
        "Reconciled Cost Of Revenue": 809000.0,
        "EBITDA": -39237000.0,
        "EBIT": -39458000.0,
        "Net Interest Income": 3098000.0,
        "Interest Income": 3098000.0,
        "Normalized Income": -36501000.0,
        "Net Income From Continuing And Discontinued Operation": -72704000.0,
        "Total Expenses": 39874000.0,
        "Total Operating Income As Reported": -75661000.0,
        "Diluted Average Shares": 68091446.0,
        "Basic Average Shares": 68091446.0,
        "Diluted EPS": -1.07,
        "Basic EPS": -1.07,
        "Diluted NI Availto Com Stockholders": -72704000.0,
        "Net Income Common Stockholders": -72704000.0,
        "Net Income": -72704000.0,
        "Net Income Including Noncontrolling Interests": -72704000.0,
        "Net Income Continuous Operations": -72704000.0,
        "Tax Provision": 0.0,
        "Pretax Income": -72704000.0,
        "Other Income Expense": -36344000.0,
        "Other Non Operating Income Expenses": -141000.0,
        "Special Income Charges": -36203000.0,
        "Other Special Charges": 36203000.0,
        "Restructuring And Mergern Acquisition": 0.0,
        "Net Non Operating Interest Income Expense": 3098000.0,
        "Interest Income Non Operating": 3098000.0,
        "Operating Income": -39458000.0,
        "Operating Expense": 39065000.0,
        "Research And Development": 21237000.0,
        "Selling General And Administration": 17828000.0,
        "Gross Profit": -393000.0,
        "Cost Of Revenue": 809000.0,
        "Total Revenue": 416000.0,
        "Operating Revenue": 416000.0
    },
    "2024-12-31": {
        "Tax Effect Of Unusual Items": 0.0,
        "Tax Rate For Calcs": 0.016631,
        "Normalized EBITDA": -40494000.0,
        "Total Unusual Items": 0.0,
        "Total Unusual Items Excluding Goodwill": 0.0,
        "Net Income From Continuing Operation Net Minority Interest": -37546000.0,
        "Reconciled Depreciation": 160000.0,
        "Reconciled Cost Of Revenue": 0.0,
        "EBITDA": -40494000.0,
        "EBIT": -40654000.0,
        "Net Interest Income": 2316000.0,
        "Interest Income": 2316000.0,
        "Normalized Income": -37546000.0,
        "Net Income From Continuing And Discontinued Operation": -37546000.0,
        "Total Expenses": 39989000.0,
        "Total Operating Income As Reported": -40654000.0,
        "Diluted Average Shares": 68593499.0,
        "Basic Average Shares": 68593499.0,
        "Diluted EPS": -0.55,
        "Basic EPS": -0.55,
        "Diluted NI Availto Com Stockholders": -37546000.0,
        "Net Income Common Stockholders": -37546000.0,
        "Net Income": -37546000.0,
        "Net Income Including Noncontrolling Interests": -37546000.0,
        "Net Income Continuous Operations": -37546000.0,
        "Tax Provision": -635000.0,
        "Pretax Income": -38181000.0,
        "Other Income Expense": 157000.0,
        "Other Non Operating Income Expenses": 157000.0,
        "Special Income Charges": 0.0,
        "Other Special Charges": 0.0,
        "Restructuring And Mergern Acquisition": 0.0,
        "Net Non Operating Interest Income Expense": 2316000.0,
        "Interest Income Non Operating": 2316000.0,
        "Operating Income": -40654000.0,
        "Operating Expense": 39989000.0,
        "Research And Development": 22892000.0,
        "Selling General And Administration": 17097000.0,
        "Gross Profit": -665000.0,
        "Cost Of Revenue": 0.0,
        "Total Revenue": -665000.0,
        "Operating Revenue": 0.0
    },
    "2025-03-31": {
        "Tax Effect Of Unusual Items": 0.0,
        "Tax Rate For Calcs": 0.0,
        "Normalized EBITDA": -37647000.0,
        "Total Unusual Items": NaN,
        "Total Unusual Items Excluding Goodwill": NaN,
        "Net Income From Continuing Operation Net Minority Interest": -35907000.0,
        "Reconciled Depreciation": 156000.0,
        "Reconciled Cost Of Revenue": 0.0,
        "EBITDA": -37647000.0,
        "EBIT": -37803000.0,
        "Net Interest Income": 2231000.0,
        "Interest Income": 2231000.0,
        "Normalized Income": -35907000.0,
        "Net Income From Continuing And Discontinued Operation": -35907000.0,
        "Total Expenses": 37803000.0,
        "Total Operating Income As Reported": -37803000.0,
        "Diluted Average Shares": 85697108.0,
        "Basic Average Shares": 85697108.0,
        "Diluted EPS": -0.42,
        "Basic EPS": -0.42,
        "Diluted NI Availto Com Stockholders": -35907000.0,
        "Net Income Common Stockholders": -35907000.0,
        "Net Income": -35907000.0,
        "Net Income Including Noncontrolling Interests": -35907000.0,
        "Net Income Continuous Operations": -35907000.0,
        "Tax Provision": 0.0,
        "Pretax Income": -35907000.0,
        "Other Income Expense": -335000.0,
        "Other Non Operating Income Expenses": -335000.0,
        "Special Income Charges": NaN,
        "Other Special Charges": NaN,
        "Restructuring And Mergern Acquisition": NaN,
        "Net Non Operating Interest Income Expense": 2231000.0,
        "Interest Income Non Operating": 2231000.0,
        "Operating Income": -37803000.0,
        "Operating Expense": 37803000.0,
        "Research And Development": 22119000.0,
        "Selling General And Administration": 15684000.0,
        "Gross Profit": 0.0,
        "Cost Of Revenue": 0.0,
        "Total Revenue": 0.0,
        "Operating Revenue": 0.0
    },
    "2025-06-30": {
        "Tax Effect Of Unusual Items": 0.0,
        "Tax Rate For Calcs": 0.0,
        "Normalized EBITDA": -42716000.0,
        "Total Unusual Items": 0.0,
        "Total Unusual Items Excluding Goodwill": 0.0,
        "Net Income From Continuing Operation Net Minority Interest": -41443000.0,
        "Reconciled Depreciation": 141000.0,
        "Reconciled Cost Of Revenue": 0.0,
        "EBITDA": -42716000.0,
        "EBIT": -42857000.0,
        "Net Interest Income": 1960000.0,
        "Interest Income": 1960000.0,
        "Normalized Income": -41443000.0,
        "Net Income From Continuing And Discontinued Operation": -41443000.0,
        "Total Expenses": 42857000.0,
        "Total Operating Income As Reported": -42857000.0,
        "Diluted Average Shares": 89138568.0,
        "Basic Average Shares": 89138568.0,
        "Diluted EPS": -0.46,
        "Basic EPS": -0.46,
        "Diluted NI Availto Com Stockholders": -41443000.0,
        "Net Income Common Stockholders": -41443000.0,
        "Net Income": -41443000.0,
        "Net Income Including Noncontrolling Interests": -41443000.0,
        "Net Income Continuous Operations": -41443000.0,
        "Tax Provision": 0.0,
        "Pretax Income": -41443000.0,
        "Other Income Expense": -546000.0,
        "Other Non Operating Income Expenses": -546000.0,
        "Special Income Charges": 0.0,
        "Other Special Charges": NaN,
        "Restructuring And Mergern Acquisition": 0.0,
        "Net Non Operating Interest Income Expense": 1960000.0,
        "Interest Income Non Operating": 1960000.0,
        "Operating Income": -42857000.0,
        "Operating Expense": 42857000.0,
        "Research And Development": 27217000.0,
        "Selling General And Administration": 15640000.0,
        "Gross Profit": 0.0,
        "Cost Of Revenue": 0.0,
        "Total Revenue": 0.0,
        "Operating Revenue": 0.0
    },
    "2025-09-30": {
        "Tax Effect Of Unusual Items": 0.0,
        "Tax Rate For Calcs": 0.0,
        "Normalized EBITDA": -35907000.0,
        "Total Unusual Items": 0.0,
        "Total Unusual Items Excluding Goodwill": 0.0,
        "Net Income From Continuing Operation Net Minority Interest": -34386000.0,
        "Reconciled Depreciation": 120000.0,
        "Reconciled Cost Of Revenue": 0.0,
        "EBITDA": -35907000.0,
        "EBIT": -36027000.0,
        "Net Interest Income": 1821000.0,
        "Interest Income": 1821000.0,
        "Normalized Income": -34386000.0,
        "Net Income From Continuing And Discontinued Operation": -34386000.0,
        "Total Expenses": 36027000.0,
        "Total Operating Income As Reported": -36027000.0,
        "Diluted Average Shares": 93332930.0,
        "Basic Average Shares": 93332930.0,
        "Diluted EPS": -0.37,
        "Basic EPS": -0.37,
        "Diluted NI Availto Com Stockholders": -34386000.0,
        "Net Income Common Stockholders": -34386000.0,
        "Net Income": -34386000.0,
        "Net Income Including Noncontrolling Interests": -34386000.0,
        "Net Income Continuous Operations": -34386000.0,
        "Tax Provision": 0.0,
        "Pretax Income": -34386000.0,
        "Other Income Expense": -180000.0,
        "Other Non Operating Income Expenses": -180000.0,
        "Special Income Charges": 0.0,
        "Other Special Charges": NaN,
        "Restructuring And Mergern Acquisition": 0.0,
        "Net Non Operating Interest Income Expense": 1821000.0,
        "Interest Income Non Operating": 1821000.0,
        "Operating Income": -36027000.0,
        "Operating Expense": 36027000.0,
        "Research And Development": 19855000.0,
        "Selling General And Administration": 16172000.0,
        "Gross Profit": 0.0,
        "Cost Of Revenue": 0.0,
        "Total Revenue": 0.0,
        "Operating Revenue": 0.0
    }
}