{
    "2023-06-30": {
        "Tax Effect Of Unusual Items": 0.0,
        "Tax Rate For Calcs": 0.211,
        "Net Income From Continuing Operation Net Minority Interest": 890000000.0,
        "Reconciled Depreciation": -35000000.0,
        "EBIT": 1211000000.0,
        "Net Interest Income": -84000000.0,
        "Interest Expense": 84000000.0,
        "Interest Income": -131000000.0,
        "Normalized Income": 890000000.0,
        "Net Income From Continuing And Discontinued Operation": 890000000.0,
        "Total Expenses": 2749000000.0,
        "Diluted Average Shares": 108400000.0,
        "Basic Average Shares": 106400000.0,
        "Diluted EPS": 8.21,
        "Basic EPS": 8.36,
        "Diluted NI Availto Com Stockholders": 890000000.0,
        "Net Income Common Stockholders": 890000000.0,
        "Net Income": 890000000.0,
        "Net Income Including Noncontrolling Interests": 890000000.0,
        "Net Income Continuous Operations": 890000000.0,
        "Tax Provision": 237000000.0,
        "Pretax Income": 1127000000.0,
        "Other Income Expense": 132000000.0,
        "Net Non Operating Interest Income Expense": -84000000.0,
        "Interest Expense Non Operating": 84000000.0,
        "Selling General And Administration": 2215000000.0,
        "Selling And Marketing Expense": 1248000000.0,
        "General And Administrative Expense": 967000000.0,
        "Other Gand A": 967000000.0,
        "Total Revenue": 3876000000.0,
        "Operating Revenue": 3876000000.0,
        "Loss Adjustment Expense": 228000000.0,
        "Net Policyholder Benefits And Claims": 228000000.0,
        "Policyholder Benefits Gross": 228000000.0
    },
    "2023-03-31": {
        "Tax Effect Of Unusual Items": 0.0,
        "Tax Rate For Calcs": 0.159,
        "Net Income From Continuing Operation Net Minority Interest": 417000000.0,
        "Reconciled Depreciation": -35000000.0,
        "EBIT": 568000000.0,
        "Net Interest Income": -72000000.0,
        "Interest Expense": 72000000.0,
        "Interest Income": -103000000.0,
        "Normalized Income": 417000000.0,
        "Net Income From Continuing And Discontinued Operation": 417000000.0,
        "Total Expenses": 3246000000.0,
        "Diluted Average Shares": 110000000.0,
        "Basic Average Shares": 107900000.0,
        "Diluted EPS": 3.79,
        "Basic EPS": 3.86,
        "Diluted NI Availto Com Stockholders": 417000000.0,
        "Net Income Common Stockholders": 417000000.0,
        "Net Income": 417000000.0,
        "Net Income Including Noncontrolling Interests": 417000000.0,
        "Net Income Continuous Operations": 417000000.0,
        "Tax Provision": 79000000.0,
        "Pretax Income": 496000000.0,
        "Other Income Expense": 131000000.0,
        "Net Non Operating Interest Income Expense": -72000000.0,
        "Interest Expense Non Operating": 72000000.0,
        "Selling General And Administration": 2163000000.0,
        "Selling And Marketing Expense": 1226000000.0,
        "General And Administrative Expense": 937000000.0,
        "Other Gand A": 937000000.0,
        "Total Revenue": 3742000000.0,
        "Operating Revenue": 3742000000.0,
        "Loss Adjustment Expense": 785000000.0,
        "Net Policyholder Benefits And Claims": 785000000.0,
        "Policyholder Benefits Gross": 785000000.0
    },
    "2022-12-31": {
        "Tax Effect Of Unusual Items": 0.0,
        "Tax Rate For Calcs": 0.201939,
        "Net Income From Continuing Operation Net Minority Interest": 494000000.0,
        "Reconciled Depreciation": -29000000.0,
        "EBIT": 681000000.0,
        "Net Interest Income": -62000000.0,
        "Interest Expense": 62000000.0,
        "Interest Income": -56000000.0,
        "Normalized Income": 494000000.0,
        "Net Income From Continuing And Discontinued Operation": 494000000.0,
        "Total Expenses": 2998000000.0,
        "Diluted Average Shares": 111400000.0,
        "Basic Average Shares": 108900000.0,
        "Diluted EPS": 4.43,
        "Basic EPS": 4.54,
        "Diluted NI Availto Com Stockholders": 494000000.0,
        "Net Income Common Stockholders": 494000000.0,
        "Net Income": 494000000.0,
        "Net Income Including Noncontrolling Interests": 494000000.0,
        "Net Income Continuous Operations": 494000000.0,
        "Tax Provision": 125000000.0,
        "Pretax Income": 619000000.0,
        "Other Income Expense": 126000000.0,
        "Net Non Operating Interest Income Expense": -62000000.0,
        "Interest Expense Non Operating": 62000000.0,
        "Selling General And Administration": 2152000000.0,
        "Selling And Marketing Expense": 1195000000.0,
        "General And Administrative Expense": 957000000.0,
        "Other Gand A": 957000000.0,
        "Total Revenue": 3617000000.0,
        "Operating Revenue": 3617000000.0
    },
    "2022-09-30": {
        "Tax Effect Of Unusual Items": 0.0,
        "Tax Rate For Calcs": 0.2,
        "Net Income From Continuing Operation Net Minority Interest": 548000000.0,
        "Reconciled Depreciation": -7000000.0,
        "EBIT": 737000000.0,
        "Net Interest Income": -52000000.0,
        "Interest Expense": 52000000.0,
        "Interest Income": -15000000.0,
        "Normalized Income": 548000000.0,
        "Net Income From Continuing And Discontinued Operation": 548000000.0,
        "Total Expenses": 2806000000.0,
        "Diluted Average Shares": 112700000.0,
        "Basic Average Shares": 110500000.0,
        "Diluted EPS": 4.86,
        "Basic EPS": 4.96,
        "Diluted NI Availto Com Stockholders": 548000000.0,
        "Net Income Common Stockholders": 548000000.0,
        "Net Income": 548000000.0,
        "Net Income Including Noncontrolling Interests": 548000000.0,
        "Net Income Continuous Operations": 548000000.0,
        "Tax Provision": 137000000.0,
        "Pretax Income": 685000000.0,
        "Other Income Expense": 118000000.0,
        "Net Non Operating Interest Income Expense": -52000000.0,
        "Interest Expense Non Operating": 52000000.0,
        "Selling General And Administration": 2120000000.0,
        "Selling And Marketing Expense": 1195000000.0,
        "General And Administrative Expense": 925000000.0,
        "Other Gand A": 925000000.0,
        "Total Revenue": 3491000000.0,
        "Operating Revenue": 3491000000.0
    },
    "2022-06-30": {
        "Tax Effect Of Unusual Items": 0.0,
        "Tax Rate For Calcs": 0.208,
        "Net Income From Continuing Operation Net Minority Interest": 756000000.0,
        "Reconciled Depreciation": 8000000.0,
        "EBIT": 999000000.0,
        "Net Interest Income": -44000000.0,
        "Interest Expense": 44000000.0,
        "Interest Income": -3000000.0,
        "Normalized Income": 756000000.0,
        "Net Income From Continuing And Discontinued Operation": 756000000.0,
        "Total Expenses": 2553000000.0,
        "Diluted Average Shares": 114400000.0,
        "Basic Average Shares": 112300000.0,
        "Diluted EPS": 5.37,
        "Basic EPS": 5.47,
        "Diluted NI Availto Com Stockholders": 756000000.0,
        "Net Income Common Stockholders": 756000000.0,
        "Net Income": 756000000.0,
        "Net Income Including Noncontrolling Interests": 756000000.0,
        "Net Income Continuous Operations": 756000000.0,
        "Tax Provision": 199000000.0,
        "Pretax Income": 955000000.0,
        "Other Income Expense": 124000000.0,
        "Net Non Operating Interest Income Expense": -44000000.0,
        "Interest Expense Non Operating": 44000000.0,
        "Selling General And Administration": 2130000000.0,
        "Selling And Marketing Expense": 1236000000.0,
        "General And Administrative Expense": 894000000.0,
        "Other Gand A": 894000000.0,
        "Total Revenue": 3508000000.0,
        "Operating Revenue": 3508000000.0
    },
    "2022-03-31": {
        "Diluted EPS": 7.1,
        "Total Revenue": NaN,
        "Gross Profit": NaN,
        "Operating Income": NaN,
        "EBIT": NaN,
        "Net Income": 825
    },
    "2021-12-31": {
        "Diluted EPS": 5.89,
        "Total Revenue": NaN,
        "Gross Profit": NaN,
        "Operating Income": 908,
        "EBIT": NaN,
        "Net Income": 701
    },
    "2021-09-30": {
        "Diluted EPS": 8.65,
        "Total Revenue": NaN,
        "Gross Profit": NaN,
        "Operating Income": NaN,
        "EBIT": NaN,
        "Net Income": NaN
    },
    "2021-06-30": {
        "Diluted EPS": 4.88,
        "Total Revenue": NaN,
        "Gross Profit": NaN,
        "Operating Income": 764,
        "EBIT": 948,
        "Net Income": 591
    },
    "2021-03-31": {
        "Diluted EPS": 3.58,
        "Total Revenue": NaN,
        "Gross Profit": NaN,
        "Operating Income": 535,
        "EBIT": 754,
        "Net Income": 437
    },
    "2020-12-31": {
        "Diluted EPS": 1.77,
        "Total Revenue": NaN,
        "Gross Profit": NaN,
        "Operating Income": 228,
        "EBIT": 406,
        "Net Income": 177
    },
    "2020-09-30": {
        "Diluted EPS": -1.14,
        "Total Revenue": NaN,
        "Gross Profit": NaN,
        "Operating Income": -147,
        "EBIT": 77,
        "Net Income": -140
    },
    "2020-06-30": {
        "Diluted EPS": -4.31,
        "Total Revenue": NaN,
        "Gross Profit": NaN,
        "Operating Income": -485,
        "EBIT": -174,
        "Net Income": -539
    },
    "2020-03-31": {
        "Diluted EPS": 15.88,
        "Total Revenue": NaN,
        "Gross Profit": NaN,
        "Operating Income": NaN,
        "EBIT": NaN,
        "Net Income": NaN
    },
    "2019-12-31": {
        "Diluted EPS": 3.49,
        "Total Revenue": NaN,
        "Gross Profit": NaN,
        "Operating Income": 584,
        "EBIT": 787,
        "Net Income": 463
    },
    "2019-09-30": {
        "Diluted EPS": 4.04,
        "Total Revenue": NaN,
        "Gross Profit": NaN,
        "Operating Income": 693,
        "EBIT": 861,
        "Net Income": 543
    },
    "2019-06-30": {
        "Diluted EPS": 3.57,
        "Total Revenue": NaN,
        "Gross Profit": NaN,
        "Operating Income": 646,
        "EBIT": 877,
        "Net Income": 492
    },
    "2019-03-31": {
        "Diluted EPS": 2.82,
        "Total Revenue": NaN,
        "Gross Profit": NaN,
        "Operating Income": 523,
        "EBIT": 773,
        "Net Income": 395
    },
    "2018-12-31": {
        "Diluted EPS": 3.76,
        "Total Revenue": NaN,
        "Gross Profit": NaN,
        "Operating Income": 716,
        "EBIT": 937,
        "Net Income": 539
    },
    "2018-09-30": {
        "Diluted EPS": 3.43,
        "Total Revenue": NaN,
        "Gross Profit": NaN,
        "Operating Income": 638,
        "EBIT": 861,
        "Net Income": 503
    },
    "2018-06-30": {
        "Diluted EPS": 3.1,
        "Total Revenue": NaN,
        "Gross Profit": NaN,
        "Operating Income": 628,
        "EBIT": 859,
        "Net Income": 462
    },
    "2018-03-31": {
        "Diluted EPS": 3.91,
        "Total Revenue": NaN,
        "Gross Profit": NaN,
        "Operating Income": 747,
        "EBIT": 944,
        "Net Income": 594
    },
    "2017-12-31": {
        "Diluted EPS": 1.16,
        "Total Revenue": NaN,
        "Gross Profit": NaN,
        "Operating Income": 648,
        "EBIT": 853,
        "Net Income": 177
    },
    "2017-09-30": {
        "Diluted EPS": 3.26,
        "Total Revenue": NaN,
        "Gross Profit": NaN,
        "Operating Income": 685,
        "EBIT": 916,
        "Net Income": 507
    },
    "2017-06-30": {
        "Diluted EPS": 2.5,
        "Total Revenue": NaN,
        "Gross Profit": NaN,
        "Operating Income": 563,
        "EBIT": 792,
        "Net Income": 393
    },
    "2017-03-31": {
        "Diluted EPS": 2.52,
        "Total Revenue": NaN,
        "Gross Profit": NaN,
        "Operating Income": 525,
        "EBIT": 750,
        "Net Income": 403
    },
    "2016-12-31": {
        "Diluted EPS": 2.45,
        "Total Revenue": NaN,
        "Gross Profit": NaN,
        "Operating Income": 549,
        "EBIT": 768,
        "Net Income": 399
    },
    "2016-09-30": {
        "Diluted EPS": 1.3,
        "Total Revenue": NaN,
        "Gross Profit": NaN,
        "Operating Income": 290,
        "EBIT": 511,
        "Net Income": 215
    },
    "2016-06-30": {
        "Diluted EPS": 1.97,
        "Total Revenue": NaN,
        "Gross Profit": NaN,
        "Operating Income": 463,
        "EBIT": 683,
        "Net Income": 335
    },
    "2016-03-31": {
        "Diluted EPS": 2.09,
        "Total Revenue": NaN,
        "Gross Profit": NaN,
        "Operating Income": 530,
        "EBIT": 741,
        "Net Income": 364
    },
    "2015-12-31": {
        "Diluted EPS": 2.0,
        "Total Revenue": NaN,
        "Gross Profit": NaN,
        "Operating Income": 562,
        "EBIT": 752,
        "Net Income": 357
    },
    "2015-09-30": {
        "Diluted EPS": 2.17,
        "Total Revenue": NaN,
        "Gross Profit": NaN,
        "Operating Income": 561,
        "EBIT": 832,
        "Net Income": 397
    },
    "2015-06-30": {
        "Diluted EPS": 2.23,
        "Total Revenue": NaN,
        "Gross Profit": NaN,
        "Operating Income": 704,
        "EBIT": 921,
        "Net Income": 415
    },
    "2015-03-31": {
        "Diluted EPS": 2.08,
        "Total Revenue": NaN,
        "Gross Profit": NaN,
        "Operating Income": 702,
        "EBIT": 940,
        "Net Income": 393
    },
    "2014-12-31": {
        "Diluted EPS": 2.21,
        "Total Revenue": NaN,
        "Gross Profit": NaN,
        "Operating Income": 649,
        "EBIT": 894,
        "Net Income": 425
    },
    "2014-09-30": {
        "Diluted EPS": 2.17,
        "Total Revenue": NaN,
        "Gross Profit": NaN,
        "Operating Income": 799,
        "EBIT": NaN,
        "Net Income": 420
    },
    "2014-06-30": {
        "Diluted EPS": 1.91,
        "Total Revenue": NaN,
        "Gross Profit": NaN,
        "Operating Income": 698,
        "EBIT": 939,
        "Net Income": 374
    },
    "2014-03-31": {
        "Diluted EPS": 2.01,
        "Total Revenue": NaN,
        "Gross Profit": NaN,
        "Operating Income": 729,
        "EBIT": 978,
        "Net Income": 400
    },
    "2013-12-31": {
        "Diluted EPS": 1.46,
        "Total Revenue": NaN,
        "Gross Profit": NaN,
        "Operating Income": 566,
        "EBIT": 836,
        "Net Income": 296
    },
    "2013-09-30": {
        "Diluted EPS": 1.86,
        "Total Revenue": NaN,
        "Gross Profit": NaN,
        "Operating Income": 670,
        "EBIT": 933,
        "Net Income": 382
    },
    "2013-06-30": {
        "Diluted EPS": 1.54,
        "Total Revenue": NaN,
        "Gross Profit": NaN,
        "Operating Income": 462,
        "EBIT": 718,
        "Net Income": 321
    },
    "2013-03-31": {
        "Diluted EPS": 1.58,
        "Total Revenue": NaN,
        "Gross Profit": NaN,
        "Operating Income": 553,
        "EBIT": 809,
        "Net Income": 335
    },
    "2012-12-31": {
        "Diluted EPS": 1.79,
        "Total Revenue": NaN,
        "Gross Profit": NaN,
        "Operating Income": 485,
        "EBIT": 751,
        "Net Income": 389
    },
    "2012-09-30": {
        "Diluted EPS": 0.79,
        "Total Revenue": NaN,
        "Gross Profit": NaN,
        "Operating Income": 267,
        "EBIT": 532,
        "Net Income": 173
    },
    "2012-06-30": {
        "Diluted EPS": 0.99,
        "Total Revenue": NaN,
        "Gross Profit": NaN,
        "Operating Income": 371,
        "EBIT": 634,
        "Net Income": 223
    },
    "2012-03-31": {
        "Diluted EPS": 1.05,
        "Total Revenue": NaN,
        "Gross Profit": NaN,
        "Operating Income": 391,
        "EBIT": 653,
        "Net Income": 244
    },
    "2011-12-31": {
        "Diluted EPS": 1.0,
        "Total Revenue": NaN,
        "Gross Profit": NaN,
        "Operating Income": 422,
        "EBIT": 693,
        "Net Income": 236
    },
    "2011-09-30": {
        "Diluted EPS": 1.34,
        "Total Revenue": NaN,
        "Gross Profit": NaN,
        "Operating Income": 397,
        "EBIT": 612,
        "Net Income": 324
    },
    "2011-06-30": {
        "Diluted EPS": 1.25,
        "Total Revenue": NaN,
        "Gross Profit": NaN,
        "Operating Income": 484,
        "EBIT": 733,
        "Net Income": 315
    },
    "2011-03-31": {
        "Diluted EPS": 0.94,
        "Total Revenue": NaN,
        "Gross Profit": NaN,
        "Operating Income": 461,
        "EBIT": 692,
        "Net Income": 241
    },
    "2010-12-31": {
        "Diluted EPS": 0.66,
        "Total Revenue": NaN,
        "Gross Profit": NaN,
        "Operating Income": 278,
        "EBIT": 532,
        "Net Income": 172
    },
    "2010-09-30": {
        "Diluted EPS": 1.32,
        "Total Revenue": NaN,
        "Gross Profit": NaN,
        "Operating Income": 520,
        "EBIT": 454,
        "Net Income": 344
    },
    "2010-06-30": {
        "Diluted EPS": 0.98,
        "Total Revenue": NaN,
        "Gross Profit": NaN,
        "Operating Income": 536,
        "EBIT": 987,
        "Net Income": 259
    },
    "2010-03-31": {
        "Diluted EPS": 0.81,
        "Total Revenue": NaN,
        "Gross Profit": NaN,
        "Operating Income": 425,
        "EBIT": 805,
        "Net Income": 214
    },
    "2009-12-31": {
        "Diluted EPS": 0.96,
        "Total Revenue": NaN,
        "Gross Profit": NaN,
        "Operating Income": 359,
        "EBIT": 512,
        "Net Income": 237
    },
    "2009-09-30": {
        "Diluted EPS": 1.0,
        "Total Revenue": NaN,
        "Gross Profit": NaN,
        "Operating Income": 385,
        "EBIT": 565,
        "Net Income": 260
    },
    "2009-06-30": {
        "Diluted EPS": 0.41,
        "Total Revenue": NaN,
        "Gross Profit": NaN,
        "Operating Income": 143,
        "EBIT": 237,
        "Net Income": 95
    },
    "2009-03-31": {
        "Diluted EPS": 0.58,
        "Total Revenue": NaN,
        "Gross Profit": NaN,
        "Operating Income": 160,
        "EBIT": 756,
        "Net Income": 130
    },
    "2023-09-30": {
        "Tax Effect Of Unusual Items": NaN,
        "Tax Rate For Calcs": NaN,
        "Net Income From Continuing Operation Net Minority Interest": NaN,
        "Reconciled Depreciation": NaN,
        "EBIT": NaN,
        "Net Interest Income": NaN,
        "Interest Expense": NaN,
        "Interest Income": NaN,
        "Normalized Income": NaN,
        "Net Income From Continuing And Discontinued Operation": NaN,
        "Total Expenses": NaN,
        "Diluted Average Shares": 107100000.0,
        "Basic Average Shares": 104900000.0,
        "Diluted EPS": 8.14,
        "Basic EPS": 8.31,
        "Diluted NI Availto Com Stockholders": NaN,
        "Net Income Common Stockholders": NaN,
        "Net Income": NaN,
        "Net Income Including Noncontrolling Interests": NaN,
        "Net Income Continuous Operations": NaN,
        "Tax Provision": NaN,
        "Pretax Income": NaN,
        "Other Income Expense": NaN,
        "Net Non Operating Interest Income Expense": NaN,
        "Interest Expense Non Operating": NaN,
        "Selling General And Administration": NaN,
        "Selling And Marketing Expense": NaN,
        "General And Administrative Expense": NaN,
        "Other Gand A": NaN,
        "Total Revenue": NaN,
        "Operating Revenue": NaN,
        "Loss Adjustment Expense": NaN,
        "Net Policyholder Benefits And Claims": NaN,
        "Policyholder Benefits Gross": NaN
    },
    "2023-12-31": {
        "Tax Effect Of Unusual Items": 0.0,
        "Tax Rate For Calcs": 0.236842,
        "Net Income From Continuing Operation Net Minority Interest": 377000000.0,
        "Reconciled Depreciation": -40000000.0,
        "EBIT": 578000000.0,
        "Net Interest Income": -84000000.0,
        "Interest Expense": 84000000.0,
        "Interest Income": -176000000.0,
        "Normalized Income": 377000000.0,
        "Net Income From Continuing And Discontinued Operation": 377000000.0,
        "Total Expenses": 3498000000.0,
        "Diluted Average Shares": NaN,
        "Basic Average Shares": NaN,
        "Diluted EPS": NaN,
        "Basic EPS": NaN,
        "Diluted NI Availto Com Stockholders": 377000000.0,
        "Net Income Common Stockholders": 377000000.0,
        "Net Income": 377000000.0,
        "Net Income Including Noncontrolling Interests": 377000000.0,
        "Net Income Continuous Operations": 377000000.0,
        "Tax Provision": 117000000.0,
        "Pretax Income": 494000000.0,
        "Other Income Expense": 123000000.0,
        "Net Non Operating Interest Income Expense": -84000000.0,
        "Interest Expense Non Operating": 84000000.0,
        "Selling General And Administration": 2324000000.0,
        "Selling And Marketing Expense": 1307000000.0,
        "General And Administrative Expense": 1017000000.0,
        "Other Gand A": 1017000000.0,
        "Total Revenue": 3992000000.0,
        "Operating Revenue": 3992000000.0,
        "Loss Adjustment Expense": 839000000.0,
        "Net Policyholder Benefits And Claims": 839000000.0,
        "Policyholder Benefits Gross": 839000000.0
    },
    "2024-03-31": {
        "Tax Effect Of Unusual Items": 0.0,
        "Tax Rate For Calcs": 0.188,
        "Net Income From Continuing Operation Net Minority Interest": 990000000.0,
        "Reconciled Depreciation": -42000000.0,
        "EBIT": 1301000000.0,
        "Net Interest Income": -82000000.0,
        "Interest Expense": 82000000.0,
        "Interest Income": -179000000.0,
        "Normalized Income": 990000000.0,
        "Net Income From Continuing And Discontinued Operation": 990000000.0,
        "Total Expenses": 2927000000.0,
        "Diluted Average Shares": 104600000.0,
        "Basic Average Shares": 102800000.0,
        "Diluted EPS": 9.46,
        "Basic EPS": 9.63,
        "Diluted NI Availto Com Stockholders": 990000000.0,
        "Net Income Common Stockholders": 990000000.0,
        "Net Income": 990000000.0,
        "Net Income Including Noncontrolling Interests": 990000000.0,
        "Net Income Continuous Operations": 990000000.0,
        "Tax Provision": 229000000.0,
        "Pretax Income": 1219000000.0,
        "Other Income Expense": 129000000.0,
        "Net Non Operating Interest Income Expense": -82000000.0,
        "Interest Expense Non Operating": 82000000.0,
        "Selling General And Administration": 2379000000.0,
        "Selling And Marketing Expense": 1419000000.0,
        "General And Administrative Expense": 960000000.0,
        "Other Gand A": 960000000.0,
        "Total Revenue": 4146000000.0,
        "Operating Revenue": 4146000000.0,
        "Loss Adjustment Expense": 273000000.0,
        "Net Policyholder Benefits And Claims": 273000000.0,
        "Policyholder Benefits Gross": 273000000.0
    },
    "2024-06-30": {
        "Tax Effect Of Unusual Items": 0.0,
        "Tax Rate For Calcs": 0.211,
        "Net Income From Continuing Operation Net Minority Interest": 829000000.0,
        "Reconciled Depreciation": -47000000.0,
        "EBIT": 1134000000.0,
        "Net Interest Income": -83000000.0,
        "Interest Expense": 83000000.0,
        "Interest Income": -172000000.0,
        "Normalized Income": 829000000.0,
        "Net Income From Continuing And Discontinued Operation": 829000000.0,
        "Total Expenses": 3169000000.0,
        "Diluted Average Shares": 103400000.0,
        "Basic Average Shares": 101600000.0,
        "Diluted EPS": 8.02,
        "Basic EPS": 8.16,
        "Diluted NI Availto Com Stockholders": 829000000.0,
        "Net Income Common Stockholders": 829000000.0,
        "Net Income": 829000000.0,
        "Net Income Including Noncontrolling Interests": 829000000.0,
        "Net Income Continuous Operations": 829000000.0,
        "Tax Provision": 222000000.0,
        "Pretax Income": 1051000000.0,
        "Other Income Expense": 129000000.0,
        "Net Non Operating Interest Income Expense": -83000000.0,
        "Interest Expense Non Operating": 83000000.0,
        "Selling General And Administration": 2407000000.0,
        "Selling And Marketing Expense": 1450000000.0,
        "General And Administrative Expense": 957000000.0,
        "Other Gand A": 957000000.0,
        "Total Revenue": 4220000000.0,
        "Operating Revenue": 4220000000.0,
        "Loss Adjustment Expense": 433000000.0,
        "Net Policyholder Benefits And Claims": 433000000.0,
        "Policyholder Benefits Gross": 433000000.0
    },
    "2024-09-30": {
        "Tax Effect Of Unusual Items": 0.0,
        "Tax Rate For Calcs": 0.207,
        "Net Income From Continuing Operation Net Minority Interest": 511000000.0,
        "Reconciled Depreciation": -36000000.0,
        "EBIT": 732000000.0,
        "Net Interest Income": -87000000.0,
        "Interest Expense": 87000000.0,
        "Interest Income": -163000000.0,
        "Normalized Income": 511000000.0,
        "Net Income From Continuing And Discontinued Operation": 511000000.0,
        "Total Expenses": 3752000000.0,
        "Diluted Average Shares": 102200000.0,
        "Basic Average Shares": 100400000.0,
        "Diluted EPS": 5.0,
        "Basic EPS": 5.09,
        "Diluted NI Availto Com Stockholders": 511000000.0,
        "Net Income Common Stockholders": 511000000.0,
        "Net Income": 511000000.0,
        "Net Income Including Noncontrolling Interests": 511000000.0,
        "Net Income Continuous Operations": 511000000.0,
        "Tax Provision": 134000000.0,
        "Pretax Income": 645000000.0,
        "Other Income Expense": 131000000.0,
        "Net Non Operating Interest Income Expense": -87000000.0,
        "Interest Expense Non Operating": 87000000.0,
        "Selling General And Administration": 2514000000.0,
        "Selling And Marketing Expense": 1539000000.0,
        "General And Administrative Expense": 975000000.0,
        "Other Gand A": 975000000.0,
        "Total Revenue": 4397000000.0,
        "Operating Revenue": 4397000000.0,
        "Loss Adjustment Expense": 974000000.0,
        "Net Policyholder Benefits And Claims": 974000000.0,
        "Policyholder Benefits Gross": 974000000.0
    },
    "2024-12-31": {
        "Tax Effect Of Unusual Items": 0.0,
        "Tax Rate For Calcs": 0.20784,
        "Net Income From Continuing Operation Net Minority Interest": 1071000000.0,
        "Reconciled Depreciation": -34000000.0,
        "EBIT": 1429000000.0,
        "Net Interest Income": -77000000.0,
        "Interest Expense": 77000000.0,
        "Interest Income": -148000000.0,
        "Normalized Income": 1071000000.0,
        "Net Income From Continuing And Discontinued Operation": 1071000000.0,
        "Total Expenses": 3149000000.0,
        "Diluted Average Shares": 101200000.0,
        "Basic Average Shares": 99200000.0,
        "Diluted EPS": 10.58,
        "Basic EPS": 10.8,
        "Diluted NI Availto Com Stockholders": 1071000000.0,
        "Net Income Common Stockholders": 1071000000.0,
        "Net Income": 1071000000.0,
        "Net Income Including Noncontrolling Interests": 1071000000.0,
        "Net Income Continuous Operations": 1071000000.0,
        "Tax Provision": 281000000.0,
        "Pretax Income": 1352000000.0,
        "Other Income Expense": 127000000.0,
        "Net Non Operating Interest Income Expense": -77000000.0,
        "Interest Expense Non Operating": 77000000.0,
        "Selling General And Administration": 2627000000.0,
        "Selling And Marketing Expense": 1616000000.0,
        "General And Administrative Expense": 1011000000.0,
        "Other Gand A": 1011000000.0,
        "Total Revenue": 4501000000.0,
        "Operating Revenue": 4501000000.0,
        "Loss Adjustment Expense": 203000000.0,
        "Net Policyholder Benefits And Claims": 203000000.0,
        "Policyholder Benefits Gross": 203000000.0
    },
    "2025-03-31": {
        "Tax Effect Of Unusual Items": 0.0,
        "Tax Rate For Calcs": 0.151383,
        "Net Income From Continuing Operation Net Minority Interest": 583000000.0,
        "Reconciled Depreciation": -27000000.0,
        "EBIT": 767000000.0,
        "Net Interest Income": -80000000.0,
        "Interest Expense": 80000000.0,
        "Interest Income": -127000000.0,
        "Normalized Income": 583000000.0,
        "Net Income From Continuing And Discontinued Operation": 583000000.0,
        "Total Expenses": 3667000000.0,
        "Diluted Average Shares": 100000000.0,
        "Basic Average Shares": 98500000.0,
        "Diluted EPS": 5.83,
        "Basic EPS": 5.92,
        "Diluted NI Availto Com Stockholders": 583000000.0,
        "Net Income Common Stockholders": 583000000.0,
        "Net Income": 583000000.0,
        "Net Income Including Noncontrolling Interests": 583000000.0,
        "Net Income Continuous Operations": 583000000.0,
        "Tax Provision": 104000000.0,
        "Pretax Income": 687000000.0,
        "Other Income Expense": 129000000.0,
        "Net Non Operating Interest Income Expense": -80000000.0,
        "Interest Expense Non Operating": 80000000.0,
        "Selling General And Administration": 2528000000.0,
        "Selling And Marketing Expense": 1612000000.0,
        "General And Administrative Expense": 916000000.0,
        "Other Gand A": 916000000.0,
        "Total Revenue": 4354000000.0,
        "Operating Revenue": 4354000000.0,
        "Loss Adjustment Expense": 868000000.0,
        "Net Policyholder Benefits And Claims": 868000000.0,
        "Policyholder Benefits Gross": 868000000.0
    }
}