{
    "2023-03-31": {
        "Tax Effect Of Unusual Items": NaN,
        "Tax Rate For Calcs": NaN,
        "Normalized EBITDA": NaN,
        "Total Unusual Items": NaN,
        "Total Unusual Items Excluding Goodwill": NaN,
        "Net Income From Continuing Operation Net Minority Interest": NaN,
        "Reconciled Depreciation": NaN,
        "Reconciled Cost Of Revenue": NaN,
        "EBITDA": NaN,
        "EBIT": NaN,
        "Net Interest Income": NaN,
        "Normalized Income": NaN,
        "Net Income From Continuing And Discontinued Operation": NaN,
        "Total Expenses": NaN,
        "Total Operating Income As Reported": NaN,
        "Diluted Average Shares": NaN,
        "Basic Average Shares": NaN,
        "Diluted EPS": NaN,
        "Basic EPS": NaN,
        "Diluted NI Availto Com Stockholders": NaN,
        "Net Income Common Stockholders": NaN,
        "Net Income": NaN,
        "Net Income Including Noncontrolling Interests": NaN,
        "Net Income Continuous Operations": NaN,
        "Tax Provision": NaN,
        "Pretax Income": NaN,
        "Other Income Expense": 23374.0,
        "Special Income Charges": NaN,
        "Other Special Charges": NaN,
        "Gain On Sale Of Security": 23374.0,
        "Net Non Operating Interest Income Expense": NaN,
        "Total Other Finance Cost": NaN,
        "Operating Income": NaN,
        "Operating Expense": NaN,
        "Research And Development": NaN,
        "Selling General And Administration": NaN,
        "Gross Profit": NaN,
        "Cost Of Revenue": NaN,
        "Total Revenue": NaN,
        "Operating Revenue": NaN
    },
    "2022-12-31": {
        "Tax Effect Of Unusual Items": NaN,
        "Tax Rate For Calcs": NaN,
        "Normalized EBITDA": NaN,
        "Total Unusual Items": NaN,
        "Total Unusual Items Excluding Goodwill": NaN,
        "Net Income From Continuing Operation Net Minority Interest": NaN,
        "Reconciled Depreciation": NaN,
        "Reconciled Cost Of Revenue": NaN,
        "EBITDA": NaN,
        "EBIT": NaN,
        "Net Interest Income": NaN,
        "Interest Expense": -11303.0,
        "Normalized Income": NaN,
        "Net Income From Continuing And Discontinued Operation": NaN,
        "Total Expenses": NaN,
        "Total Operating Income As Reported": NaN,
        "Diluted Average Shares": NaN,
        "Basic Average Shares": NaN,
        "Diluted EPS": NaN,
        "Basic EPS": NaN,
        "Diluted NI Availto Com Stockholders": NaN,
        "Net Income Common Stockholders": NaN,
        "Net Income": NaN,
        "Net Income Including Noncontrolling Interests": NaN,
        "Net Income Continuous Operations": NaN,
        "Tax Provision": NaN,
        "Pretax Income": NaN,
        "Other Income Expense": -933794.0,
        "Special Income Charges": -935924.0,
        "Other Special Charges": NaN,
        "Gain On Sale Of Security": 2130.0,
        "Net Non Operating Interest Income Expense": NaN,
        "Total Other Finance Cost": NaN,
        "Interest Expense Non Operating": -11303.0,
        "Operating Income": NaN,
        "Operating Expense": NaN,
        "Research And Development": NaN,
        "Selling General And Administration": NaN,
        "Gross Profit": NaN,
        "Cost Of Revenue": NaN,
        "Total Revenue": NaN,
        "Operating Revenue": NaN
    },
    "2022-09-30": {
        "Tax Effect Of Unusual Items": NaN,
        "Tax Rate For Calcs": NaN,
        "Normalized EBITDA": NaN,
        "Total Unusual Items": NaN,
        "Total Unusual Items Excluding Goodwill": NaN,
        "Net Income From Continuing Operation Net Minority Interest": NaN,
        "Reconciled Depreciation": NaN,
        "Reconciled Cost Of Revenue": NaN,
        "EBITDA": NaN,
        "EBIT": NaN,
        "Net Interest Income": NaN,
        "Interest Expense": 9318.0,
        "Normalized Income": NaN,
        "Net Income From Continuing And Discontinued Operation": NaN,
        "Total Expenses": NaN,
        "Total Operating Income As Reported": NaN,
        "Diluted Average Shares": 9712756.0,
        "Basic Average Shares": 9630739.0,
        "Diluted EPS": 0.06,
        "Basic EPS": 0.06,
        "Diluted NI Availto Com Stockholders": NaN,
        "Net Income Common Stockholders": NaN,
        "Net Income": NaN,
        "Net Income Including Noncontrolling Interests": NaN,
        "Net Income Continuous Operations": NaN,
        "Tax Provision": NaN,
        "Pretax Income": NaN,
        "Other Income Expense": NaN,
        "Special Income Charges": 0.0,
        "Other Special Charges": NaN,
        "Gain On Sale Of Security": NaN,
        "Net Non Operating Interest Income Expense": NaN,
        "Total Other Finance Cost": 9318.0,
        "Interest Expense Non Operating": 9318.0,
        "Operating Income": NaN,
        "Operating Expense": NaN,
        "Research And Development": NaN,
        "Selling General And Administration": NaN,
        "Gross Profit": NaN,
        "Cost Of Revenue": NaN,
        "Total Revenue": NaN,
        "Operating Revenue": NaN
    },
    "2022-06-30": {
        "Tax Effect Of Unusual Items": 0.0,
        "Tax Rate For Calcs": 0.0,
        "Normalized EBITDA": -118782.0,
        "Total Unusual Items": 0.0,
        "Total Unusual Items Excluding Goodwill": 0.0,
        "Net Income From Continuing Operation Net Minority Interest": -369540.0,
        "Reconciled Depreciation": 241120.0,
        "Reconciled Cost Of Revenue": 2546323.0,
        "EBITDA": -118782.0,
        "EBIT": -359902.0,
        "Net Interest Income": -9638.0,
        "Interest Expense": 9638.0,
        "Normalized Income": -369540.0,
        "Net Income From Continuing And Discontinued Operation": -369540.0,
        "Total Expenses": 4943944.0,
        "Total Operating Income As Reported": -359902.0,
        "Diluted Average Shares": 9589668.0,
        "Basic Average Shares": 9589668.0,
        "Diluted EPS": -0.04,
        "Basic EPS": -0.04,
        "Diluted NI Availto Com Stockholders": -369540.0,
        "Net Income Common Stockholders": -369540.0,
        "Net Income": -369540.0,
        "Net Income Including Noncontrolling Interests": -369540.0,
        "Net Income Continuous Operations": -369540.0,
        "Tax Provision": 0.0,
        "Pretax Income": -369540.0,
        "Other Income Expense": NaN,
        "Special Income Charges": 0.0,
        "Gain On Sale Of Security": NaN,
        "Net Non Operating Interest Income Expense": -9638.0,
        "Total Other Finance Cost": NaN,
        "Interest Expense Non Operating": 9638.0,
        "Operating Income": -359902.0,
        "Operating Expense": 2397621.0,
        "Research And Development": 175836.0,
        "Selling General And Administration": 2221785.0,
        "Gross Profit": 2037719.0,
        "Cost Of Revenue": 2546323.0,
        "Total Revenue": 4584042.0,
        "Operating Revenue": 4584042.0
    },
    "2022-03-31": {
        "Diluted EPS": 0.0,
        "Total Revenue": 5,
        "Gross Profit": 2,
        "Operating Income": 0,
        "EBIT": 0,
        "Net Income": 0
    },
    "2021-12-31": {
        "Diluted EPS": -0.26,
        "Total Revenue": 3,
        "Gross Profit": 1,
        "Operating Income": -3,
        "EBIT": -3,
        "Net Income": -3
    },
    "2021-09-30": {
        "Diluted EPS": -0.06,
        "Total Revenue": 1,
        "Gross Profit": 0,
        "Operating Income": -1,
        "EBIT": 0,
        "Net Income": -1
    },
    "2021-06-30": {
        "Diluted EPS": -0.05,
        "Total Revenue": 1,
        "Gross Profit": 0,
        "Operating Income": -1,
        "EBIT": -1,
        "Net Income": 0
    },
    "2021-03-31": {
        "Diluted EPS": -0.16,
        "Total Revenue": 0,
        "Gross Profit": 0,
        "Operating Income": -1,
        "EBIT": -1,
        "Net Income": -1
    },
    "2020-12-31": {
        "Diluted EPS": -0.14,
        "Total Revenue": 1,
        "Gross Profit": 0,
        "Operating Income": 0,
        "EBIT": 0,
        "Net Income": 0
    },
    "2020-09-30": {
        "Diluted EPS": 0.0,
        "Total Revenue": 1,
        "Gross Profit": 1,
        "Operating Income": 0,
        "EBIT": 0,
        "Net Income": 0
    },
    "2020-06-30": {
        "Diluted EPS": -0.1,
        "Total Revenue": 1,
        "Gross Profit": 0,
        "Operating Income": 0,
        "EBIT": 0,
        "Net Income": 0
    },
    "2020-03-31": {
        "Diluted EPS": -0.13,
        "Total Revenue": 1,
        "Gross Profit": 0,
        "Operating Income": 0,
        "EBIT": 0,
        "Net Income": 0
    },
    "2019-12-31": {
        "Diluted EPS": 0.0,
        "Total Revenue": NaN,
        "Gross Profit": NaN,
        "Operating Income": NaN,
        "EBIT": NaN,
        "Net Income": NaN
    },
    "2023-06-30": {
        "Tax Effect Of Unusual Items": 0.0,
        "Tax Rate For Calcs": 0.0,
        "Normalized EBITDA": -420467.0,
        "Total Unusual Items": 28035.0,
        "Total Unusual Items Excluding Goodwill": 28035.0,
        "Net Income From Continuing Operation Net Minority Interest": -472761.0,
        "Reconciled Depreciation": 115678.0,
        "Reconciled Cost Of Revenue": 2152022.0,
        "EBITDA": -392432.0,
        "EBIT": -508110.0,
        "Net Interest Income": 7314.0,
        "Normalized Income": -500796.0,
        "Net Income From Continuing And Discontinued Operation": -472761.0,
        "Total Expenses": 4581341.0,
        "Total Operating Income As Reported": -508110.0,
        "Diluted Average Shares": 9638252.0,
        "Basic Average Shares": 9638252.0,
        "Diluted EPS": -0.05,
        "Basic EPS": -0.05,
        "Diluted NI Availto Com Stockholders": -472761.0,
        "Net Income Common Stockholders": -472761.0,
        "Net Income": -472761.0,
        "Net Income Including Noncontrolling Interests": -472761.0,
        "Net Income Continuous Operations": -472761.0,
        "Tax Provision": 0.0,
        "Pretax Income": -472761.0,
        "Other Income Expense": 28035.0,
        "Special Income Charges": 0.0,
        "Other Special Charges": NaN,
        "Gain On Sale Of Security": 28035.0,
        "Net Non Operating Interest Income Expense": 7314.0,
        "Total Other Finance Cost": -7314.0,
        "Operating Income": -508110.0,
        "Operating Expense": 2429319.0,
        "Research And Development": 697905.0,
        "Selling General And Administration": 1731414.0,
        "Gross Profit": 1921209.0,
        "Cost Of Revenue": 2152022.0,
        "Total Revenue": 4073231.0,
        "Operating Revenue": 4073231.0
    },
    "2023-09-30": {
        "Tax Effect Of Unusual Items": NaN,
        "Tax Rate For Calcs": NaN,
        "Normalized EBITDA": NaN,
        "Total Unusual Items": NaN,
        "Total Unusual Items Excluding Goodwill": NaN,
        "Net Income From Continuing Operation Net Minority Interest": NaN,
        "Reconciled Depreciation": NaN,
        "Reconciled Cost Of Revenue": NaN,
        "EBITDA": NaN,
        "EBIT": NaN,
        "Net Interest Income": NaN,
        "Normalized Income": NaN,
        "Net Income From Continuing And Discontinued Operation": NaN,
        "Total Expenses": NaN,
        "Total Operating Income As Reported": NaN,
        "Diluted Average Shares": 9662003.0,
        "Basic Average Shares": 9662003.0,
        "Diluted EPS": -0.09,
        "Basic EPS": -0.09,
        "Diluted NI Availto Com Stockholders": NaN,
        "Net Income Common Stockholders": NaN,
        "Net Income": NaN,
        "Net Income Including Noncontrolling Interests": NaN,
        "Net Income Continuous Operations": NaN,
        "Tax Provision": NaN,
        "Pretax Income": NaN,
        "Other Income Expense": 40285.0,
        "Special Income Charges": NaN,
        "Other Special Charges": NaN,
        "Gain On Sale Of Security": 40285.0,
        "Net Non Operating Interest Income Expense": NaN,
        "Total Other Finance Cost": NaN,
        "Operating Income": NaN,
        "Operating Expense": NaN,
        "Research And Development": NaN,
        "Selling General And Administration": NaN,
        "Gross Profit": NaN,
        "Cost Of Revenue": NaN,
        "Total Revenue": NaN,
        "Operating Revenue": NaN
    },
    "2024-03-31": {
        "Tax Effect Of Unusual Items": NaN,
        "Tax Rate For Calcs": NaN,
        "Normalized EBITDA": NaN,
        "Total Unusual Items": NaN,
        "Total Unusual Items Excluding Goodwill": NaN,
        "Net Income From Continuing Operation Net Minority Interest": NaN,
        "Reconciled Depreciation": NaN,
        "Reconciled Cost Of Revenue": NaN,
        "EBITDA": NaN,
        "EBIT": NaN,
        "Net Interest Income": NaN,
        "Normalized Income": NaN,
        "Net Income From Continuing And Discontinued Operation": NaN,
        "Total Expenses": NaN,
        "Total Operating Income As Reported": NaN,
        "Diluted Average Shares": NaN,
        "Basic Average Shares": NaN,
        "Diluted EPS": NaN,
        "Basic EPS": NaN,
        "Diluted NI Availto Com Stockholders": NaN,
        "Net Income Common Stockholders": NaN,
        "Net Income": NaN,
        "Net Income Including Noncontrolling Interests": NaN,
        "Net Income Continuous Operations": NaN,
        "Tax Provision": NaN,
        "Pretax Income": NaN,
        "Other Income Expense": -3222946.0,
        "Other Non Operating Income Expenses": NaN,
        "Special Income Charges": NaN,
        "Other Special Charges": 3248911.0,
        "Gain On Sale Of Security": 25965.0,
        "Net Non Operating Interest Income Expense": NaN,
        "Total Other Finance Cost": NaN,
        "Operating Income": NaN,
        "Operating Expense": NaN,
        "Research And Development": NaN,
        "Selling General And Administration": NaN,
        "Gross Profit": NaN,
        "Cost Of Revenue": NaN,
        "Total Revenue": NaN,
        "Operating Revenue": NaN
    },
    "2024-06-30": {
        "Tax Effect Of Unusual Items": NaN,
        "Tax Rate For Calcs": NaN,
        "Normalized EBITDA": NaN,
        "Total Unusual Items": NaN,
        "Total Unusual Items Excluding Goodwill": NaN,
        "Net Income From Continuing Operation Net Minority Interest": NaN,
        "Reconciled Depreciation": NaN,
        "Reconciled Cost Of Revenue": NaN,
        "EBITDA": NaN,
        "EBIT": NaN,
        "Net Interest Income": NaN,
        "Normalized Income": NaN,
        "Net Income From Continuing And Discontinued Operation": NaN,
        "Total Expenses": NaN,
        "Total Operating Income As Reported": NaN,
        "Diluted Average Shares": 9718239.0,
        "Basic Average Shares": 9718239.0,
        "Diluted EPS": -0.16,
        "Basic EPS": -0.16,
        "Diluted NI Availto Com Stockholders": NaN,
        "Net Income Common Stockholders": NaN,
        "Net Income": NaN,
        "Net Income Including Noncontrolling Interests": NaN,
        "Net Income Continuous Operations": NaN,
        "Tax Provision": NaN,
        "Pretax Income": NaN,
        "Other Income Expense": NaN,
        "Other Non Operating Income Expenses": NaN,
        "Special Income Charges": NaN,
        "Other Special Charges": NaN,
        "Gain On Sale Of Security": NaN,
        "Net Non Operating Interest Income Expense": NaN,
        "Total Other Finance Cost": NaN,
        "Operating Income": NaN,
        "Operating Expense": NaN,
        "Research And Development": NaN,
        "Selling General And Administration": NaN,
        "Gross Profit": NaN,
        "Cost Of Revenue": NaN,
        "Total Revenue": NaN,
        "Operating Revenue": NaN
    },
    "2024-09-30": {
        "Tax Effect Of Unusual Items": 0.0,
        "Tax Rate For Calcs": 0.0,
        "Normalized EBITDA": -958593.0,
        "Total Unusual Items": 0.0,
        "Total Unusual Items Excluding Goodwill": 0.0,
        "Net Income From Continuing Operation Net Minority Interest": -1189683.0,
        "Reconciled Depreciation": 130145.0,
        "Reconciled Cost Of Revenue": 1486583.0,
        "EBITDA": -958593.0,
        "EBIT": -1088738.0,
        "Net Interest Income": -100945.0,
        "Normalized Income": -1189683.0,
        "Net Income From Continuing And Discontinued Operation": -1189683.0,
        "Total Expenses": 3923250.0,
        "Total Operating Income As Reported": -1088738.0,
        "Diluted Average Shares": 10003556.0,
        "Basic Average Shares": 10003556.0,
        "Diluted EPS": -0.12,
        "Basic EPS": -0.12,
        "Diluted NI Availto Com Stockholders": -1189683.0,
        "Net Income Common Stockholders": -1189683.0,
        "Net Income": -1189683.0,
        "Net Income Including Noncontrolling Interests": -1189683.0,
        "Net Income Continuous Operations": -1189683.0,
        "Tax Provision": 0.0,
        "Pretax Income": -1189683.0,
        "Other Income Expense": NaN,
        "Other Non Operating Income Expenses": NaN,
        "Special Income Charges": 0.0,
        "Other Special Charges": NaN,
        "Gain On Sale Of Security": NaN,
        "Net Non Operating Interest Income Expense": -100945.0,
        "Total Other Finance Cost": 100945.0,
        "Operating Income": -1088738.0,
        "Operating Expense": 2436667.0,
        "Research And Development": 572422.0,
        "Selling General And Administration": 1864245.0,
        "Gross Profit": 1347929.0,
        "Cost Of Revenue": 1486583.0,
        "Total Revenue": 2834512.0,
        "Operating Revenue": 2834512.0
    },
    "2024-12-31": {
        "Tax Effect Of Unusual Items": -98100.87,
        "Tax Rate For Calcs": 0.21,
        "Normalized EBITDA": -3260043.0,
        "Total Unusual Items": -467147.0,
        "Total Unusual Items Excluding Goodwill": -467147.0,
        "Net Income From Continuing Operation Net Minority Interest": -3821286.0,
        "Reconciled Depreciation": 150169.0,
        "Reconciled Cost Of Revenue": 1655626.0,
        "EBITDA": -3727190.0,
        "EBIT": -3877359.0,
        "Net Interest Income": -178723.0,
        "Normalized Income": -3452239.87,
        "Net Income From Continuing And Discontinued Operation": -3821286.0,
        "Total Expenses": 5730446.0,
        "Total Operating Income As Reported": -4345287.0,
        "Diluted Average Shares": NaN,
        "Basic Average Shares": NaN,
        "Diluted EPS": NaN,
        "Basic EPS": NaN,
        "Diluted NI Availto Com Stockholders": -3821286.0,
        "Net Income Common Stockholders": -3821286.0,
        "Net Income": -3821286.0,
        "Net Income Including Noncontrolling Interests": -3821286.0,
        "Net Income Continuous Operations": -3821286.0,
        "Tax Provision": 15000.0,
        "Pretax Income": -3806286.0,
        "Other Income Expense": 249796.0,
        "Other Non Operating Income Expenses": NaN,
        "Special Income Charges": -467928.0,
        "Other Special Charges": 0.0,
        "Gain On Sale Of Security": 781.0,
        "Net Non Operating Interest Income Expense": -178723.0,
        "Total Other Finance Cost": 178723.0,
        "Operating Income": -3877359.0,
        "Operating Expense": 4074820.0,
        "Research And Development": 2281396.0,
        "Selling General And Administration": 1793424.0,
        "Gross Profit": 197461.0,
        "Cost Of Revenue": 1655626.0,
        "Total Revenue": 1853087.0,
        "Operating Revenue": 1853087.0
    },
    "2023-12-31": {
        "Tax Effect Of Unusual Items": NaN,
        "Tax Rate For Calcs": NaN,
        "Normalized EBITDA": NaN,
        "Total Unusual Items": NaN,
        "Total Unusual Items Excluding Goodwill": NaN,
        "Net Income From Continuing Operation Net Minority Interest": NaN,
        "Reconciled Depreciation": NaN,
        "Reconciled Cost Of Revenue": NaN,
        "EBITDA": NaN,
        "EBIT": NaN,
        "Net Interest Income": NaN,
        "Normalized Income": NaN,
        "Net Income From Continuing And Discontinued Operation": NaN,
        "Total Expenses": NaN,
        "Total Operating Income As Reported": NaN,
        "Diluted Average Shares": NaN,
        "Basic Average Shares": NaN,
        "Diluted EPS": NaN,
        "Basic EPS": NaN,
        "Diluted NI Availto Com Stockholders": NaN,
        "Net Income Common Stockholders": NaN,
        "Net Income": NaN,
        "Net Income Including Noncontrolling Interests": NaN,
        "Net Income Continuous Operations": NaN,
        "Tax Provision": NaN,
        "Pretax Income": NaN,
        "Other Income Expense": 25122.0,
        "Other Non Operating Income Expenses": NaN,
        "Special Income Charges": NaN,
        "Other Special Charges": NaN,
        "Gain On Sale Of Security": 41525.0,
        "Net Non Operating Interest Income Expense": NaN,
        "Total Other Finance Cost": NaN,
        "Operating Income": NaN,
        "Operating Expense": NaN,
        "Research And Development": NaN,
        "Selling General And Administration": NaN,
        "Gross Profit": NaN,
        "Cost Of Revenue": NaN,
        "Total Revenue": NaN,
        "Operating Revenue": NaN
    },
    "2025-03-31": {
        "Tax Effect Of Unusual Items": 0.0,
        "Tax Rate For Calcs": 0.0,
        "Normalized EBITDA": -1767958.0,
        "Total Unusual Items": 0.0,
        "Total Unusual Items Excluding Goodwill": 0.0,
        "Net Income From Continuing Operation Net Minority Interest": -1840521.0,
        "Reconciled Depreciation": 122060.0,
        "Reconciled Cost Of Revenue": 2411229.0,
        "EBITDA": -1767958.0,
        "EBIT": -1890018.0,
        "Net Interest Income": 49497.0,
        "Normalized Income": -1840521.0,
        "Net Income From Continuing And Discontinued Operation": -1840521.0,
        "Total Expenses": 5489117.0,
        "Total Operating Income As Reported": -1890018.0,
        "Diluted Average Shares": 19657543.0,
        "Basic Average Shares": 19657543.0,
        "Diluted EPS": -0.09,
        "Basic EPS": -0.09,
        "Diluted NI Availto Com Stockholders": -1840521.0,
        "Net Income Common Stockholders": -1840521.0,
        "Net Income": -1840521.0,
        "Net Income Including Noncontrolling Interests": -1840521.0,
        "Net Income Continuous Operations": -1840521.0,
        "Tax Provision": 0.0,
        "Pretax Income": -1840521.0,
        "Other Income Expense": NaN,
        "Other Non Operating Income Expenses": NaN,
        "Special Income Charges": 0.0,
        "Other Special Charges": NaN,
        "Gain On Sale Of Security": NaN,
        "Net Non Operating Interest Income Expense": 49497.0,
        "Total Other Finance Cost": -49497.0,
        "Operating Income": -1890018.0,
        "Operating Expense": 3077888.0,
        "Research And Development": 739673.0,
        "Selling General And Administration": 2338215.0,
        "Gross Profit": 1187870.0,
        "Cost Of Revenue": 2411229.0,
        "Total Revenue": 3599099.0,
        "Operating Revenue": 3599099.0
    },
    "2025-06-30": {
        "Tax Effect Of Unusual Items": 0.0,
        "Tax Rate For Calcs": 0.0,
        "Normalized EBITDA": -1704920.0,
        "Total Unusual Items": 36019.0,
        "Total Unusual Items Excluding Goodwill": 36019.0,
        "Net Income From Continuing Operation Net Minority Interest": -1771625.0,
        "Reconciled Depreciation": 256158.0,
        "Reconciled Cost Of Revenue": 10163048.0,
        "EBITDA": -1668901.0,
        "EBIT": -1925059.0,
        "Net Interest Income": 29193.0,
        "Normalized Income": -1807644.0,
        "Net Income From Continuing And Discontinued Operation": -1771625.0,
        "Total Expenses": 12950986.0,
        "Total Operating Income As Reported": -1925059.0,
        "Diluted Average Shares": 20339855.0,
        "Basic Average Shares": 20339855.0,
        "Diluted EPS": -0.09,
        "Basic EPS": -0.09,
        "Diluted NI Availto Com Stockholders": -1771625.0,
        "Net Income Common Stockholders": -1771625.0,
        "Net Income": -1771625.0,
        "Net Income Including Noncontrolling Interests": -1771625.0,
        "Net Income Continuous Operations": -1771625.0,
        "Tax Provision": 0.0,
        "Pretax Income": -1771625.0,
        "Other Income Expense": 124241.0,
        "Other Non Operating Income Expenses": 88222.0,
        "Special Income Charges": 0.0,
        "Other Special Charges": NaN,
        "Gain On Sale Of Security": 36019.0,
        "Net Non Operating Interest Income Expense": 29193.0,
        "Total Other Finance Cost": -29193.0,
        "Operating Income": -1925059.0,
        "Operating Expense": 2787938.0,
        "Research And Development": 658795.0,
        "Selling General And Administration": 2129143.0,
        "Gross Profit": 862879.0,
        "Cost Of Revenue": 10163048.0,
        "Total Revenue": 11025927.0,
        "Operating Revenue": 11025927.0
    },
    "2025-09-30": {
        "Tax Effect Of Unusual Items": 0.0,
        "Tax Rate For Calcs": 0.0,
        "Normalized EBITDA": 131837.0,
        "Total Unusual Items": 28001.0,
        "Total Unusual Items Excluding Goodwill": 28001.0,
        "Net Income From Continuing Operation Net Minority Interest": -188373.0,
        "Reconciled Depreciation": 381094.0,
        "Reconciled Cost Of Revenue": 3134189.0,
        "EBITDA": 159838.0,
        "EBIT": -221256.0,
        "Net Interest Income": 32867.0,
        "Normalized Income": -216374.0,
        "Net Income From Continuing And Discontinued Operation": -188373.0,
        "Total Expenses": 6315088.0,
        "Total Operating Income As Reported": -221256.0,
        "Diluted Average Shares": 20579028.0,
        "Basic Average Shares": 20579028.0,
        "Diluted EPS": -0.01,
        "Basic EPS": -0.01,
        "Diluted NI Availto Com Stockholders": -188373.0,
        "Net Income Common Stockholders": -188373.0,
        "Net Income": -188373.0,
        "Net Income Including Noncontrolling Interests": -188373.0,
        "Net Income Continuous Operations": -188373.0,
        "Tax Provision": 0.0,
        "Pretax Income": -188373.0,
        "Other Income Expense": 16.0,
        "Other Non Operating Income Expenses": -27985.0,
        "Special Income Charges": 0.0,
        "Other Special Charges": NaN,
        "Gain On Sale Of Security": 28001.0,
        "Net Non Operating Interest Income Expense": 32867.0,
        "Total Other Finance Cost": -32867.0,
        "Operating Income": -221256.0,
        "Operating Expense": 3180899.0,
        "Research And Development": 699319.0,
        "Selling General And Administration": 2481580.0,
        "Gross Profit": 2959643.0,
        "Cost Of Revenue": 3134189.0,
        "Total Revenue": 6093832.0,
        "Operating Revenue": 6093832.0
    }
}