{
    "2023-03-31": {
        "Tax Effect Of Unusual Items": NaN,
        "Tax Rate For Calcs": NaN,
        "Normalized EBITDA": NaN,
        "Net Income From Continuing Operation Net Minority Interest": NaN,
        "Reconciled Depreciation": NaN,
        "Reconciled Cost Of Revenue": NaN,
        "EBITDA": NaN,
        "EBIT": NaN,
        "Normalized Income": NaN,
        "Net Income From Continuing And Discontinued Operation": NaN,
        "Total Expenses": NaN,
        "Total Operating Income As Reported": NaN,
        "Diluted Average Shares": NaN,
        "Basic Average Shares": NaN,
        "Diluted EPS": NaN,
        "Basic EPS": NaN,
        "Diluted NI Availto Com Stockholders": NaN,
        "Net Income Common Stockholders": NaN,
        "Net Income": NaN,
        "Net Income Including Noncontrolling Interests": NaN,
        "Net Income Continuous Operations": NaN,
        "Pretax Income": NaN,
        "Other Income Expense": NaN,
        "Other Non Operating Income Expenses": NaN,
        "Operating Income": NaN,
        "Operating Expense": NaN,
        "Other Operating Expenses": -209000.0,
        "Research And Development": NaN,
        "Selling General And Administration": NaN,
        "General And Administrative Expense": NaN,
        "Other Gand A": NaN,
        "Salaries And Wages": NaN,
        "Gross Profit": NaN,
        "Cost Of Revenue": NaN,
        "Total Revenue": NaN,
        "Operating Revenue": NaN
    },
    "2022-12-31": {
        "Tax Effect Of Unusual Items": NaN,
        "Tax Rate For Calcs": NaN,
        "Normalized EBITDA": NaN,
        "Total Unusual Items": 0.0,
        "Total Unusual Items Excluding Goodwill": 0.0,
        "Net Income From Continuing Operation Net Minority Interest": NaN,
        "Reconciled Depreciation": NaN,
        "Reconciled Cost Of Revenue": NaN,
        "EBITDA": NaN,
        "EBIT": NaN,
        "Net Interest Income": 591000.0,
        "Interest Income": 591000.0,
        "Normalized Income": NaN,
        "Net Income From Continuing And Discontinued Operation": NaN,
        "Total Expenses": NaN,
        "Total Operating Income As Reported": NaN,
        "Diluted Average Shares": NaN,
        "Basic Average Shares": NaN,
        "Diluted EPS": NaN,
        "Basic EPS": NaN,
        "Diluted NI Availto Com Stockholders": NaN,
        "Net Income Common Stockholders": NaN,
        "Net Income": NaN,
        "Net Income Including Noncontrolling Interests": NaN,
        "Net Income Continuous Operations": NaN,
        "Pretax Income": NaN,
        "Other Income Expense": NaN,
        "Other Non Operating Income Expenses": NaN,
        "Special Income Charges": 0.0,
        "Net Non Operating Interest Income Expense": 591000.0,
        "Interest Income Non Operating": 591000.0,
        "Operating Income": NaN,
        "Operating Expense": NaN,
        "Other Operating Expenses": NaN,
        "Research And Development": NaN,
        "Selling General And Administration": NaN,
        "General And Administrative Expense": NaN,
        "Other Gand A": NaN,
        "Salaries And Wages": NaN,
        "Gross Profit": NaN,
        "Cost Of Revenue": NaN,
        "Total Revenue": NaN,
        "Operating Revenue": NaN
    },
    "2022-09-30": {
        "Tax Effect Of Unusual Items": NaN,
        "Tax Rate For Calcs": NaN,
        "Normalized EBITDA": NaN,
        "Total Unusual Items": 0.0,
        "Total Unusual Items Excluding Goodwill": 0.0,
        "Net Income From Continuing Operation Net Minority Interest": NaN,
        "Reconciled Depreciation": NaN,
        "Reconciled Cost Of Revenue": NaN,
        "EBITDA": NaN,
        "EBIT": NaN,
        "Net Interest Income": 79000.0,
        "Interest Income": 79000.0,
        "Normalized Income": NaN,
        "Net Income From Continuing And Discontinued Operation": NaN,
        "Total Expenses": NaN,
        "Total Operating Income As Reported": NaN,
        "Diluted Average Shares": 69013168.0,
        "Basic Average Shares": 69013168.0,
        "Diluted EPS": -0.06,
        "Basic EPS": -0.06,
        "Diluted NI Availto Com Stockholders": NaN,
        "Net Income Common Stockholders": NaN,
        "Net Income": NaN,
        "Net Income Including Noncontrolling Interests": NaN,
        "Net Income Continuous Operations": NaN,
        "Pretax Income": NaN,
        "Other Income Expense": NaN,
        "Other Non Operating Income Expenses": 79000.0,
        "Special Income Charges": 0.0,
        "Net Non Operating Interest Income Expense": 79000.0,
        "Interest Income Non Operating": 79000.0,
        "Operating Income": NaN,
        "Operating Expense": NaN,
        "Other Operating Expenses": NaN,
        "Research And Development": NaN,
        "Selling General And Administration": NaN,
        "General And Administrative Expense": NaN,
        "Other Gand A": NaN,
        "Salaries And Wages": NaN,
        "Gross Profit": NaN,
        "Cost Of Revenue": NaN,
        "Total Revenue": NaN,
        "Operating Revenue": NaN
    },
    "2022-06-30": {
        "Tax Effect Of Unusual Items": 0.0,
        "Tax Rate For Calcs": 0.0,
        "Normalized EBITDA": -3747000.0,
        "Total Unusual Items": NaN,
        "Total Unusual Items Excluding Goodwill": NaN,
        "Net Income From Continuing Operation Net Minority Interest": -4154000.0,
        "Reconciled Depreciation": 414000.0,
        "Reconciled Cost Of Revenue": 2055000.0,
        "EBITDA": -3747000.0,
        "EBIT": -4161000.0,
        "Net Interest Income": NaN,
        "Interest Income": NaN,
        "Normalized Income": -4154000.0,
        "Net Income From Continuing And Discontinued Operation": -4154000.0,
        "Total Expenses": 4852000.0,
        "Total Operating Income As Reported": -4161000.0,
        "Diluted Average Shares": 84168916.0,
        "Basic Average Shares": 84168916.0,
        "Diluted EPS": -0.049353,
        "Basic EPS": -0.049353,
        "Diluted NI Availto Com Stockholders": -4154000.0,
        "Net Income Common Stockholders": -4154000.0,
        "Net Income": -4154000.0,
        "Net Income Including Noncontrolling Interests": -4154000.0,
        "Net Income Continuous Operations": -4154000.0,
        "Pretax Income": -4154000.0,
        "Other Income Expense": 7000.0,
        "Other Non Operating Income Expenses": 7000.0,
        "Special Income Charges": NaN,
        "Net Non Operating Interest Income Expense": NaN,
        "Interest Income Non Operating": NaN,
        "Operating Income": -4161000.0,
        "Operating Expense": 2797000.0,
        "Research And Development": 478000.0,
        "Selling General And Administration": 2319000.0,
        "General And Administrative Expense": 2319000.0,
        "Other Gand A": 1555000.0,
        "Salaries And Wages": 764000.0,
        "Gross Profit": -1364000.0,
        "Cost Of Revenue": 2055000.0,
        "Total Revenue": 691000.0,
        "Operating Revenue": 691000.0
    },
    "2022-03-31": {
        "Diluted EPS": -0.04,
        "Total Revenue": 2,
        "Gross Profit": -1,
        "Operating Income": -3,
        "EBIT": -1,
        "Net Income": -3
    },
    "2021-12-31": {
        "Diluted EPS": 0.0,
        "Total Revenue": NaN,
        "Gross Profit": NaN,
        "Operating Income": NaN,
        "EBIT": NaN,
        "Net Income": NaN
    },
    "2021-09-30": {
        "Diluted EPS": -0.05,
        "Total Revenue": 0,
        "Gross Profit": -2,
        "Operating Income": -3,
        "EBIT": -2,
        "Net Income": -3
    },
    "2021-06-30": {
        "Diluted EPS": 0.0,
        "Total Revenue": NaN,
        "Gross Profit": NaN,
        "Operating Income": 0,
        "EBIT": 0,
        "Net Income": 0
    },
    "2020-12-31": {
        "Diluted EPS": 0.0,
        "Total Revenue": NaN,
        "Gross Profit": NaN,
        "Operating Income": NaN,
        "EBIT": NaN,
        "Net Income": NaN
    },
    "2023-06-30": {
        "Tax Effect Of Unusual Items": NaN,
        "Tax Rate For Calcs": NaN,
        "Normalized EBITDA": NaN,
        "Net Income From Continuing Operation Net Minority Interest": NaN,
        "Reconciled Depreciation": NaN,
        "Reconciled Cost Of Revenue": NaN,
        "EBITDA": NaN,
        "EBIT": NaN,
        "Normalized Income": NaN,
        "Net Income From Continuing And Discontinued Operation": NaN,
        "Total Expenses": NaN,
        "Total Operating Income As Reported": NaN,
        "Diluted Average Shares": 85216827.0,
        "Basic Average Shares": 85216827.0,
        "Diluted EPS": -0.11,
        "Basic EPS": -0.11,
        "Diluted NI Availto Com Stockholders": NaN,
        "Net Income Common Stockholders": NaN,
        "Net Income": NaN,
        "Net Income Including Noncontrolling Interests": NaN,
        "Net Income Continuous Operations": NaN,
        "Pretax Income": NaN,
        "Other Income Expense": NaN,
        "Other Non Operating Income Expenses": 635000.0,
        "Operating Income": NaN,
        "Operating Expense": NaN,
        "Other Operating Expenses": -53000.0,
        "Research And Development": NaN,
        "Selling General And Administration": NaN,
        "General And Administrative Expense": 6279000.0,
        "Other Gand A": 5626000.0,
        "Salaries And Wages": 653000.0,
        "Gross Profit": NaN,
        "Cost Of Revenue": NaN,
        "Total Revenue": NaN,
        "Operating Revenue": NaN
    },
    "2023-09-30": {
        "Tax Effect Of Unusual Items": NaN,
        "Tax Rate For Calcs": NaN,
        "Normalized EBITDA": NaN,
        "Net Income From Continuing Operation Net Minority Interest": NaN,
        "Reconciled Depreciation": NaN,
        "Reconciled Cost Of Revenue": NaN,
        "EBITDA": NaN,
        "EBIT": NaN,
        "Normalized Income": NaN,
        "Net Income From Continuing And Discontinued Operation": NaN,
        "Total Expenses": NaN,
        "Total Operating Income As Reported": NaN,
        "Diluted Average Shares": 86354067.0,
        "Basic Average Shares": 86354067.0,
        "Diluted EPS": -0.1,
        "Basic EPS": -0.1,
        "Diluted NI Availto Com Stockholders": NaN,
        "Net Income Common Stockholders": NaN,
        "Net Income": NaN,
        "Net Income Including Noncontrolling Interests": NaN,
        "Net Income Continuous Operations": NaN,
        "Pretax Income": NaN,
        "Other Income Expense": NaN,
        "Other Non Operating Income Expenses": 639000.0,
        "Operating Income": NaN,
        "Operating Expense": NaN,
        "Other Operating Expenses": NaN,
        "Research And Development": NaN,
        "Selling General And Administration": NaN,
        "Gross Profit": NaN,
        "Cost Of Revenue": NaN,
        "Total Revenue": NaN,
        "Operating Revenue": NaN
    },
    "2023-12-31": {
        "Tax Effect Of Unusual Items": NaN,
        "Tax Rate For Calcs": NaN,
        "Normalized EBITDA": NaN,
        "Net Income From Continuing Operation Net Minority Interest": NaN,
        "Reconciled Depreciation": NaN,
        "Reconciled Cost Of Revenue": NaN,
        "EBITDA": NaN,
        "EBIT": NaN,
        "Normalized Income": NaN,
        "Net Income From Continuing And Discontinued Operation": NaN,
        "Total Expenses": NaN,
        "Total Operating Income As Reported": NaN,
        "Diluted Average Shares": NaN,
        "Basic Average Shares": NaN,
        "Diluted EPS": NaN,
        "Basic EPS": NaN,
        "Diluted NI Availto Com Stockholders": NaN,
        "Net Income Common Stockholders": NaN,
        "Net Income": NaN,
        "Net Income Including Noncontrolling Interests": NaN,
        "Net Income Continuous Operations": NaN,
        "Pretax Income": NaN,
        "Other Income Expense": NaN,
        "Other Non Operating Income Expenses": NaN,
        "Operating Income": NaN,
        "Operating Expense": NaN,
        "Other Operating Expenses": 0.0,
        "Research And Development": NaN,
        "Selling General And Administration": NaN,
        "Gross Profit": NaN,
        "Cost Of Revenue": NaN,
        "Total Revenue": NaN,
        "Operating Revenue": NaN
    },
    "2024-03-31": {
        "Tax Effect Of Unusual Items": NaN,
        "Tax Rate For Calcs": NaN,
        "Normalized EBITDA": NaN,
        "Net Income From Continuing Operation Net Minority Interest": NaN,
        "Reconciled Depreciation": NaN,
        "Reconciled Cost Of Revenue": NaN,
        "EBITDA": NaN,
        "EBIT": NaN,
        "Normalized Income": NaN,
        "Net Income From Continuing And Discontinued Operation": NaN,
        "Total Expenses": NaN,
        "Total Operating Income As Reported": NaN,
        "Diluted Average Shares": 90029320.0,
        "Basic Average Shares": 90029320.0,
        "Diluted EPS": -0.11,
        "Basic EPS": -0.11,
        "Diluted NI Availto Com Stockholders": NaN,
        "Net Income Common Stockholders": NaN,
        "Net Income": NaN,
        "Net Income Including Noncontrolling Interests": NaN,
        "Net Income Continuous Operations": NaN,
        "Pretax Income": NaN,
        "Other Income Expense": NaN,
        "Other Non Operating Income Expenses": 433000.0,
        "Operating Income": NaN,
        "Operating Expense": NaN,
        "Research And Development": NaN,
        "Selling General And Administration": NaN,
        "Gross Profit": NaN,
        "Cost Of Revenue": NaN,
        "Total Revenue": NaN,
        "Operating Revenue": NaN
    },
    "2024-06-30": {
        "Tax Effect Of Unusual Items": 0.0,
        "Tax Rate For Calcs": 0.0,
        "Normalized EBITDA": -11896000.0,
        "Net Income From Continuing Operation Net Minority Interest": -12517000.0,
        "Reconciled Depreciation": 1036000.0,
        "Reconciled Cost Of Revenue": 9876000.0,
        "EBITDA": -11896000.0,
        "EBIT": -12932000.0,
        "Normalized Income": -12517000.0,
        "Net Income From Continuing And Discontinued Operation": -12517000.0,
        "Total Expenses": 16277000.0,
        "Total Operating Income As Reported": -12932000.0,
        "Diluted Average Shares": 97048734.0,
        "Basic Average Shares": 97048734.0,
        "Diluted EPS": -0.13,
        "Basic EPS": -0.13,
        "Diluted NI Availto Com Stockholders": -12517000.0,
        "Net Income Common Stockholders": -12517000.0,
        "Net Income": -12517000.0,
        "Net Income Including Noncontrolling Interests": -12517000.0,
        "Net Income Continuous Operations": -12517000.0,
        "Pretax Income": -12517000.0,
        "Other Income Expense": 415000.0,
        "Other Non Operating Income Expenses": 415000.0,
        "Operating Income": -12932000.0,
        "Operating Expense": 6401000.0,
        "Research And Development": 1662000.0,
        "Selling General And Administration": 4739000.0,
        "Gross Profit": -6531000.0,
        "Cost Of Revenue": 9876000.0,
        "Total Revenue": 3345000.0,
        "Operating Revenue": 3345000.0
    },
    "2024-09-30": {
        "Tax Effect Of Unusual Items": 0.0,
        "Tax Rate For Calcs": 0.0,
        "Normalized EBITDA": -10389000.0,
        "Net Income From Continuing Operation Net Minority Interest": -10850000.0,
        "Reconciled Depreciation": 864000.0,
        "Reconciled Cost Of Revenue": 12956000.0,
        "EBITDA": -10389000.0,
        "EBIT": -11253000.0,
        "Normalized Income": -10850000.0,
        "Net Income From Continuing And Discontinued Operation": -10850000.0,
        "Total Expenses": 19108000.0,
        "Total Operating Income As Reported": -11253000.0,
        "Diluted Average Shares": 110408303.0,
        "Basic Average Shares": 110408303.0,
        "Diluted EPS": -0.1,
        "Basic EPS": -0.1,
        "Diluted NI Availto Com Stockholders": -10850000.0,
        "Net Income Common Stockholders": -10850000.0,
        "Net Income": -10850000.0,
        "Net Income Including Noncontrolling Interests": -10850000.0,
        "Net Income Continuous Operations": -10850000.0,
        "Pretax Income": -10850000.0,
        "Other Income Expense": 403000.0,
        "Other Non Operating Income Expenses": 403000.0,
        "Operating Income": -11253000.0,
        "Operating Expense": 6152000.0,
        "Research And Development": 1817000.0,
        "Selling General And Administration": 4335000.0,
        "Gross Profit": -5101000.0,
        "Cost Of Revenue": 12956000.0,
        "Total Revenue": 7855000.0,
        "Operating Revenue": 7855000.0
    },
    "2024-12-31": {
        "Tax Effect Of Unusual Items": 0.0,
        "Tax Rate For Calcs": 0.0,
        "Normalized EBITDA": -9005000.0,
        "Net Income From Continuing Operation Net Minority Interest": -11418000.0,
        "Reconciled Depreciation": 891000.0,
        "Reconciled Cost Of Revenue": 12884000.0,
        "EBITDA": -9005000.0,
        "EBIT": -9896000.0,
        "Normalized Income": -11418000.0,
        "Net Income From Continuing And Discontinued Operation": -11418000.0,
        "Total Expenses": 19927000.0,
        "Total Operating Income As Reported": -11758000.0,
        "Diluted Average Shares": NaN,
        "Basic Average Shares": NaN,
        "Diluted EPS": NaN,
        "Basic EPS": NaN,
        "Diluted NI Availto Com Stockholders": -12145000.0,
        "Net Income Common Stockholders": -12145000.0,
        "Net Income": -11418000.0,
        "Net Income Including Noncontrolling Interests": -11418000.0,
        "Net Income Continuous Operations": -11418000.0,
        "Pretax Income": -11418000.0,
        "Other Income Expense": -3113000.0,
        "Other Non Operating Income Expenses": NaN,
        "Operating Income": -9896000.0,
        "Operating Expense": 7043000.0,
        "Research And Development": 2284000.0,
        "Selling General And Administration": 5359000.0,
        "Gross Profit": -2853000.0,
        "Cost Of Revenue": 12884000.0,
        "Total Revenue": 10031000.0,
        "Operating Revenue": 10031000.0
    },
    "2025-03-31": {
        "Tax Effect Of Unusual Items": 0.0,
        "Tax Rate For Calcs": 0.0,
        "Normalized EBITDA": -8728000.0,
        "Net Income From Continuing Operation Net Minority Interest": -9371000.0,
        "Reconciled Depreciation": 943000.0,
        "Reconciled Cost Of Revenue": 13645000.0,
        "EBITDA": -8728000.0,
        "EBIT": -9671000.0,
        "Normalized Income": -9371000.0,
        "Net Income From Continuing And Discontinued Operation": -9371000.0,
        "Total Expenses": 20955000.0,
        "Total Operating Income As Reported": -9671000.0,
        "Diluted Average Shares": 117969812.0,
        "Basic Average Shares": 117969812.0,
        "Diluted EPS": -0.08,
        "Basic EPS": -0.08,
        "Diluted NI Availto Com Stockholders": -9371000.0,
        "Net Income Common Stockholders": -9371000.0,
        "Net Income": -9371000.0,
        "Net Income Including Noncontrolling Interests": -9371000.0,
        "Net Income Continuous Operations": -9371000.0,
        "Pretax Income": -9371000.0,
        "Other Income Expense": 300000.0,
        "Other Non Operating Income Expenses": 300000.0,
        "Operating Income": -9671000.0,
        "Operating Expense": 7310000.0,
        "Research And Development": 2003000.0,
        "Selling General And Administration": 5307000.0,
        "Gross Profit": -2361000.0,
        "Cost Of Revenue": 13645000.0,
        "Total Revenue": 11284000.0,
        "Operating Revenue": 11284000.0
    },
    "2025-06-30": {
        "Tax Effect Of Unusual Items": 0.0,
        "Tax Rate For Calcs": 0.0,
        "Normalized EBITDA": -5795000.0,
        "Net Income From Continuing Operation Net Minority Interest": -6370000.0,
        "Reconciled Depreciation": 1018000.0,
        "Reconciled Cost Of Revenue": 13727000.0,
        "EBITDA": -5795000.0,
        "EBIT": -6813000.0,
        "Normalized Income": -6370000.0,
        "Net Income From Continuing And Discontinued Operation": -6370000.0,
        "Total Expenses": 21880000.0,
        "Total Operating Income As Reported": -6813000.0,
        "Diluted Average Shares": 121783506.0,
        "Basic Average Shares": 121783506.0,
        "Diluted EPS": -0.05,
        "Basic EPS": -0.05,
        "Diluted NI Availto Com Stockholders": -6370000.0,
        "Net Income Common Stockholders": -6370000.0,
        "Net Income": -6370000.0,
        "Net Income Including Noncontrolling Interests": -6370000.0,
        "Net Income Continuous Operations": -6370000.0,
        "Pretax Income": -6370000.0,
        "Other Income Expense": 443000.0,
        "Other Non Operating Income Expenses": 443000.0,
        "Operating Income": -6813000.0,
        "Operating Expense": 8153000.0,
        "Research And Development": 2162000.0,
        "Selling General And Administration": 5991000.0,
        "Gross Profit": 1340000.0,
        "Cost Of Revenue": 13727000.0,
        "Total Revenue": 15067000.0,
        "Operating Revenue": 15067000.0
    }
}