{
    "2024-06-30": {
        "Tax Effect Of Unusual Items": -630000.0,
        "Tax Rate For Calcs": 0.21,
        "Normalized EBITDA": 151000000.0,
        "Total Unusual Items": -3000000.0,
        "Total Unusual Items Excluding Goodwill": -3000000.0,
        "Net Income From Continuing Operation Net Minority Interest": -26000000.0,
        "Reconciled Depreciation": 62000000.0,
        "Reconciled Cost Of Revenue": 1931000000.0,
        "EBITDA": 148000000.0,
        "EBIT": 86000000.0,
        "Net Interest Income": -108000000.0,
        "Interest Expense": 108000000.0,
        "Interest Income": 2000000.0,
        "Normalized Income": -23630000.0,
        "Net Income From Continuing And Discontinued Operation": -26000000.0,
        "Total Expenses": 2070000000.0,
        "Total Operating Income As Reported": 89000000.0,
        "Diluted Average Shares": 153280369.0,
        "Basic Average Shares": 153280369.0,
        "Diluted EPS": -0.169624,
        "Basic EPS": -0.169624,
        "Diluted NI Availto Com Stockholders": -26000000.0,
        "Net Income Common Stockholders": -26000000.0,
        "Net Income": -26000000.0,
        "Minority Interests": -2000000.0,
        "Net Income Including Noncontrolling Interests": -24000000.0,
        "Net Income Continuous Operations": -24000000.0,
        "Tax Provision": 2000000.0,
        "Pretax Income": -22000000.0,
        "Other Income Expense": 14000000.0,
        "Other Non Operating Income Expenses": -1000000.0,
        "Special Income Charges": -3000000.0,
        "Other Special Charges": 3000000.0,
        "Earnings From Equity Interest": 17000000.0,
        "Net Non Operating Interest Income Expense": -108000000.0,
        "Interest Expense Non Operating": 108000000.0,
        "Interest Income Non Operating": 2000000.0,
        "Operating Income": 72000000.0,
        "Operating Expense": 134000000.0,
        "Depreciation Amortization Depletion Income Statement": 57000000.0,
        "Depreciation And Amortization In Income Statement": 57000000.0,
        "Amortization": 57000000.0,
        "Amortization Of Intangibles Income Statement": 57000000.0,
        "Selling General And Administration": 77000000.0,
        "Gross Profit": 206000000.0,
        "Cost Of Revenue": 1936000000.0,
        "Total Revenue": 2142000000.0,
        "Operating Revenue": 2142000000.0
    },
    "2024-03-31": {
        "Tax Effect Of Unusual Items": NaN,
        "Tax Rate For Calcs": NaN,
        "Normalized EBITDA": NaN,
        "Total Unusual Items": NaN,
        "Total Unusual Items Excluding Goodwill": NaN,
        "Net Income From Continuing Operation Net Minority Interest": NaN,
        "Reconciled Depreciation": NaN,
        "Reconciled Cost Of Revenue": NaN,
        "EBITDA": NaN,
        "EBIT": NaN,
        "Net Interest Income": NaN,
        "Interest Expense": 111000000.0,
        "Interest Income": 1000000.0,
        "Normalized Income": NaN,
        "Net Income From Continuing And Discontinued Operation": NaN,
        "Total Expenses": NaN,
        "Total Operating Income As Reported": NaN,
        "Diluted Average Shares": NaN,
        "Basic Average Shares": NaN,
        "Diluted EPS": NaN,
        "Basic EPS": NaN,
        "Diluted NI Availto Com Stockholders": NaN,
        "Net Income Common Stockholders": NaN,
        "Net Income": NaN,
        "Minority Interests": NaN,
        "Net Income Including Noncontrolling Interests": NaN,
        "Net Income Continuous Operations": NaN,
        "Tax Provision": NaN,
        "Pretax Income": NaN,
        "Other Income Expense": NaN,
        "Other Non Operating Income Expenses": -1000000.0,
        "Special Income Charges": NaN,
        "Other Special Charges": NaN,
        "Earnings From Equity Interest": 19000000.0,
        "Net Non Operating Interest Income Expense": NaN,
        "Interest Expense Non Operating": 111000000.0,
        "Interest Income Non Operating": 1000000.0,
        "Operating Income": NaN,
        "Operating Expense": NaN,
        "Depreciation Amortization Depletion Income Statement": 58000000.0,
        "Depreciation And Amortization In Income Statement": 58000000.0,
        "Amortization": 58000000.0,
        "Amortization Of Intangibles Income Statement": 58000000.0,
        "Selling General And Administration": NaN,
        "Gross Profit": NaN,
        "Cost Of Revenue": NaN,
        "Total Revenue": NaN,
        "Operating Revenue": NaN
    },
    "2023-12-31": {
        "Tax Effect Of Unusual Items": NaN,
        "Tax Rate For Calcs": NaN,
        "Normalized EBITDA": NaN,
        "Total Unusual Items": NaN,
        "Total Unusual Items Excluding Goodwill": NaN,
        "Net Income From Continuing Operation Net Minority Interest": NaN,
        "Reconciled Depreciation": NaN,
        "Reconciled Cost Of Revenue": NaN,
        "EBITDA": NaN,
        "EBIT": NaN,
        "Net Interest Income": NaN,
        "Interest Expense": NaN,
        "Interest Income": 2000000.0,
        "Normalized Income": NaN,
        "Net Income From Continuing And Discontinued Operation": NaN,
        "Total Expenses": NaN,
        "Total Operating Income As Reported": NaN,
        "Diluted Average Shares": NaN,
        "Basic Average Shares": NaN,
        "Diluted EPS": NaN,
        "Basic EPS": NaN,
        "Diluted NI Availto Com Stockholders": NaN,
        "Net Income Common Stockholders": NaN,
        "Net Income": NaN,
        "Minority Interests": NaN,
        "Net Income Including Noncontrolling Interests": NaN,
        "Net Income Continuous Operations": NaN,
        "Tax Provision": NaN,
        "Pretax Income": NaN,
        "Other Income Expense": NaN,
        "Other Non Operating Income Expenses": NaN,
        "Special Income Charges": NaN,
        "Other Special Charges": NaN,
        "Earnings From Equity Interest": NaN,
        "Net Non Operating Interest Income Expense": NaN,
        "Interest Expense Non Operating": NaN,
        "Interest Income Non Operating": 2000000.0,
        "Operating Income": NaN,
        "Operating Expense": NaN,
        "Depreciation Amortization Depletion Income Statement": NaN,
        "Depreciation And Amortization In Income Statement": NaN,
        "Amortization": NaN,
        "Amortization Of Intangibles Income Statement": NaN,
        "Selling General And Administration": NaN,
        "Gross Profit": NaN,
        "Cost Of Revenue": NaN,
        "Total Revenue": NaN,
        "Operating Revenue": NaN
    },
    "2023-09-30": {
        "Tax Effect Of Unusual Items": NaN,
        "Tax Rate For Calcs": NaN,
        "Normalized EBITDA": NaN,
        "Net Income From Continuing Operation Net Minority Interest": NaN,
        "Reconciled Depreciation": NaN,
        "Reconciled Cost Of Revenue": NaN,
        "EBITDA": NaN,
        "EBIT": NaN,
        "Net Interest Income": NaN,
        "Interest Expense": NaN,
        "Interest Income": 2000000.0,
        "Normalized Income": NaN,
        "Net Income From Continuing And Discontinued Operation": NaN,
        "Total Expenses": NaN,
        "Total Operating Income As Reported": NaN,
        "Diluted Average Shares": NaN,
        "Basic Average Shares": NaN,
        "Diluted EPS": NaN,
        "Basic EPS": NaN,
        "Diluted NI Availto Com Stockholders": NaN,
        "Net Income Common Stockholders": NaN,
        "Net Income": NaN,
        "Minority Interests": NaN,
        "Net Income Including Noncontrolling Interests": NaN,
        "Net Income Continuous Operations": NaN,
        "Tax Provision": NaN,
        "Pretax Income": NaN,
        "Other Income Expense": NaN,
        "Other Non Operating Income Expenses": -8000000.0,
        "Earnings From Equity Interest": NaN,
        "Net Non Operating Interest Income Expense": NaN,
        "Interest Expense Non Operating": NaN,
        "Interest Income Non Operating": 2000000.0,
        "Operating Income": NaN,
        "Operating Expense": NaN,
        "Depreciation Amortization Depletion Income Statement": NaN,
        "Depreciation And Amortization In Income Statement": NaN,
        "Amortization": NaN,
        "Amortization Of Intangibles Income Statement": NaN,
        "Selling General And Administration": NaN,
        "Gross Profit": NaN,
        "Cost Of Revenue": NaN,
        "Total Revenue": NaN,
        "Operating Revenue": NaN
    },
    "2023-06-30": {
        "Tax Effect Of Unusual Items": NaN,
        "Tax Rate For Calcs": NaN,
        "Normalized EBITDA": NaN,
        "Net Income From Continuing Operation Net Minority Interest": NaN,
        "Reconciled Depreciation": NaN,
        "Reconciled Cost Of Revenue": NaN,
        "EBITDA": NaN,
        "EBIT": NaN,
        "Net Interest Income": NaN,
        "Interest Expense": NaN,
        "Interest Income": 1000000.0,
        "Normalized Income": NaN,
        "Net Income From Continuing And Discontinued Operation": NaN,
        "Total Expenses": NaN,
        "Total Operating Income As Reported": NaN,
        "Diluted Average Shares": NaN,
        "Basic Average Shares": NaN,
        "Diluted EPS": NaN,
        "Basic EPS": NaN,
        "Diluted NI Availto Com Stockholders": NaN,
        "Net Income Common Stockholders": NaN,
        "Net Income": NaN,
        "Minority Interests": NaN,
        "Net Income Including Noncontrolling Interests": NaN,
        "Net Income Continuous Operations": NaN,
        "Tax Provision": NaN,
        "Pretax Income": NaN,
        "Other Income Expense": NaN,
        "Other Non Operating Income Expenses": -2000000.0,
        "Earnings From Equity Interest": NaN,
        "Net Non Operating Interest Income Expense": NaN,
        "Interest Expense Non Operating": NaN,
        "Interest Income Non Operating": 1000000.0,
        "Operating Income": NaN,
        "Operating Expense": NaN,
        "Depreciation Amortization Depletion Income Statement": NaN,
        "Depreciation And Amortization In Income Statement": NaN,
        "Amortization": NaN,
        "Amortization Of Intangibles Income Statement": NaN,
        "Selling General And Administration": NaN,
        "Gross Profit": NaN,
        "Cost Of Revenue": NaN,
        "Total Revenue": NaN,
        "Operating Revenue": NaN
    },
    "2023-03-31": {
        "Tax Effect Of Unusual Items": NaN,
        "Tax Rate For Calcs": NaN,
        "Normalized EBITDA": NaN,
        "Net Income From Continuing Operation Net Minority Interest": NaN,
        "Reconciled Depreciation": NaN,
        "Reconciled Cost Of Revenue": NaN,
        "EBITDA": NaN,
        "EBIT": NaN,
        "Net Interest Income": NaN,
        "Interest Income": NaN,
        "Normalized Income": NaN,
        "Net Income From Continuing And Discontinued Operation": NaN,
        "Total Expenses": NaN,
        "Total Operating Income As Reported": NaN,
        "Diluted Average Shares": 90000000.0,
        "Basic Average Shares": 90000000.0,
        "Diluted EPS": 0.577778,
        "Basic EPS": 0.577778,
        "Diluted NI Availto Com Stockholders": NaN,
        "Net Income Common Stockholders": NaN,
        "Net Income": NaN,
        "Minority Interests": NaN,
        "Net Income Including Noncontrolling Interests": NaN,
        "Net Income Continuous Operations": NaN,
        "Tax Provision": NaN,
        "Pretax Income": NaN,
        "Other Income Expense": NaN,
        "Other Non Operating Income Expenses": NaN,
        "Net Non Operating Interest Income Expense": NaN,
        "Interest Income Non Operating": NaN,
        "Operating Income": NaN,
        "Operating Expense": NaN,
        "Selling General And Administration": NaN,
        "Gross Profit": NaN,
        "Cost Of Revenue": NaN,
        "Total Revenue": NaN,
        "Operating Revenue": NaN
    },
    "2024-09-30": {
        "Tax Effect Of Unusual Items": 0.0,
        "Tax Rate For Calcs": 0.274359,
        "Normalized EBITDA": 248000000.0,
        "Total Unusual Items": NaN,
        "Total Unusual Items Excluding Goodwill": NaN,
        "Net Income From Continuing Operation Net Minority Interest": -272000000.0,
        "Reconciled Depreciation": 197000000.0,
        "Reconciled Cost Of Revenue": 4031000000.0,
        "EBITDA": 248000000.0,
        "EBIT": 51000000.0,
        "Net Interest Income": -443000000.0,
        "Interest Expense": NaN,
        "Interest Income": NaN,
        "Normalized Income": -272000000.0,
        "Net Income From Continuing And Discontinued Operation": -272000000.0,
        "Total Expenses": 4289000000.0,
        "Total Operating Income As Reported": 27000000.0,
        "Diluted Average Shares": 92000000.0,
        "Basic Average Shares": 92000000.0,
        "Diluted EPS": 0.28,
        "Basic EPS": 0.28,
        "Diluted NI Availto Com Stockholders": -272000000.0,
        "Net Income Common Stockholders": -272000000.0,
        "Net Income": -272000000.0,
        "Minority Interests": 11000000.0,
        "Net Income Including Noncontrolling Interests": -283000000.0,
        "Net Income Continuous Operations": -283000000.0,
        "Tax Provision": -107000000.0,
        "Pretax Income": -390000000.0,
        "Other Income Expense": 100000000.0,
        "Other Non Operating Income Expenses": NaN,
        "Special Income Charges": NaN,
        "Other Special Charges": NaN,
        "Earnings From Equity Interest": NaN,
        "Net Non Operating Interest Income Expense": -443000000.0,
        "Interest Expense Non Operating": NaN,
        "Interest Income Non Operating": NaN,
        "Operating Income": -47000000.0,
        "Operating Expense": 258000000.0,
        "Depreciation Amortization Depletion Income Statement": NaN,
        "Depreciation And Amortization In Income Statement": NaN,
        "Amortization": NaN,
        "Amortization Of Intangibles Income Statement": NaN,
        "Selling General And Administration": 30000000.0,
        "Gross Profit": 211000000.0,
        "Cost Of Revenue": 4031000000.0,
        "Total Revenue": 4242000000.0,
        "Operating Revenue": 4242000000.0
    },
    "2024-12-31": {
        "Tax Effect Of Unusual Items": 0.0,
        "Tax Rate For Calcs": 0.21,
        "Normalized EBITDA": 261000000.0,
        "Total Unusual Items": NaN,
        "Total Unusual Items Excluding Goodwill": NaN,
        "Net Income From Continuing Operation Net Minority Interest": 12000000.0,
        "Reconciled Depreciation": 129000000.0,
        "Reconciled Cost Of Revenue": 3046000000.0,
        "EBITDA": 261000000.0,
        "EBIT": 132000000.0,
        "Net Interest Income": -87000000.0,
        "Interest Expense": 87000000.0,
        "Interest Income": NaN,
        "Normalized Income": 12000000.0,
        "Net Income From Continuing And Discontinued Operation": 12000000.0,
        "Total Expenses": 3305000000.0,
        "Total Operating Income As Reported": 132000000.0,
        "Diluted Average Shares": 243000000.0,
        "Basic Average Shares": 243000000.0,
        "Diluted EPS": 0.05,
        "Basic EPS": 0.05,
        "Diluted NI Availto Com Stockholders": 12000000.0,
        "Net Income Common Stockholders": 12000000.0,
        "Net Income": 12000000.0,
        "Minority Interests": -9000000.0,
        "Net Income Including Noncontrolling Interests": 21000000.0,
        "Net Income Continuous Operations": 21000000.0,
        "Tax Provision": 24000000.0,
        "Pretax Income": 45000000.0,
        "Other Income Expense": 21000000.0,
        "Other Non Operating Income Expenses": NaN,
        "Special Income Charges": NaN,
        "Other Special Charges": NaN,
        "Earnings From Equity Interest": 21000000.0,
        "Net Non Operating Interest Income Expense": -87000000.0,
        "Interest Expense Non Operating": 87000000.0,
        "Interest Income Non Operating": NaN,
        "Operating Income": 111000000.0,
        "Operating Expense": 250000000.0,
        "Depreciation Amortization Depletion Income Statement": 120000000.0,
        "Depreciation And Amortization In Income Statement": 120000000.0,
        "Amortization": 120000000.0,
        "Amortization Of Intangibles Income Statement": 120000000.0,
        "Selling General And Administration": 130000000.0,
        "Gross Profit": 361000000.0,
        "Cost Of Revenue": 3055000000.0,
        "Total Revenue": 3416000000.0,
        "Operating Revenue": 3416000000.0
    },
    "2025-03-31": {
        "Tax Effect Of Unusual Items": 0.0,
        "Tax Rate For Calcs": 0.21,
        "Normalized EBITDA": 239000000.0,
        "Total Unusual Items": NaN,
        "Total Unusual Items Excluding Goodwill": NaN,
        "Net Income From Continuing Operation Net Minority Interest": 4000000.0,
        "Reconciled Depreciation": 129000000.0,
        "Reconciled Cost Of Revenue": 3115000000.0,
        "EBITDA": 239000000.0,
        "EBIT": 110000000.0,
        "Net Interest Income": -86000000.0,
        "Interest Expense": 86000000.0,
        "Interest Income": NaN,
        "Normalized Income": 4000000.0,
        "Net Income From Continuing And Discontinued Operation": 4000000.0,
        "Total Expenses": 3389000000.0,
        "Total Operating Income As Reported": 110000000.0,
        "Diluted Average Shares": 243000000.0,
        "Basic Average Shares": 243000000.0,
        "Diluted EPS": 0.02,
        "Basic EPS": 0.02,
        "Diluted NI Availto Com Stockholders": 4000000.0,
        "Net Income Common Stockholders": 4000000.0,
        "Net Income": 4000000.0,
        "Minority Interests": 2000000.0,
        "Net Income Including Noncontrolling Interests": 2000000.0,
        "Net Income Continuous Operations": 2000000.0,
        "Tax Provision": 22000000.0,
        "Pretax Income": 24000000.0,
        "Other Income Expense": 8000000.0,
        "Other Non Operating Income Expenses": NaN,
        "Special Income Charges": NaN,
        "Other Special Charges": NaN,
        "Earnings From Equity Interest": 8000000.0,
        "Net Non Operating Interest Income Expense": -86000000.0,
        "Interest Expense Non Operating": 86000000.0,
        "Interest Income Non Operating": NaN,
        "Operating Income": 102000000.0,
        "Operating Expense": 265000000.0,
        "Depreciation Amortization Depletion Income Statement": 120000000.0,
        "Depreciation And Amortization In Income Statement": 120000000.0,
        "Amortization": 120000000.0,
        "Amortization Of Intangibles Income Statement": 120000000.0,
        "Selling General And Administration": 145000000.0,
        "Gross Profit": 367000000.0,
        "Cost Of Revenue": 3124000000.0,
        "Total Revenue": 3491000000.0,
        "Operating Revenue": 3491000000.0
    },
    "2025-06-30": {
        "Tax Effect Of Unusual Items": -630000.0,
        "Tax Rate For Calcs": 0.21,
        "Normalized EBITDA": 232000000.0,
        "Total Unusual Items": -3000000.0,
        "Total Unusual Items Excluding Goodwill": -3000000.0,
        "Net Income From Continuing Operation Net Minority Interest": 10000000.0,
        "Reconciled Depreciation": 129000000.0,
        "Reconciled Cost Of Revenue": 3182000000.0,
        "EBITDA": 229000000.0,
        "EBIT": 100000000.0,
        "Net Interest Income": -88000000.0,
        "Interest Expense": 88000000.0,
        "Interest Income": NaN,
        "Normalized Income": 12370000.0,
        "Net Income From Continuing And Discontinued Operation": 10000000.0,
        "Total Expenses": 3476000000.0,
        "Total Operating Income As Reported": 103000000.0,
        "Diluted Average Shares": 243000000.0,
        "Basic Average Shares": 243000000.0,
        "Diluted EPS": 0.04,
        "Basic EPS": 0.04,
        "Diluted NI Availto Com Stockholders": 10000000.0,
        "Net Income Common Stockholders": 10000000.0,
        "Net Income": 10000000.0,
        "Minority Interests": 11000000.0,
        "Net Income Including Noncontrolling Interests": -1000000.0,
        "Net Income Continuous Operations": -1000000.0,
        "Tax Provision": 13000000.0,
        "Pretax Income": 12000000.0,
        "Other Income Expense": 15000000.0,
        "Other Non Operating Income Expenses": NaN,
        "Special Income Charges": -3000000.0,
        "Other Special Charges": 3000000.0,
        "Earnings From Equity Interest": 18000000.0,
        "Net Non Operating Interest Income Expense": -88000000.0,
        "Interest Expense Non Operating": 88000000.0,
        "Interest Income Non Operating": NaN,
        "Operating Income": 85000000.0,
        "Operating Expense": 283000000.0,
        "Depreciation Amortization Depletion Income Statement": 118000000.0,
        "Depreciation And Amortization In Income Statement": 118000000.0,
        "Amortization": 118000000.0,
        "Amortization Of Intangibles Income Statement": 118000000.0,
        "Selling General And Administration": 165000000.0,
        "Gross Profit": 368000000.0,
        "Cost Of Revenue": 3193000000.0,
        "Total Revenue": 3561000000.0,
        "Operating Revenue": 3561000000.0
    }
}