{
    "2023-06-30": {
        "Tax Effect Of Unusual Items": NaN,
        "Tax Rate For Calcs": NaN,
        "Normalized EBITDA": NaN,
        "Total Unusual Items": NaN,
        "Total Unusual Items Excluding Goodwill": NaN,
        "Net Income From Continuing Operation Net Minority Interest": NaN,
        "Reconciled Depreciation": NaN,
        "Reconciled Cost Of Revenue": NaN,
        "EBITDA": NaN,
        "EBIT": NaN,
        "Net Interest Income": NaN,
        "Interest Expense": NaN,
        "Interest Income": NaN,
        "Normalized Income": NaN,
        "Net Income From Continuing And Discontinued Operation": NaN,
        "Total Expenses": NaN,
        "Total Operating Income As Reported": NaN,
        "Diluted Average Shares": NaN,
        "Basic Average Shares": NaN,
        "Diluted EPS": NaN,
        "Basic EPS": NaN,
        "Diluted NI Availto Com Stockholders": NaN,
        "Net Income Common Stockholders": NaN,
        "Net Income": NaN,
        "Minority Interests": NaN,
        "Net Income Including Noncontrolling Interests": NaN,
        "Net Income Discontinuous Operations": 0.0,
        "Net Income Continuous Operations": NaN,
        "Earnings From Equity Interest Net Of Tax": NaN,
        "Tax Provision": NaN,
        "Pretax Income": NaN,
        "Other Income Expense": NaN,
        "Other Non Operating Income Expenses": NaN,
        "Special Income Charges": NaN,
        "Write Off": NaN,
        "Restructuring And Mergern Acquisition": NaN,
        "Earnings From Equity Interest": NaN,
        "Gain On Sale Of Security": NaN,
        "Net Non Operating Interest Income Expense": NaN,
        "Total Other Finance Cost": 8034000000.0,
        "Interest Expense Non Operating": NaN,
        "Interest Income Non Operating": NaN,
        "Operating Income": NaN,
        "Operating Expense": NaN,
        "Other Operating Expenses": NaN,
        "Depreciation Amortization Depletion Income Statement": NaN,
        "Depreciation And Amortization In Income Statement": NaN,
        "Selling General And Administration": NaN,
        "Selling And Marketing Expense": NaN,
        "General And Administrative Expense": NaN,
        "Other Gand A": NaN,
        "Gross Profit": NaN,
        "Cost Of Revenue": NaN,
        "Total Revenue": NaN,
        "Operating Revenue": NaN
    },
    "2023-03-31": {
        "Tax Effect Of Unusual Items": NaN,
        "Tax Rate For Calcs": NaN,
        "Normalized EBITDA": NaN,
        "Total Unusual Items": NaN,
        "Total Unusual Items Excluding Goodwill": NaN,
        "Net Income From Continuing Operation Net Minority Interest": NaN,
        "Reconciled Depreciation": NaN,
        "Reconciled Cost Of Revenue": NaN,
        "EBITDA": NaN,
        "EBIT": NaN,
        "Net Interest Income": NaN,
        "Interest Expense": NaN,
        "Interest Income": 2009000000.0,
        "Normalized Income": NaN,
        "Net Income From Continuing And Discontinued Operation": NaN,
        "Total Expenses": NaN,
        "Total Operating Income As Reported": 44125000000.0,
        "Diluted Average Shares": NaN,
        "Basic Average Shares": NaN,
        "Diluted EPS": NaN,
        "Basic EPS": NaN,
        "Diluted NI Availto Com Stockholders": NaN,
        "Net Income Common Stockholders": NaN,
        "Net Income": NaN,
        "Minority Interests": NaN,
        "Net Income Including Noncontrolling Interests": NaN,
        "Net Income Discontinuous Operations": 0.0,
        "Net Income Continuous Operations": NaN,
        "Earnings From Equity Interest Net Of Tax": NaN,
        "Tax Provision": NaN,
        "Pretax Income": NaN,
        "Other Income Expense": NaN,
        "Other Non Operating Income Expenses": NaN,
        "Special Income Charges": NaN,
        "Write Off": NaN,
        "Restructuring And Mergern Acquisition": NaN,
        "Earnings From Equity Interest": -583000000.0,
        "Gain On Sale Of Security": NaN,
        "Net Non Operating Interest Income Expense": NaN,
        "Total Other Finance Cost": 4606000000.0,
        "Interest Expense Non Operating": NaN,
        "Interest Income Non Operating": 2009000000.0,
        "Operating Income": NaN,
        "Operating Expense": NaN,
        "Other Operating Expenses": 2790000000.0,
        "Depreciation Amortization Depletion Income Statement": NaN,
        "Depreciation And Amortization In Income Statement": NaN,
        "Selling General And Administration": NaN,
        "Selling And Marketing Expense": NaN,
        "General And Administrative Expense": NaN,
        "Other Gand A": NaN,
        "Gross Profit": NaN,
        "Cost Of Revenue": NaN,
        "Total Revenue": NaN,
        "Operating Revenue": NaN
    },
    "2022-12-31": {
        "Tax Effect Of Unusual Items": NaN,
        "Tax Rate For Calcs": NaN,
        "Normalized EBITDA": NaN,
        "Total Unusual Items": NaN,
        "Total Unusual Items Excluding Goodwill": NaN,
        "Net Income From Continuing Operation Net Minority Interest": NaN,
        "Reconciled Depreciation": NaN,
        "Reconciled Cost Of Revenue": NaN,
        "EBITDA": NaN,
        "EBIT": NaN,
        "Net Interest Income": NaN,
        "Interest Expense": NaN,
        "Interest Income": -33105111000.0,
        "Normalized Income": NaN,
        "Net Income From Continuing And Discontinued Operation": NaN,
        "Total Expenses": NaN,
        "Total Operating Income As Reported": 46513048000.0,
        "Diluted Average Shares": NaN,
        "Basic Average Shares": NaN,
        "Diluted EPS": NaN,
        "Basic EPS": NaN,
        "Diluted NI Availto Com Stockholders": NaN,
        "Net Income Common Stockholders": NaN,
        "Net Income": NaN,
        "Minority Interests": NaN,
        "Net Income Including Noncontrolling Interests": NaN,
        "Net Income Discontinuous Operations": -10097884000.0,
        "Net Income Continuous Operations": NaN,
        "Earnings From Equity Interest Net Of Tax": NaN,
        "Tax Provision": NaN,
        "Pretax Income": NaN,
        "Other Income Expense": NaN,
        "Other Non Operating Income Expenses": NaN,
        "Special Income Charges": NaN,
        "Write Off": NaN,
        "Restructuring And Mergern Acquisition": NaN,
        "Earnings From Equity Interest": -1859446000.0,
        "Gain On Sale Of Security": NaN,
        "Net Non Operating Interest Income Expense": NaN,
        "Total Other Finance Cost": NaN,
        "Interest Expense Non Operating": NaN,
        "Interest Income Non Operating": -33105111000.0,
        "Operating Income": NaN,
        "Operating Expense": NaN,
        "Other Operating Expenses": 1823478000.0,
        "Depreciation Amortization Depletion Income Statement": NaN,
        "Depreciation And Amortization In Income Statement": NaN,
        "Selling General And Administration": NaN,
        "Selling And Marketing Expense": 29467163000.0,
        "General And Administrative Expense": 14964203000.0,
        "Other Gand A": 14964203000.0,
        "Gross Profit": NaN,
        "Cost Of Revenue": NaN,
        "Total Revenue": NaN,
        "Operating Revenue": NaN
    },
    "2022-09-30": {
        "Tax Effect Of Unusual Items": NaN,
        "Tax Rate For Calcs": NaN,
        "Normalized EBITDA": NaN,
        "Total Unusual Items": NaN,
        "Total Unusual Items Excluding Goodwill": NaN,
        "Net Income From Continuing Operation Net Minority Interest": NaN,
        "Reconciled Depreciation": NaN,
        "Reconciled Cost Of Revenue": NaN,
        "EBITDA": NaN,
        "EBIT": NaN,
        "Net Interest Income": NaN,
        "Interest Expense": NaN,
        "Interest Income": 7076561000.0,
        "Normalized Income": NaN,
        "Net Income From Continuing And Discontinued Operation": NaN,
        "Total Expenses": NaN,
        "Total Operating Income As Reported": NaN,
        "Diluted Average Shares": NaN,
        "Basic Average Shares": NaN,
        "Diluted EPS": NaN,
        "Basic EPS": NaN,
        "Diluted NI Availto Com Stockholders": NaN,
        "Net Income Common Stockholders": NaN,
        "Net Income": NaN,
        "Minority Interests": NaN,
        "Net Income Including Noncontrolling Interests": NaN,
        "Net Income Discontinuous Operations": NaN,
        "Net Income Continuous Operations": NaN,
        "Earnings From Equity Interest Net Of Tax": NaN,
        "Tax Provision": NaN,
        "Pretax Income": NaN,
        "Other Income Expense": NaN,
        "Other Non Operating Income Expenses": NaN,
        "Special Income Charges": NaN,
        "Write Off": NaN,
        "Restructuring And Mergern Acquisition": NaN,
        "Earnings From Equity Interest": 52304000.0,
        "Gain On Sale Of Security": NaN,
        "Net Non Operating Interest Income Expense": NaN,
        "Total Other Finance Cost": NaN,
        "Interest Expense Non Operating": NaN,
        "Interest Income Non Operating": 7076561000.0,
        "Operating Income": NaN,
        "Operating Expense": NaN,
        "Other Operating Expenses": 1164794000.0,
        "Depreciation Amortization Depletion Income Statement": NaN,
        "Depreciation And Amortization In Income Statement": NaN,
        "Selling General And Administration": NaN,
        "Selling And Marketing Expense": 30211671000.0,
        "General And Administrative Expense": 14160495000.0,
        "Other Gand A": 14160495000.0,
        "Gross Profit": NaN,
        "Cost Of Revenue": NaN,
        "Total Revenue": NaN,
        "Operating Revenue": NaN
    },
    "2022-06-30": {
        "Tax Effect Of Unusual Items": -4895275334.44085,
        "Tax Rate For Calcs": 0.341348,
        "Normalized EBITDA": 90701000000.0,
        "Total Unusual Items": -14341000000.0,
        "Total Unusual Items Excluding Goodwill": -14341000000.0,
        "Net Income From Continuing Operation Net Minority Interest": 13684000000.0,
        "Reconciled Depreciation": 41716000000.0,
        "Reconciled Cost Of Revenue": 85427000000.0,
        "EBITDA": 76360000000.0,
        "EBIT": 34644000000.0,
        "Net Interest Income": -3741000000.0,
        "Interest Expense": 11770000000.0,
        "Interest Income": NaN,
        "Normalized Income": 23129724665.55915,
        "Net Income From Continuing And Discontinued Operation": 13684000000.0,
        "Total Expenses": 177144000000.0,
        "Total Operating Income As Reported": NaN,
        "Diluted Average Shares": 3200000000.0,
        "Basic Average Shares": 3200000000.0,
        "Diluted EPS": 4.2,
        "Basic EPS": 4.2,
        "Diluted NI Availto Com Stockholders": 13684000000.0,
        "Net Income Common Stockholders": 13684000000.0,
        "Net Income": 13684000000.0,
        "Minority Interests": -1398000000.0,
        "Net Income Including Noncontrolling Interests": 15082000000.0,
        "Net Income Discontinuous Operations": 0.0,
        "Net Income Continuous Operations": 15082000000.0,
        "Earnings From Equity Interest Net Of Tax": 11000000.0,
        "Tax Provision": 7808000000.0,
        "Pretax Income": 22874000000.0,
        "Other Income Expense": -13632000000.0,
        "Other Non Operating Income Expenses": -1292000000.0,
        "Earnings From Equity Interest": NaN,
        "Gain On Sale Of Security": -14341000000.0,
        "Net Non Operating Interest Income Expense": -3741000000.0,
        "Total Other Finance Cost": 12228000000.0,
        "Interest Expense Non Operating": 11770000000.0,
        "Interest Income Non Operating": NaN,
        "Operating Income": 40248000000.0,
        "Operating Expense": 91717000000.0,
        "Other Operating Expenses": NaN,
        "Depreciation Amortization Depletion Income Statement": 41716000000.0,
        "Depreciation And Amortization In Income Statement": 41716000000.0,
        "Selling General And Administration": 47983000000.0,
        "Selling And Marketing Expense": NaN,
        "General And Administrative Expense": NaN,
        "Other Gand A": NaN,
        "Gross Profit": 131965000000.0,
        "Cost Of Revenue": 85427000000.0,
        "Total Revenue": 217392000000.0,
        "Operating Revenue": 219462000000.0
    },
    "2022-03-31": {
        "Diluted EPS": 0.47,
        "Total Revenue": NaN,
        "Gross Profit": NaN,
        "Operating Income": NaN,
        "EBIT": NaN,
        "Net Income": NaN
    },
    "2021-12-31": {
        "Diluted EPS": 1.92,
        "Total Revenue": NaN,
        "Gross Profit": NaN,
        "Operating Income": NaN,
        "EBIT": NaN,
        "Net Income": NaN
    },
    "2021-09-30": {
        "Diluted EPS": 0.24,
        "Total Revenue": NaN,
        "Gross Profit": NaN,
        "Operating Income": NaN,
        "EBIT": NaN,
        "Net Income": 791
    },
    "2021-06-30": {
        "Diluted EPS": 0.65,
        "Total Revenue": NaN,
        "Gross Profit": NaN,
        "Operating Income": NaN,
        "EBIT": NaN,
        "Net Income": NaN
    },
    "2021-03-31": {
        "Diluted EPS": 0.03,
        "Total Revenue": NaN,
        "Gross Profit": NaN,
        "Operating Income": NaN,
        "EBIT": NaN,
        "Net Income": 89
    },
    "2020-12-31": {
        "Diluted EPS": 0.73,
        "Total Revenue": NaN,
        "Gross Profit": NaN,
        "Operating Income": NaN,
        "EBIT": NaN,
        "Net Income": NaN
    },
    "2020-09-30": {
        "Diluted EPS": 0.26,
        "Total Revenue": NaN,
        "Gross Profit": NaN,
        "Operating Income": NaN,
        "EBIT": NaN,
        "Net Income": 854
    },
    "2020-06-30": {
        "Diluted EPS": 0.26,
        "Total Revenue": NaN,
        "Gross Profit": NaN,
        "Operating Income": NaN,
        "EBIT": NaN,
        "Net Income": 861
    },
    "2020-03-31": {
        "Diluted EPS": -0.45,
        "Total Revenue": NaN,
        "Gross Profit": NaN,
        "Operating Income": NaN,
        "EBIT": NaN,
        "Net Income": NaN
    },
    "2019-12-31": {
        "Diluted EPS": 0.27,
        "Total Revenue": NaN,
        "Gross Profit": NaN,
        "Operating Income": NaN,
        "EBIT": NaN,
        "Net Income": NaN
    },
    "2019-09-30": {
        "Diluted EPS": 0.2,
        "Total Revenue": NaN,
        "Gross Profit": NaN,
        "Operating Income": NaN,
        "EBIT": NaN,
        "Net Income": 671
    },
    "2019-06-30": {
        "Diluted EPS": 0.22,
        "Total Revenue": NaN,
        "Gross Profit": NaN,
        "Operating Income": NaN,
        "EBIT": NaN,
        "Net Income": 736
    },
    "2019-03-31": {
        "Diluted EPS": 0.31,
        "Total Revenue": NaN,
        "Gross Profit": NaN,
        "Operating Income": NaN,
        "EBIT": NaN,
        "Net Income": NaN
    },
    "2018-12-31": {
        "Diluted EPS": 0.21,
        "Total Revenue": NaN,
        "Gross Profit": NaN,
        "Operating Income": NaN,
        "EBIT": NaN,
        "Net Income": 734
    },
    "2018-09-30": {
        "Diluted EPS": 0.3,
        "Total Revenue": NaN,
        "Gross Profit": NaN,
        "Operating Income": NaN,
        "EBIT": NaN,
        "Net Income": NaN
    },
    "2018-06-30": {
        "Diluted EPS": 0.0,
        "Total Revenue": NaN,
        "Gross Profit": NaN,
        "Operating Income": NaN,
        "EBIT": NaN,
        "Net Income": -12
    },
    "2018-03-31": {
        "Diluted EPS": 0.29,
        "Total Revenue": NaN,
        "Gross Profit": NaN,
        "Operating Income": NaN,
        "EBIT": NaN,
        "Net Income": 948
    },
    "2017-09-30": {
        "Diluted EPS": 0.16,
        "Total Revenue": NaN,
        "Gross Profit": NaN,
        "Operating Income": NaN,
        "Net Income": 142
    },
    "2016-06-30": {
        "Diluted EPS": 0.13,
        "Total Revenue": NaN,
        "Gross Profit": NaN,
        "Operating Income": NaN,
        "EBIT": NaN,
        "Net Income": 426
    },
    "2015-09-30": {
        "Diluted EPS": -0.2,
        "Total Revenue": NaN,
        "Gross Profit": NaN,
        "Operating Income": NaN,
        "EBIT": NaN,
        "Net Income": -644
    },
    "2015-06-30": {
        "Diluted EPS": 0.02,
        "Total Revenue": NaN,
        "Gross Profit": NaN,
        "Operating Income": NaN,
        "EBIT": NaN,
        "Net Income": 917
    },
    "2014-06-30": {
        "Diluted EPS": 0.42,
        "Total Revenue": NaN,
        "Gross Profit": NaN,
        "Operating Income": NaN,
        "EBIT": NaN,
        "Net Income": NaN
    },
    "2013-06-30": {
        "Diluted EPS": 0.31,
        "Total Revenue": NaN,
        "Gross Profit": NaN,
        "Operating Income": NaN,
        "EBIT": NaN,
        "Net Income": NaN
    },
    "2013-03-31": {
        "Diluted EPS": 0.56,
        "Total Revenue": NaN,
        "Gross Profit": NaN,
        "Operating Income": NaN,
        "EBIT": NaN,
        "Net Income": NaN
    },
    "2012-12-31": {
        "Diluted EPS": 0.3,
        "Total Revenue": NaN,
        "Gross Profit": NaN,
        "Operating Income": NaN,
        "EBIT": NaN,
        "Net Income": NaN
    },
    "2012-09-30": {
        "Diluted EPS": 0.61,
        "Total Revenue": NaN,
        "Gross Profit": NaN,
        "Operating Income": NaN,
        "EBIT": NaN,
        "Net Income": NaN
    },
    "2012-06-30": {
        "Diluted EPS": 0.26,
        "Total Revenue": NaN,
        "Gross Profit": NaN,
        "Operating Income": NaN,
        "EBIT": NaN,
        "Net Income": 983
    },
    "2012-03-31": {
        "Diluted EPS": 0.65,
        "Total Revenue": NaN,
        "Gross Profit": NaN,
        "Operating Income": NaN,
        "EBIT": NaN,
        "Net Income": NaN
    },
    "2011-12-31": {
        "Diluted EPS": 0.31,
        "Total Revenue": NaN,
        "Gross Profit": NaN,
        "Operating Income": NaN,
        "EBIT": NaN,
        "Net Income": NaN
    },
    "2011-09-30": {
        "Diluted EPS": 0.39,
        "Total Revenue": NaN,
        "Gross Profit": NaN,
        "Operating Income": NaN,
        "EBIT": NaN,
        "Net Income": NaN
    },
    "2011-06-30": {
        "Diluted EPS": 1.04,
        "Total Revenue": NaN,
        "Gross Profit": NaN,
        "Operating Income": NaN,
        "EBIT": NaN,
        "Net Income": NaN
    },
    "2011-03-31": {
        "Diluted EPS": 0.49,
        "Total Revenue": NaN,
        "Gross Profit": NaN,
        "Operating Income": NaN,
        "EBIT": NaN,
        "Net Income": NaN
    },
    "2010-12-31": {
        "Diluted EPS": 0.49,
        "Total Revenue": NaN,
        "Gross Profit": NaN,
        "Operating Income": NaN,
        "EBIT": NaN,
        "Net Income": NaN
    },
    "2010-09-30": {
        "Diluted EPS": 0.46,
        "Total Revenue": NaN,
        "Gross Profit": NaN,
        "Operating Income": NaN,
        "EBIT": NaN,
        "Net Income": NaN
    },
    "2010-06-30": {
        "Diluted EPS": 0.47,
        "Total Revenue": NaN,
        "Gross Profit": NaN,
        "Operating Income": NaN,
        "EBIT": NaN,
        "Net Income": NaN
    },
    "2010-03-31": {
        "Diluted EPS": 0.41,
        "Total Revenue": NaN,
        "Gross Profit": NaN,
        "Operating Income": NaN,
        "EBIT": NaN,
        "Net Income": NaN
    },
    "2009-12-31": {
        "Diluted EPS": 0.31,
        "Total Revenue": NaN,
        "Gross Profit": NaN,
        "Operating Income": NaN,
        "EBIT": NaN,
        "Net Income": 998
    },
    "2009-09-30": {
        "Diluted EPS": 0.43,
        "Total Revenue": NaN,
        "Gross Profit": NaN,
        "Operating Income": NaN,
        "EBIT": NaN,
        "Net Income": NaN
    },
    "2009-06-30": {
        "Diluted EPS": 0.52,
        "Total Revenue": NaN,
        "Gross Profit": NaN,
        "Operating Income": NaN,
        "EBIT": NaN,
        "Net Income": NaN
    },
    "2009-03-31": {
        "Diluted EPS": 0.35,
        "Total Revenue": NaN,
        "Gross Profit": NaN,
        "Operating Income": NaN,
        "EBIT": NaN,
        "Net Income": NaN
    },
    "2023-09-30": {
        "Tax Effect Of Unusual Items": NaN,
        "Tax Rate For Calcs": NaN,
        "Normalized EBITDA": NaN,
        "Total Unusual Items": NaN,
        "Total Unusual Items Excluding Goodwill": NaN,
        "Net Income From Continuing Operation Net Minority Interest": NaN,
        "Reconciled Depreciation": NaN,
        "Reconciled Cost Of Revenue": NaN,
        "EBITDA": NaN,
        "EBIT": NaN,
        "Net Interest Income": NaN,
        "Interest Expense": NaN,
        "Interest Income": 2684783000.0,
        "Normalized Income": NaN,
        "Net Income From Continuing And Discontinued Operation": NaN,
        "Total Expenses": NaN,
        "Total Operating Income As Reported": 41543026000.0,
        "Diluted Average Shares": NaN,
        "Basic Average Shares": NaN,
        "Diluted EPS": NaN,
        "Basic EPS": NaN,
        "Diluted NI Availto Com Stockholders": NaN,
        "Net Income Common Stockholders": NaN,
        "Net Income": NaN,
        "Minority Interests": NaN,
        "Net Income Including Noncontrolling Interests": NaN,
        "Net Income Discontinuous Operations": 0.0,
        "Net Income Continuous Operations": NaN,
        "Earnings From Equity Interest Net Of Tax": NaN,
        "Tax Provision": NaN,
        "Pretax Income": NaN,
        "Other Income Expense": NaN,
        "Other Non Operating Income Expenses": NaN,
        "Special Income Charges": NaN,
        "Write Off": NaN,
        "Restructuring And Mergern Acquisition": NaN,
        "Earnings From Equity Interest": -2118827000.0,
        "Gain On Sale Of Security": NaN,
        "Net Non Operating Interest Income Expense": NaN,
        "Total Other Finance Cost": 8674000000.0,
        "Interest Expense Non Operating": NaN,
        "Interest Income Non Operating": 2684783000.0,
        "Operating Income": NaN,
        "Operating Expense": NaN,
        "Other Operating Expenses": 1648249000.0,
        "Depreciation Amortization Depletion Income Statement": NaN,
        "Depreciation And Amortization In Income Statement": NaN,
        "Selling General And Administration": NaN,
        "Selling And Marketing Expense": 28909959000.0,
        "General And Administrative Expense": 14279489000.0,
        "Other Gand A": 14279489000.0,
        "Gross Profit": NaN,
        "Cost Of Revenue": NaN,
        "Total Revenue": NaN,
        "Operating Revenue": NaN
    },
    "2023-12-31": {
        "Tax Effect Of Unusual Items": NaN,
        "Tax Rate For Calcs": NaN,
        "Normalized EBITDA": NaN,
        "Total Unusual Items": NaN,
        "Total Unusual Items Excluding Goodwill": NaN,
        "Net Income From Continuing Operation Net Minority Interest": NaN,
        "Reconciled Depreciation": NaN,
        "Reconciled Cost Of Revenue": NaN,
        "EBITDA": NaN,
        "EBIT": NaN,
        "Net Interest Income": NaN,
        "Interest Expense": NaN,
        "Interest Income": NaN,
        "Normalized Income": NaN,
        "Net Income From Continuing And Discontinued Operation": NaN,
        "Total Expenses": NaN,
        "Total Operating Income As Reported": 41807525000.0,
        "Diluted Average Shares": NaN,
        "Basic Average Shares": NaN,
        "Diluted EPS": NaN,
        "Basic EPS": NaN,
        "Diluted NI Availto Com Stockholders": NaN,
        "Net Income Common Stockholders": NaN,
        "Net Income": NaN,
        "Minority Interests": NaN,
        "Net Income Including Noncontrolling Interests": NaN,
        "Net Income Discontinuous Operations": 0.0,
        "Net Income Continuous Operations": NaN,
        "Earnings From Equity Interest Net Of Tax": NaN,
        "Tax Provision": NaN,
        "Pretax Income": NaN,
        "Other Income Expense": NaN,
        "Other Non Operating Income Expenses": NaN,
        "Special Income Charges": -3731614000.0,
        "Write Off": 3946169000.0,
        "Restructuring And Mergern Acquisition": -214555000.0,
        "Earnings From Equity Interest": -1640338000.0,
        "Gain On Sale Of Security": NaN,
        "Net Non Operating Interest Income Expense": NaN,
        "Total Other Finance Cost": 2723235000.0,
        "Interest Expense Non Operating": NaN,
        "Interest Income Non Operating": NaN,
        "Operating Income": NaN,
        "Operating Expense": NaN,
        "Other Operating Expenses": 1190797000.0,
        "Depreciation Amortization Depletion Income Statement": NaN,
        "Depreciation And Amortization In Income Statement": NaN,
        "Selling General And Administration": NaN,
        "Gross Profit": NaN,
        "Cost Of Revenue": NaN,
        "Total Revenue": NaN,
        "Operating Revenue": NaN
    },
    "2024-03-31": {
        "Tax Effect Of Unusual Items": NaN,
        "Tax Rate For Calcs": NaN,
        "Normalized EBITDA": NaN,
        "Total Unusual Items": NaN,
        "Total Unusual Items Excluding Goodwill": NaN,
        "Net Income From Continuing Operation Net Minority Interest": NaN,
        "Reconciled Depreciation": NaN,
        "Reconciled Cost Of Revenue": NaN,
        "EBITDA": NaN,
        "EBIT": NaN,
        "Net Interest Income": NaN,
        "Interest Expense": NaN,
        "Interest Income": 2083000000.0,
        "Normalized Income": NaN,
        "Net Income From Continuing And Discontinued Operation": NaN,
        "Total Expenses": NaN,
        "Total Operating Income As Reported": 40758000000.0,
        "Diluted Average Shares": NaN,
        "Basic Average Shares": NaN,
        "Diluted EPS": NaN,
        "Basic EPS": NaN,
        "Diluted NI Availto Com Stockholders": NaN,
        "Net Income Common Stockholders": NaN,
        "Net Income": NaN,
        "Minority Interests": NaN,
        "Net Income Including Noncontrolling Interests": NaN,
        "Net Income Continuous Operations": NaN,
        "Earnings From Equity Interest Net Of Tax": NaN,
        "Tax Provision": NaN,
        "Pretax Income": NaN,
        "Other Income Expense": NaN,
        "Other Non Operating Income Expenses": NaN,
        "Earnings From Equity Interest": -1581000000.0,
        "Gain On Sale Of Security": NaN,
        "Net Non Operating Interest Income Expense": NaN,
        "Total Other Finance Cost": 756000000.0,
        "Interest Expense Non Operating": NaN,
        "Interest Income Non Operating": 2083000000.0,
        "Operating Income": NaN,
        "Operating Expense": NaN,
        "Other Operating Expenses": 1279000000.0,
        "Depreciation Amortization Depletion Income Statement": NaN,
        "Depreciation And Amortization In Income Statement": NaN,
        "Selling General And Administration": NaN,
        "Gross Profit": NaN,
        "Cost Of Revenue": NaN,
        "Total Revenue": NaN,
        "Operating Revenue": NaN
    },
    "2024-06-30": {
        "Tax Effect Of Unusual Items": NaN,
        "Tax Rate For Calcs": NaN,
        "Normalized EBITDA": NaN,
        "Total Unusual Items": NaN,
        "Total Unusual Items Excluding Goodwill": NaN,
        "Net Income From Continuing Operation Net Minority Interest": NaN,
        "Reconciled Depreciation": NaN,
        "Reconciled Cost Of Revenue": NaN,
        "EBITDA": NaN,
        "EBIT": NaN,
        "Net Interest Income": NaN,
        "Interest Expense": NaN,
        "Interest Income": 3574000000.0,
        "Normalized Income": NaN,
        "Net Income From Continuing And Discontinued Operation": NaN,
        "Total Expenses": NaN,
        "Total Operating Income As Reported": NaN,
        "Diluted Average Shares": NaN,
        "Basic Average Shares": NaN,
        "Diluted EPS": NaN,
        "Basic EPS": NaN,
        "Diluted NI Availto Com Stockholders": NaN,
        "Net Income Common Stockholders": NaN,
        "Net Income": NaN,
        "Minority Interests": NaN,
        "Net Income Including Noncontrolling Interests": NaN,
        "Net Income Continuous Operations": NaN,
        "Earnings From Equity Interest Net Of Tax": NaN,
        "Tax Provision": NaN,
        "Pretax Income": NaN,
        "Other Income Expense": NaN,
        "Other Non Operating Income Expenses": NaN,
        "Earnings From Equity Interest": NaN,
        "Gain On Sale Of Security": NaN,
        "Net Non Operating Interest Income Expense": NaN,
        "Total Other Finance Cost": NaN,
        "Interest Expense Non Operating": NaN,
        "Interest Income Non Operating": 3574000000.0,
        "Operating Income": NaN,
        "Operating Expense": NaN,
        "Other Operating Expenses": NaN,
        "Depreciation Amortization Depletion Income Statement": NaN,
        "Depreciation And Amortization In Income Statement": NaN,
        "Selling General And Administration": NaN,
        "Gross Profit": NaN,
        "Cost Of Revenue": NaN,
        "Total Revenue": NaN,
        "Operating Revenue": NaN
    },
    "2024-09-30": {
        "Tax Effect Of Unusual Items": -7374600000.0,
        "Tax Rate For Calcs": 0.3,
        "Normalized EBITDA": 97143000000.0,
        "Total Unusual Items": -24582000000.0,
        "Total Unusual Items Excluding Goodwill": -24582000000.0,
        "Net Income From Continuing Operation Net Minority Interest": 6427000000.0,
        "Reconciled Depreciation": 41979000000.0,
        "Reconciled Cost Of Revenue": 84736000000.0,
        "EBITDA": 72561000000.0,
        "EBIT": 30582000000.0,
        "Net Interest Income": -3742000000.0,
        "Interest Expense": 11464000000.0,
        "Interest Income": 7722000000.0,
        "Normalized Income": 23634400000.0,
        "Net Income From Continuing And Discontinued Operation": 6427000000.0,
        "Total Expenses": 174079000000.0,
        "Total Operating Income As Reported": NaN,
        "Diluted Average Shares": 3075000000.0,
        "Basic Average Shares": 3075000000.0,
        "Diluted EPS": 2.0,
        "Basic EPS": 2.0,
        "Diluted NI Availto Com Stockholders": 6427000000.0,
        "Net Income Common Stockholders": 6427000000.0,
        "Net Income": 6427000000.0,
        "Minority Interests": -1424000000.0,
        "Net Income Including Noncontrolling Interests": 7849000000.0,
        "Net Income Continuous Operations": 7849000000.0,
        "Earnings From Equity Interest Net Of Tax": -1647000000.0,
        "Tax Provision": 9622000000.0,
        "Pretax Income": 19118000000.0,
        "Other Income Expense": -26519000000.0,
        "Other Non Operating Income Expenses": -1937000000.0,
        "Earnings From Equity Interest": NaN,
        "Gain On Sale Of Security": -24582000000.0,
        "Net Non Operating Interest Income Expense": -3742000000.0,
        "Total Other Finance Cost": NaN,
        "Interest Expense Non Operating": 11464000000.0,
        "Interest Income Non Operating": 7722000000.0,
        "Operating Income": 49379000000.0,
        "Operating Expense": 89343000000.0,
        "Other Operating Expenses": NaN,
        "Depreciation Amortization Depletion Income Statement": 41979000000.0,
        "Depreciation And Amortization In Income Statement": 41979000000.0,
        "Selling General And Administration": 47364000000.0,
        "Gross Profit": 138722000000.0,
        "Cost Of Revenue": 84736000000.0,
        "Total Revenue": 223458000000.0,
        "Operating Revenue": 220417000000.0
    },
    "2024-12-31": {
        "Tax Effect Of Unusual Items": -4482291300.0,
        "Tax Rate For Calcs": 0.3,
        "Normalized EBITDA": 106063569000.0,
        "Total Unusual Items": -14940971000.0,
        "Total Unusual Items Excluding Goodwill": -14940971000.0,
        "Net Income From Continuing Operation Net Minority Interest": 4074025000.0,
        "Reconciled Depreciation": 44717361000.0,
        "Reconciled Cost Of Revenue": 92637822000.0,
        "EBITDA": 91122598000.0,
        "EBIT": 46405237000.0,
        "Net Interest Income": -13583629000.0,
        "Interest Expense": 35042328000.0,
        "Interest Income": -1532780000.0,
        "Normalized Income": 14532704700.0,
        "Net Income From Continuing And Discontinued Operation": 4074025000.0,
        "Total Expenses": 196839963000.0,
        "Total Operating Income As Reported": 46391000000.0,
        "Diluted Average Shares": 3060000000.0,
        "Basic Average Shares": 3060000000.0,
        "Diluted EPS": 3.0,
        "Basic EPS": 3.0,
        "Diluted NI Availto Com Stockholders": 4074025000.0,
        "Net Income Common Stockholders": 4074025000.0,
        "Net Income": 4074025000.0,
        "Minority Interests": -1482441000.0,
        "Net Income Including Noncontrolling Interests": 5557466000.0,
        "Net Income Continuous Operations": 5557466000.0,
        "Earnings From Equity Interest Net Of Tax": -807000000.0,
        "Tax Provision": 10177443000.0,
        "Pretax Income": 11362909000.0,
        "Other Income Expense": -15154083000.0,
        "Other Non Operating Income Expenses": -2332000000.0,
        "Earnings From Equity Interest": NaN,
        "Gain On Sale Of Security": -9579680000.0,
        "Net Non Operating Interest Income Expense": -13583629000.0,
        "Total Other Finance Cost": 4922000000.0,
        "Interest Expense Non Operating": 35042328000.0,
        "Interest Income Non Operating": -1532780000.0,
        "Operating Income": 40100621000.0,
        "Operating Expense": 104202141000.0,
        "Other Operating Expenses": NaN,
        "Depreciation Amortization Depletion Income Statement": 44717361000.0,
        "Depreciation And Amortization In Income Statement": 44717361000.0,
        "Selling General And Administration": 50861841000.0,
        "Gross Profit": 144302762000.0,
        "Cost Of Revenue": 92637822000.0,
        "Total Revenue": 236940584000.0,
        "Operating Revenue": 244762584000.0
    },
    "2025-03-31": {
        "Tax Effect Of Unusual Items": -271346517.626827,
        "Tax Rate For Calcs": 0.372217,
        "Normalized EBITDA": 92943000000.0,
        "Total Unusual Items": -729000000.0,
        "Total Unusual Items Excluding Goodwill": -729000000.0,
        "Net Income From Continuing Operation Net Minority Interest": 18703000000.0,
        "Reconciled Depreciation": 46235000000.0,
        "Reconciled Cost Of Revenue": 87520000000.0,
        "EBITDA": 92214000000.0,
        "EBIT": 45979000000.0,
        "Net Interest Income": -12711000000.0,
        "Interest Expense": 14578000000.0,
        "Interest Income": 1867000000.0,
        "Normalized Income": 19160653482.373173,
        "Net Income From Continuing And Discontinued Operation": 18703000000.0,
        "Total Expenses": 187224000000.0,
        "Total Operating Income As Reported": 44814000000.0,
        "Diluted Average Shares": 3037020769.0,
        "Basic Average Shares": 3037020769.0,
        "Diluted EPS": 6.158338,
        "Basic EPS": 6.158338,
        "Diluted NI Availto Com Stockholders": 18703000000.0,
        "Net Income Common Stockholders": 18703000000.0,
        "Net Income": 18703000000.0,
        "Minority Interests": -1010000000.0,
        "Net Income Including Noncontrolling Interests": 19713000000.0,
        "Net Income Continuous Operations": 19713000000.0,
        "Earnings From Equity Interest Net Of Tax": 27000000.0,
        "Tax Provision": 11688000000.0,
        "Pretax Income": 31401000000.0,
        "Other Income Expense": -702000000.0,
        "Other Non Operating Income Expenses": -1531000000.0,
        "Earnings From Equity Interest": 27000000.0,
        "Gain On Sale Of Security": -729000000.0,
        "Net Non Operating Interest Income Expense": -12711000000.0,
        "Total Other Finance Cost": -450000000.0,
        "Interest Expense Non Operating": 14578000000.0,
        "Interest Income Non Operating": 1867000000.0,
        "Operating Income": 44814000000.0,
        "Operating Expense": 99704000000.0,
        "Other Operating Expenses": 1531000000.0,
        "Depreciation Amortization Depletion Income Statement": 46235000000.0,
        "Depreciation And Amortization In Income Statement": 46235000000.0,
        "Selling General And Administration": 51938000000.0,
        "Gross Profit": 144518000000.0,
        "Cost Of Revenue": 87520000000.0,
        "Total Revenue": 232038000000.0,
        "Operating Revenue": 232038000000.0
    },
    "2025-06-30": {
        "Tax Effect Of Unusual Items": 3288600000.0,
        "Tax Rate For Calcs": 0.3,
        "Normalized EBITDA": 87444000000.0,
        "Total Unusual Items": 10962000000.0,
        "Total Unusual Items Excluding Goodwill": 10962000000.0,
        "Net Income From Continuing Operation Net Minority Interest": 22282000000.0,
        "Reconciled Depreciation": 45071000000.0,
        "Reconciled Cost Of Revenue": 88078000000.0,
        "EBITDA": 98406000000.0,
        "EBIT": 53335000000.0,
        "Net Interest Income": -18692000000.0,
        "Interest Expense": 13725000000.0,
        "Interest Income": NaN,
        "Normalized Income": 14608600000.0,
        "Net Income From Continuing And Discontinued Operation": 22282000000.0,
        "Total Expenses": 185009000000.0,
        "Total Operating Income As Reported": NaN,
        "Diluted Average Shares": 3030000000.0,
        "Basic Average Shares": 3030000000.0,
        "Diluted EPS": 7.4,
        "Basic EPS": 7.4,
        "Diluted NI Availto Com Stockholders": 22282000000.0,
        "Net Income Common Stockholders": 22282000000.0,
        "Net Income": 22282000000.0,
        "Minority Interests": -1340000000.0,
        "Net Income Including Noncontrolling Interests": 23623000000.0,
        "Net Income Continuous Operations": 23623000000.0,
        "Earnings From Equity Interest Net Of Tax": 39000000.0,
        "Tax Provision": 16026000000.0,
        "Pretax Income": 39610000000.0,
        "Other Income Expense": 9526000000.0,
        "Other Non Operating Income Expenses": -1436000000.0,
        "Earnings From Equity Interest": NaN,
        "Gain On Sale Of Security": 10962000000.0,
        "Net Non Operating Interest Income Expense": -18692000000.0,
        "Total Other Finance Cost": 4967000000.0,
        "Interest Expense Non Operating": 13725000000.0,
        "Interest Income Non Operating": NaN,
        "Operating Income": 48776000000.0,
        "Operating Expense": 96931000000.0,
        "Other Operating Expenses": NaN,
        "Depreciation Amortization Depletion Income Statement": 45071000000.0,
        "Depreciation And Amortization In Income Statement": 45071000000.0,
        "Selling General And Administration": 51860000000.0,
        "Gross Profit": 145707000000.0,
        "Cost Of Revenue": 88078000000.0,
        "Total Revenue": 233785000000.0,
        "Operating Revenue": 231451000000.0
    },
    "2025-09-30": {
        "Tax Effect Of Unusual Items": 2177410821.266421,
        "Tax Rate For Calcs": 0.345566,
        "Normalized EBITDA": 87911000000.0,
        "Total Unusual Items": 6301000000.0,
        "Total Unusual Items Excluding Goodwill": 6301000000.0,
        "Net Income From Continuing Operation Net Minority Interest": 22700000000.0,
        "Reconciled Depreciation": 43699000000.0,
        "Reconciled Cost Of Revenue": 87307000000.0,
        "EBITDA": 94212000000.0,
        "EBIT": 50513000000.0,
        "Net Interest Income": -19200000000.0,
        "Interest Expense": 13290000000.0,
        "Interest Income": NaN,
        "Normalized Income": 18576410821.266422,
        "Net Income From Continuing And Discontinued Operation": 22700000000.0,
        "Total Expenses": 181179000000.0,
        "Total Operating Income As Reported": NaN,
        "Diluted Average Shares": 3020000000.0,
        "Basic Average Shares": 3020000000.0,
        "Diluted EPS": 7.6,
        "Basic EPS": 7.6,
        "Diluted NI Availto Com Stockholders": 22700000000.0,
        "Net Income Common Stockholders": 22700000000.0,
        "Net Income": 22700000000.0,
        "Minority Interests": -1701000000.0,
        "Net Income Including Noncontrolling Interests": 24400000000.0,
        "Net Income Continuous Operations": 24400000000.0,
        "Earnings From Equity Interest Net Of Tax": 40000000.0,
        "Tax Provision": 12863000000.0,
        "Pretax Income": 37223000000.0,
        "Other Income Expense": 4684000000.0,
        "Other Non Operating Income Expenses": -1617000000.0,
        "Earnings From Equity Interest": NaN,
        "Gain On Sale Of Security": 6301000000.0,
        "Net Non Operating Interest Income Expense": -19200000000.0,
        "Total Other Finance Cost": 5910000000.0,
        "Interest Expense Non Operating": 13290000000.0,
        "Interest Income Non Operating": NaN,
        "Operating Income": 51739000000.0,
        "Operating Expense": 93872000000.0,
        "Other Operating Expenses": NaN,
        "Depreciation Amortization Depletion Income Statement": 43699000000.0,
        "Depreciation And Amortization In Income Statement": 43699000000.0,
        "Selling General And Administration": 50173000000.0,
        "Gross Profit": 145611000000.0,
        "Cost Of Revenue": 87307000000.0,
        "Total Revenue": 232918000000.0,
        "Operating Revenue": 230390000000.0
    }
}