{
    "2023-03-31": {
        "Tax Effect Of Unusual Items": -77101238.164603,
        "Tax Rate For Calcs": 0.230153,
        "Normalized EBITDA": 16400000000.0,
        "Total Unusual Items": -335000000.0,
        "Total Unusual Items Excluding Goodwill": -335000000.0,
        "Net Income From Continuing Operation Net Minority Interest": 3172000000.0,
        "Reconciled Depreciation": 11123000000.0,
        "Reconciled Cost Of Revenue": 109146000000.0,
        "EBITDA": 16065000000.0,
        "EBIT": 4942000000.0,
        "Net Interest Income": -212000000.0,
        "Interest Expense": 823000000.0,
        "Interest Income": 611000000.0,
        "Normalized Income": 3429898761.835397,
        "Net Income From Continuing And Discontinued Operation": 3172000000.0,
        "Total Expenses": 122584000000.0,
        "Total Operating Income As Reported": 4774000000.0,
        "Diluted Average Shares": 10347000000.0,
        "Basic Average Shares": 10250000000.0,
        "Diluted EPS": 0.31,
        "Basic EPS": 0.31,
        "Diluted NI Availto Com Stockholders": 3172000000.0,
        "Net Income Common Stockholders": 3172000000.0,
        "Net Income": 3172000000.0,
        "Net Income Including Noncontrolling Interests": 3172000000.0,
        "Net Income Continuous Operations": 3172000000.0,
        "Earnings From Equity Interest Net Of Tax": 1000000.0,
        "Tax Provision": 948000000.0,
        "Pretax Income": 4119000000.0,
        "Other Income Expense": -443000000.0,
        "Other Non Operating Income Expenses": -108000000.0,
        "Gain On Sale Of Security": -335000000.0,
        "Net Non Operating Interest Income Expense": -212000000.0,
        "Interest Expense Non Operating": 823000000.0,
        "Interest Income Non Operating": 611000000.0,
        "Operating Income": 4774000000.0,
        "Operating Expense": 13438000000.0,
        "Other Operating Expenses": 223000000.0,
        "Selling General And Administration": 13215000000.0,
        "Selling And Marketing Expense": 10172000000.0,
        "General And Administrative Expense": 3043000000.0,
        "Other Gand A": 3043000000.0,
        "Gross Profit": 18212000000.0,
        "Cost Of Revenue": 109146000000.0,
        "Total Revenue": 127358000000.0,
        "Operating Revenue": 127358000000.0
    },
    "2022-12-31": {
        "Tax Effect Of Unusual Items": -630420000.0,
        "Tax Rate For Calcs": 0.21,
        "Normalized EBITDA": 15879000000.0,
        "Total Unusual Items": -3002000000.0,
        "Total Unusual Items Excluding Goodwill": -3002000000.0,
        "Net Income From Continuing Operation Net Minority Interest": 278000000.0,
        "Reconciled Depreciation": 13145000000.0,
        "Reconciled Cost Of Revenue": 129557000000.0,
        "EBITDA": 12877000000.0,
        "EBIT": -268000000.0,
        "Net Interest Income": -249000000.0,
        "Interest Expense": 694000000.0,
        "Interest Income": 445000000.0,
        "Normalized Income": 2649580000.0,
        "Net Income From Continuing And Discontinued Operation": 278000000.0,
        "Total Expenses": 146467000000.0,
        "Total Operating Income As Reported": 2737000000.0,
        "Diluted Average Shares": 10308000000.0,
        "Basic Average Shares": 10220000000.0,
        "Diluted EPS": 0.03,
        "Basic EPS": 0.03,
        "Diluted NI Availto Com Stockholders": 278000000.0,
        "Net Income Common Stockholders": 278000000.0,
        "Net Income": 278000000.0,
        "Net Income Including Noncontrolling Interests": 278000000.0,
        "Net Income Continuous Operations": 278000000.0,
        "Earnings From Equity Interest Net Of Tax": 13000000.0,
        "Tax Provision": -1227000000.0,
        "Pretax Income": -962000000.0,
        "Other Income Expense": -3450000000.0,
        "Other Non Operating Income Expenses": -448000000.0,
        "Gain On Sale Of Security": -3002000000.0,
        "Net Non Operating Interest Income Expense": -249000000.0,
        "Interest Expense Non Operating": 694000000.0,
        "Interest Income Non Operating": 445000000.0,
        "Operating Income": 2737000000.0,
        "Operating Expense": 16910000000.0,
        "Other Operating Expenses": 759000000.0,
        "Selling General And Administration": 16151000000.0,
        "Selling And Marketing Expense": 12818000000.0,
        "General And Administrative Expense": 3333000000.0,
        "Other Gand A": 3333000000.0,
        "Gross Profit": 19647000000.0,
        "Cost Of Revenue": 129557000000.0,
        "Total Revenue": 149204000000.0,
        "Operating Revenue": 149204000000.0
    },
    "2022-09-30": {
        "Tax Effect Of Unusual Items": 0.0,
        "Tax Rate For Calcs": 0.023438,
        "Normalized EBITDA": 13765000000.0,
        "Total Unusual Items": 777000000.0,
        "Total Unusual Items Excluding Goodwill": 777000000.0,
        "Net Income From Continuing Operation Net Minority Interest": 2872000000.0,
        "Reconciled Depreciation": 10204000000.0,
        "Reconciled Cost Of Revenue": 110336000000.0,
        "EBITDA": 13765000000.0,
        "EBIT": 3561000000.0,
        "Net Interest Income": -340000000.0,
        "Interest Expense": 617000000.0,
        "Interest Income": 277000000.0,
        "Normalized Income": 2872000000.0,
        "Net Income From Continuing And Discontinued Operation": 2872000000.0,
        "Total Expenses": 124576000000.0,
        "Total Operating Income As Reported": 2525000000.0,
        "Diluted Average Shares": 10331000000.0,
        "Basic Average Shares": 10191000000.0,
        "Diluted EPS": 0.28,
        "Basic EPS": 0.28,
        "Diluted NI Availto Com Stockholders": 2872000000.0,
        "Net Income Common Stockholders": 2872000000.0,
        "Net Income": 2872000000.0,
        "Net Income Including Noncontrolling Interests": 2872000000.0,
        "Net Income Continuous Operations": 2872000000.0,
        "Earnings From Equity Interest Net Of Tax": -3000000.0,
        "Tax Provision": 69000000.0,
        "Pretax Income": 2944000000.0,
        "Other Income Expense": 759000000.0,
        "Other Non Operating Income Expenses": 759000000.0,
        "Gain On Sale Of Security": 777000000.0,
        "Net Non Operating Interest Income Expense": -340000000.0,
        "Interest Expense Non Operating": 617000000.0,
        "Interest Income Non Operating": 277000000.0,
        "Operating Income": 2525000000.0,
        "Operating Expense": 14240000000.0,
        "Other Operating Expenses": 165000000.0,
        "Selling General And Administration": 14075000000.0,
        "Selling And Marketing Expense": 11014000000.0,
        "General And Administrative Expense": 3061000000.0,
        "Other Gand A": 3061000000.0,
        "Gross Profit": 16765000000.0,
        "Cost Of Revenue": 110336000000.0,
        "Total Revenue": 127101000000.0,
        "Operating Revenue": 127101000000.0
    },
    "2022-06-30": {
        "Tax Effect Of Unusual Items": 0.0,
        "Tax Rate For Calcs": 0.240106,
        "Normalized EBITDA": 7525000000.0,
        "Total Unusual Items": -5505000000.0,
        "Total Unusual Items Excluding Goodwill": -5505000000.0,
        "Net Income From Continuing Operation Net Minority Interest": -2028000000.0,
        "Reconciled Depreciation": 9594000000.0,
        "Reconciled Cost Of Revenue": 104838000000.0,
        "EBITDA": 7525000000.0,
        "EBIT": -2069000000.0,
        "Net Interest Income": -425000000.0,
        "Interest Expense": 584000000.0,
        "Interest Income": 159000000.0,
        "Normalized Income": -2028000000.0,
        "Net Income From Continuing And Discontinued Operation": -2028000000.0,
        "Total Expenses": 117917000000.0,
        "Total Operating Income As Reported": 3317000000.0,
        "Diluted Average Shares": 10175000000.0,
        "Basic Average Shares": 10175000000.0,
        "Diluted EPS": -0.2,
        "Basic EPS": -0.2,
        "Diluted NI Availto Com Stockholders": -2028000000.0,
        "Net Income Common Stockholders": -2028000000.0,
        "Net Income": -2028000000.0,
        "Net Income Including Noncontrolling Interests": -2028000000.0,
        "Net Income Continuous Operations": -2028000000.0,
        "Earnings From Equity Interest Net Of Tax": -12000000.0,
        "Tax Provision": -637000000.0,
        "Pretax Income": -2653000000.0,
        "Other Income Expense": -5545000000.0,
        "Other Non Operating Income Expenses": -5545000000.0,
        "Gain On Sale Of Security": -5505000000.0,
        "Net Non Operating Interest Income Expense": -425000000.0,
        "Interest Expense Non Operating": 584000000.0,
        "Interest Income Non Operating": 159000000.0,
        "Operating Income": 3317000000.0,
        "Operating Expense": 13079000000.0,
        "Other Operating Expenses": 90000000.0,
        "Selling General And Administration": 12989000000.0,
        "Selling And Marketing Expense": 10086000000.0,
        "General And Administrative Expense": 2903000000.0,
        "Other Gand A": 2903000000.0,
        "Gross Profit": 16396000000.0,
        "Cost Of Revenue": 104838000000.0,
        "Total Revenue": 121234000000.0,
        "Operating Revenue": 121234000000.0
    },
    "2023-06-30": {
        "Tax Effect Of Unusual Items": 10418088.060294,
        "Tax Rate For Calcs": 0.106307,
        "Normalized EBITDA": 19894000000.0,
        "Total Unusual Items": 98000000.0,
        "Total Unusual Items Excluding Goodwill": 98000000.0,
        "Net Income From Continuing Operation Net Minority Interest": 6750000000.0,
        "Reconciled Depreciation": 11589000000.0,
        "Reconciled Cost Of Revenue": 112609000000.0,
        "EBITDA": 19992000000.0,
        "EBIT": 8403000000.0,
        "Net Interest Income": -179000000.0,
        "Interest Expense": 840000000.0,
        "Interest Income": 661000000.0,
        "Normalized Income": 6662418088.060294,
        "Net Income From Continuing And Discontinued Operation": 6750000000.0,
        "Total Expenses": 126702000000.0,
        "Total Operating Income As Reported": 7681000000.0,
        "Diluted Average Shares": 10449000000.0,
        "Basic Average Shares": 10285000000.0,
        "Diluted EPS": 0.65,
        "Basic EPS": 0.66,
        "Diluted NI Availto Com Stockholders": 6750000000.0,
        "Net Income Common Stockholders": 6750000000.0,
        "Net Income": 6750000000.0,
        "Net Income Including Noncontrolling Interests": 6750000000.0,
        "Net Income Continuous Operations": 6750000000.0,
        "Earnings From Equity Interest Net Of Tax": -9000000.0,
        "Tax Provision": 804000000.0,
        "Pretax Income": 7563000000.0,
        "Other Income Expense": 61000000.0,
        "Other Non Operating Income Expenses": -37000000.0,
        "Gain On Sale Of Security": 98000000.0,
        "Net Non Operating Interest Income Expense": -179000000.0,
        "Interest Expense Non Operating": 840000000.0,
        "Interest Income Non Operating": 661000000.0,
        "Operating Income": 7681000000.0,
        "Operating Expense": 14093000000.0,
        "Other Operating Expenses": 146000000.0,
        "Selling General And Administration": 13947000000.0,
        "Selling And Marketing Expense": 10745000000.0,
        "General And Administrative Expense": 3202000000.0,
        "Other Gand A": 3202000000.0,
        "Gross Profit": 21774000000.0,
        "Cost Of Revenue": 112609000000.0,
        "Total Revenue": 134383000000.0,
        "Operating Revenue": 134383000000.0
    },
    "2022-03-31": {
        "Diluted EPS": -0.38,
        "Total Revenue": NaN,
        "Gross Profit": NaN,
        "Operating Income": NaN,
        "EBIT": NaN,
        "Net Income": NaN
    },
    "2021-12-31": {
        "Diluted EPS": 1.38,
        "Total Revenue": NaN,
        "Gross Profit": NaN,
        "Operating Income": NaN,
        "EBIT": NaN,
        "Net Income": NaN
    },
    "2021-09-30": {
        "Diluted EPS": 0.31,
        "Total Revenue": NaN,
        "Gross Profit": NaN,
        "Operating Income": NaN,
        "EBIT": NaN,
        "Net Income": NaN
    },
    "2021-06-30": {
        "Diluted EPS": 0.76,
        "Total Revenue": NaN,
        "Gross Profit": NaN,
        "Operating Income": NaN,
        "EBIT": NaN,
        "Net Income": NaN
    },
    "2021-03-31": {
        "Diluted EPS": 0.79,
        "Total Revenue": NaN,
        "Gross Profit": NaN,
        "Operating Income": NaN,
        "EBIT": NaN,
        "Net Income": NaN
    },
    "2020-12-31": {
        "Diluted EPS": 0.71,
        "Total Revenue": NaN,
        "Gross Profit": NaN,
        "Operating Income": NaN,
        "EBIT": NaN,
        "Net Income": NaN
    },
    "2020-09-30": {
        "Diluted EPS": 0.62,
        "Total Revenue": NaN,
        "Gross Profit": NaN,
        "Operating Income": NaN,
        "EBIT": NaN,
        "Net Income": NaN
    },
    "2020-06-30": {
        "Diluted EPS": 0.52,
        "Total Revenue": NaN,
        "Gross Profit": NaN,
        "Operating Income": NaN,
        "EBIT": NaN,
        "Net Income": NaN
    },
    "2020-03-31": {
        "Diluted EPS": 0.25,
        "Total Revenue": NaN,
        "Gross Profit": NaN,
        "Operating Income": NaN,
        "EBIT": NaN,
        "Net Income": NaN
    },
    "2019-12-31": {
        "Diluted EPS": 0.32,
        "Total Revenue": NaN,
        "Gross Profit": NaN,
        "Operating Income": NaN,
        "EBIT": NaN,
        "Net Income": NaN
    },
    "2019-09-30": {
        "Diluted EPS": 0.21,
        "Total Revenue": NaN,
        "Gross Profit": NaN,
        "Operating Income": NaN,
        "EBIT": NaN,
        "Net Income": NaN
    },
    "2019-06-30": {
        "Diluted EPS": 0.26,
        "Total Revenue": NaN,
        "Gross Profit": NaN,
        "Operating Income": NaN,
        "EBIT": NaN,
        "Net Income": NaN
    },
    "2019-03-31": {
        "Diluted EPS": 0.36,
        "Total Revenue": NaN,
        "Gross Profit": NaN,
        "Operating Income": NaN,
        "EBIT": NaN,
        "Net Income": NaN
    },
    "2018-12-31": {
        "Diluted EPS": 0.3,
        "Total Revenue": NaN,
        "Gross Profit": NaN,
        "Operating Income": NaN,
        "EBIT": NaN,
        "Net Income": NaN
    },
    "2018-09-30": {
        "Diluted EPS": 0.29,
        "Total Revenue": NaN,
        "Gross Profit": NaN,
        "Operating Income": NaN,
        "EBIT": NaN,
        "Net Income": NaN
    },
    "2018-06-30": {
        "Diluted EPS": 0.25,
        "Total Revenue": NaN,
        "Gross Profit": NaN,
        "Operating Income": NaN,
        "EBIT": NaN,
        "Net Income": NaN
    },
    "2018-03-31": {
        "Diluted EPS": 0.16,
        "Total Revenue": NaN,
        "Gross Profit": NaN,
        "Operating Income": NaN,
        "EBIT": NaN,
        "Net Income": NaN
    },
    "2017-12-31": {
        "Diluted EPS": 0.19,
        "Total Revenue": NaN,
        "Gross Profit": NaN,
        "Operating Income": NaN,
        "EBIT": NaN,
        "Net Income": NaN
    },
    "2017-09-30": {
        "Diluted EPS": 0.03,
        "Total Revenue": NaN,
        "Gross Profit": NaN,
        "Operating Income": 347,
        "EBIT": NaN,
        "Net Income": 256
    },
    "2017-06-30": {
        "Diluted EPS": 0.02,
        "Total Revenue": NaN,
        "Gross Profit": NaN,
        "Operating Income": 628,
        "EBIT": NaN,
        "Net Income": 197
    },
    "2017-03-31": {
        "Diluted EPS": 0.07,
        "Total Revenue": NaN,
        "Gross Profit": NaN,
        "Operating Income": NaN,
        "EBIT": NaN,
        "Net Income": 724
    },
    "2016-12-31": {
        "Diluted EPS": 0.08,
        "Total Revenue": NaN,
        "Gross Profit": NaN,
        "Operating Income": NaN,
        "EBIT": NaN,
        "Net Income": 749
    },
    "2016-09-30": {
        "Diluted EPS": 0.03,
        "Total Revenue": NaN,
        "Gross Profit": NaN,
        "Operating Income": 575,
        "EBIT": NaN,
        "Net Income": 252
    },
    "2016-06-30": {
        "Diluted EPS": 0.09,
        "Total Revenue": NaN,
        "Gross Profit": NaN,
        "Operating Income": NaN,
        "EBIT": NaN,
        "Net Income": 857
    },
    "2016-03-31": {
        "Diluted EPS": 0.05,
        "Total Revenue": NaN,
        "Gross Profit": NaN,
        "Operating Income": NaN,
        "EBIT": NaN,
        "Net Income": 513
    },
    "2015-12-31": {
        "Diluted EPS": 0.05,
        "Total Revenue": NaN,
        "Gross Profit": NaN,
        "Operating Income": NaN,
        "EBIT": NaN,
        "Net Income": 482
    },
    "2015-09-30": {
        "Diluted EPS": 0.01,
        "Total Revenue": NaN,
        "Gross Profit": NaN,
        "Operating Income": 406,
        "EBIT": NaN,
        "Net Income": 79
    },
    "2015-06-30": {
        "Diluted EPS": 0.01,
        "Total Revenue": NaN,
        "Gross Profit": NaN,
        "Operating Income": 464,
        "EBIT": NaN,
        "Net Income": 92
    },
    "2015-03-31": {
        "Diluted EPS": -0.01,
        "Total Revenue": NaN,
        "Gross Profit": NaN,
        "Operating Income": 255,
        "EBIT": NaN,
        "Net Income": -57
    },
    "2014-12-31": {
        "Diluted EPS": 0.02,
        "Total Revenue": NaN,
        "Gross Profit": NaN,
        "Operating Income": 591,
        "EBIT": NaN,
        "Net Income": 214
    },
    "2014-09-30": {
        "Diluted EPS": -0.05,
        "Total Revenue": NaN,
        "Gross Profit": NaN,
        "Operating Income": -544,
        "EBIT": 703,
        "Net Income": -437
    },
    "2014-06-30": {
        "Diluted EPS": -0.01,
        "Total Revenue": NaN,
        "Gross Profit": NaN,
        "Operating Income": -15,
        "EBIT": NaN,
        "Net Income": -126
    },
    "2014-03-31": {
        "Diluted EPS": 0.01,
        "Total Revenue": NaN,
        "Gross Profit": NaN,
        "Operating Income": 146,
        "EBIT": NaN,
        "Net Income": 108
    },
    "2013-12-31": {
        "Diluted EPS": 0.03,
        "Total Revenue": NaN,
        "Gross Profit": NaN,
        "Operating Income": 510,
        "EBIT": NaN,
        "Net Income": 240
    },
    "2013-09-30": {
        "Diluted EPS": -0.01,
        "Total Revenue": NaN,
        "Gross Profit": NaN,
        "Operating Income": -25,
        "EBIT": 809,
        "Net Income": -41
    },
    "2013-06-30": {
        "Diluted EPS": -0.0,
        "Total Revenue": NaN,
        "Gross Profit": NaN,
        "Operating Income": 79,
        "EBIT": 836,
        "Net Income": -7
    },
    "2013-03-31": {
        "Diluted EPS": 0.01,
        "Total Revenue": NaN,
        "Gross Profit": NaN,
        "Operating Income": 181,
        "EBIT": 881,
        "Net Income": 82
    },
    "2012-12-31": {
        "Diluted EPS": 0.01,
        "Total Revenue": NaN,
        "Gross Profit": NaN,
        "Operating Income": 405,
        "EBIT": NaN,
        "Net Income": 98
    },
    "2012-09-30": {
        "Diluted EPS": -0.03,
        "Total Revenue": NaN,
        "Gross Profit": NaN,
        "Operating Income": -28,
        "EBIT": 527,
        "Net Income": -274
    },
    "2012-06-30": {
        "Diluted EPS": 0.0,
        "Total Revenue": NaN,
        "Gross Profit": NaN,
        "Operating Income": 107,
        "EBIT": 592,
        "Net Income": 7
    },
    "2012-03-31": {
        "Diluted EPS": 0.01,
        "Total Revenue": NaN,
        "Gross Profit": NaN,
        "Operating Income": 192,
        "EBIT": 649,
        "Net Income": 130
    },
    "2011-12-31": {
        "Diluted EPS": 0.02,
        "Total Revenue": NaN,
        "Gross Profit": NaN,
        "Operating Income": 260,
        "EBIT": 619,
        "Net Income": 176
    },
    "2011-09-30": {
        "Diluted EPS": 0.01,
        "Total Revenue": NaN,
        "Gross Profit": NaN,
        "Operating Income": 79,
        "EBIT": 357,
        "Net Income": 63
    },
    "2011-06-30": {
        "Diluted EPS": 0.02,
        "Total Revenue": NaN,
        "Gross Profit": NaN,
        "Operating Income": 201,
        "EBIT": 445,
        "Net Income": 191
    },
    "2011-03-31": {
        "Diluted EPS": 0.02,
        "Total Revenue": NaN,
        "Gross Profit": NaN,
        "Operating Income": 322,
        "EBIT": 524,
        "Net Income": 201
    },
    "2010-12-31": {
        "Diluted EPS": 0.05,
        "Total Revenue": NaN,
        "Gross Profit": NaN,
        "Operating Income": 474,
        "EBIT": 643,
        "Net Income": 415
    },
    "2010-09-30": {
        "Diluted EPS": 0.03,
        "Total Revenue": NaN,
        "Gross Profit": NaN,
        "Operating Income": 268,
        "EBIT": 418,
        "Net Income": 231
    },
    "2010-06-30": {
        "Diluted EPS": 0.02,
        "Total Revenue": NaN,
        "Gross Profit": NaN,
        "Operating Income": 270,
        "EBIT": 400,
        "Net Income": 207
    },
    "2010-03-31": {
        "Diluted EPS": 0.03,
        "Total Revenue": NaN,
        "Gross Profit": NaN,
        "Operating Income": 394,
        "EBIT": 513,
        "Net Income": 299
    },
    "2009-12-31": {
        "Diluted EPS": 0.04,
        "Total Revenue": NaN,
        "Gross Profit": NaN,
        "Operating Income": 475,
        "EBIT": 587,
        "Net Income": 384
    },
    "2009-09-30": {
        "Diluted EPS": 0.02,
        "Total Revenue": NaN,
        "Gross Profit": NaN,
        "Operating Income": 251,
        "EBIT": 346,
        "Net Income": 199
    },
    "2009-06-30": {
        "Diluted EPS": 0.02,
        "Total Revenue": NaN,
        "Gross Profit": NaN,
        "Operating Income": 159,
        "EBIT": 243,
        "Net Income": 142
    },
    "2009-03-31": {
        "Diluted EPS": 0.02,
        "Total Revenue": NaN,
        "Gross Profit": NaN,
        "Operating Income": 244,
        "EBIT": 331,
        "Net Income": 177
    },
    "2023-09-30": {
        "Tax Effect Of Unusual Items": NaN,
        "Tax Rate For Calcs": NaN,
        "Normalized EBITDA": NaN,
        "Total Unusual Items": NaN,
        "Total Unusual Items Excluding Goodwill": NaN,
        "Net Income From Continuing Operation Net Minority Interest": NaN,
        "Reconciled Depreciation": NaN,
        "Reconciled Cost Of Revenue": NaN,
        "EBITDA": NaN,
        "EBIT": NaN,
        "Net Interest Income": NaN,
        "Interest Expense": NaN,
        "Interest Income": NaN,
        "Normalized Income": NaN,
        "Net Income From Continuing And Discontinued Operation": NaN,
        "Total Expenses": NaN,
        "Total Operating Income As Reported": NaN,
        "Diluted Average Shares": 10558000000.0,
        "Basic Average Shares": 10322000000.0,
        "Diluted EPS": 0.94,
        "Basic EPS": 0.96,
        "Diluted NI Availto Com Stockholders": NaN,
        "Net Income Common Stockholders": NaN,
        "Net Income": NaN,
        "Net Income Including Noncontrolling Interests": NaN,
        "Net Income Continuous Operations": NaN,
        "Earnings From Equity Interest Net Of Tax": NaN,
        "Tax Provision": NaN,
        "Pretax Income": NaN,
        "Other Income Expense": NaN,
        "Other Non Operating Income Expenses": NaN,
        "Gain On Sale Of Security": NaN,
        "Net Non Operating Interest Income Expense": NaN,
        "Interest Expense Non Operating": NaN,
        "Interest Income Non Operating": NaN,
        "Operating Income": NaN,
        "Operating Expense": NaN,
        "Other Operating Expenses": NaN,
        "Selling General And Administration": NaN,
        "Selling And Marketing Expense": NaN,
        "General And Administrative Expense": NaN,
        "Other Gand A": NaN,
        "Gross Profit": NaN,
        "Cost Of Revenue": NaN,
        "Total Revenue": NaN,
        "Operating Revenue": NaN
    },
    "2023-12-31": {
        "Tax Effect Of Unusual Items": 60407715.914073,
        "Tax Rate For Calcs": 0.223732,
        "Normalized EBITDA": 27949000000.0,
        "Total Unusual Items": 270000000.0,
        "Total Unusual Items Excluding Goodwill": 270000000.0,
        "Net Income From Continuing Operation Net Minority Interest": 10624000000.0,
        "Reconciled Depreciation": 13820000000.0,
        "Reconciled Cost Of Revenue": 140686000000.0,
        "EBITDA": 28219000000.0,
        "EBIT": 14399000000.0,
        "Net Interest Income": 188000000.0,
        "Interest Expense": 713000000.0,
        "Interest Income": 901000000.0,
        "Normalized Income": 10414407715.914074,
        "Net Income From Continuing And Discontinued Operation": 10624000000.0,
        "Total Expenses": 156752000000.0,
        "Total Operating Income As Reported": 13209000000.0,
        "Diluted Average Shares": 10610000000.0,
        "Basic Average Shares": 10356000000.0,
        "Diluted EPS": 1.0,
        "Basic EPS": 1.03,
        "Diluted NI Availto Com Stockholders": 10624000000.0,
        "Net Income Common Stockholders": 10624000000.0,
        "Net Income": 10624000000.0,
        "Net Income Including Noncontrolling Interests": 10624000000.0,
        "Net Income Continuous Operations": 10624000000.0,
        "Earnings From Equity Interest Net Of Tax": 0.0,
        "Tax Provision": 3062000000.0,
        "Pretax Income": 13686000000.0,
        "Other Income Expense": 289000000.0,
        "Other Non Operating Income Expenses": 19000000.0,
        "Gain On Sale Of Security": 270000000.0,
        "Net Non Operating Interest Income Expense": 188000000.0,
        "Interest Expense Non Operating": 713000000.0,
        "Interest Income Non Operating": 901000000.0,
        "Operating Income": 13209000000.0,
        "Operating Expense": 16066000000.0,
        "Other Operating Expenses": 154000000.0,
        "Selling General And Administration": 15912000000.0,
        "Selling And Marketing Expense": 12902000000.0,
        "General And Administrative Expense": 3010000000.0,
        "Other Gand A": 3010000000.0,
        "Gross Profit": 29275000000.0,
        "Cost Of Revenue": 140686000000.0,
        "Total Revenue": 169961000000.0,
        "Operating Revenue": 169961000000.0
    },
    "2024-03-31": {
        "Tax Effect Of Unusual Items": -460982977.740122,
        "Tax Rate For Calcs": 0.190018,
        "Normalized EBITDA": 27737000000.0,
        "Total Unusual Items": -2426000000.0,
        "Total Unusual Items Excluding Goodwill": -2426000000.0,
        "Net Income From Continuing Operation Net Minority Interest": 10431000000.0,
        "Reconciled Depreciation": 11684000000.0,
        "Reconciled Cost Of Revenue": 72633000000.0,
        "EBITDA": 25311000000.0,
        "EBIT": 13627000000.0,
        "Net Interest Income": 349000000.0,
        "Interest Expense": 644000000.0,
        "Interest Income": 993000000.0,
        "Normalized Income": 12396017022.259878,
        "Net Income From Continuing And Discontinued Operation": 10431000000.0,
        "Total Expenses": 128006000000.0,
        "Total Operating Income As Reported": 15307000000.0,
        "Diluted Average Shares": 10670000000.0,
        "Basic Average Shares": 10393000000.0,
        "Diluted EPS": 0.98,
        "Basic EPS": 1.0,
        "Diluted NI Availto Com Stockholders": 10431000000.0,
        "Net Income Common Stockholders": 10431000000.0,
        "Net Income": 10431000000.0,
        "Net Income Including Noncontrolling Interests": 10431000000.0,
        "Net Income Continuous Operations": 10431000000.0,
        "Earnings From Equity Interest Net Of Tax": -85000000.0,
        "Tax Provision": 2467000000.0,
        "Pretax Income": 12983000000.0,
        "Other Income Expense": -2674000000.0,
        "Other Non Operating Income Expenses": -248000000.0,
        "Gain On Sale Of Security": -2426000000.0,
        "Net Non Operating Interest Income Expense": 349000000.0,
        "Interest Expense Non Operating": 644000000.0,
        "Interest Income Non Operating": 993000000.0,
        "Operating Income": 15307000000.0,
        "Operating Expense": 55373000000.0,
        "Other Operating Expenses": 42969000000.0,
        "Selling General And Administration": 12404000000.0,
        "Selling And Marketing Expense": 9662000000.0,
        "General And Administrative Expense": 2742000000.0,
        "Other Gand A": 2742000000.0,
        "Gross Profit": 70680000000.0,
        "Cost Of Revenue": 72633000000.0,
        "Total Revenue": 143313000000.0,
        "Operating Revenue": 143313000000.0
    },
    "2024-06-30": {
        "Tax Effect Of Unusual Items": 4172646.769433,
        "Tax Rate For Calcs": 0.115907,
        "Normalized EBITDA": 27836000000.0,
        "Total Unusual Items": 36000000.0,
        "Total Unusual Items Excluding Goodwill": 36000000.0,
        "Net Income From Continuing Operation Net Minority Interest": 13485000000.0,
        "Reconciled Depreciation": 12038000000.0,
        "Reconciled Cost Of Revenue": 73785000000.0,
        "EBITDA": 27872000000.0,
        "EBIT": 15834000000.0,
        "Net Interest Income": 591000000.0,
        "Interest Expense": 589000000.0,
        "Interest Income": 1180000000.0,
        "Normalized Income": 13453172646.769432,
        "Net Income From Continuing And Discontinued Operation": 13485000000.0,
        "Total Expenses": 133305000000.0,
        "Total Operating Income As Reported": 14672000000.0,
        "Diluted Average Shares": 10708000000.0,
        "Basic Average Shares": 10447000000.0,
        "Diluted EPS": 1.26,
        "Basic EPS": 1.29,
        "Diluted NI Availto Com Stockholders": 13485000000.0,
        "Net Income Common Stockholders": 13485000000.0,
        "Net Income": 13485000000.0,
        "Net Income Including Noncontrolling Interests": 13485000000.0,
        "Net Income Continuous Operations": 13485000000.0,
        "Earnings From Equity Interest Net Of Tax": 7000000.0,
        "Tax Provision": 1767000000.0,
        "Pretax Income": 15245000000.0,
        "Other Income Expense": -18000000.0,
        "Other Non Operating Income Expenses": -54000000.0,
        "Gain On Sale Of Security": 36000000.0,
        "Net Non Operating Interest Income Expense": 591000000.0,
        "Interest Expense Non Operating": 589000000.0,
        "Interest Income Non Operating": 1180000000.0,
        "Operating Income": 14672000000.0,
        "Operating Expense": 59520000000.0,
        "Other Operating Expenses": 45967000000.0,
        "Selling General And Administration": 13553000000.0,
        "Selling And Marketing Expense": 10512000000.0,
        "General And Administrative Expense": 3041000000.0,
        "Other Gand A": 3041000000.0,
        "Gross Profit": 74192000000.0,
        "Cost Of Revenue": 73785000000.0,
        "Total Revenue": 147977000000.0,
        "Operating Revenue": 147977000000.0
    },
    "2024-09-30": {
        "Tax Effect Of Unusual Items": -2700449.076897,
        "Tax Rate For Calcs": 0.150025,
        "Normalized EBITDA": 32100000000.0,
        "Total Unusual Items": -18000000.0,
        "Total Unusual Items Excluding Goodwill": -18000000.0,
        "Net Income From Continuing Operation Net Minority Interest": 15328000000.0,
        "Reconciled Depreciation": 13442000000.0,
        "Reconciled Cost Of Revenue": 80977000000.0,
        "EBITDA": 32082000000.0,
        "EBIT": 18640000000.0,
        "Net Interest Income": 653000000.0,
        "Interest Expense": 603000000.0,
        "Interest Income": 1256000000.0,
        "Normalized Income": 15343299550.923103,
        "Net Income From Continuing And Discontinued Operation": 15328000000.0,
        "Total Expenses": 141466000000.0,
        "Total Operating Income As Reported": 17411000000.0,
        "Diluted Average Shares": 10735000000.0,
        "Basic Average Shares": 10501000000.0,
        "Diluted EPS": 1.43,
        "Basic EPS": 1.46,
        "Diluted NI Availto Com Stockholders": 15328000000.0,
        "Net Income Common Stockholders": 15328000000.0,
        "Net Income": 15328000000.0,
        "Net Income Including Noncontrolling Interests": 15328000000.0,
        "Net Income Continuous Operations": 15328000000.0,
        "Earnings From Equity Interest Net Of Tax": -3000000.0,
        "Tax Provision": 2706000000.0,
        "Pretax Income": 18037000000.0,
        "Other Income Expense": -27000000.0,
        "Other Non Operating Income Expenses": -9000000.0,
        "Gain On Sale Of Security": -18000000.0,
        "Net Non Operating Interest Income Expense": 653000000.0,
        "Interest Expense Non Operating": 603000000.0,
        "Interest Income Non Operating": 1256000000.0,
        "Operating Income": 17411000000.0,
        "Operating Expense": 60489000000.0,
        "Other Operating Expenses": 47167000000.0,
        "Selling General And Administration": 13322000000.0,
        "Selling And Marketing Expense": 10609000000.0,
        "General And Administrative Expense": 2713000000.0,
        "Other Gand A": 2713000000.0,
        "Gross Profit": 77900000000.0,
        "Cost Of Revenue": 80977000000.0,
        "Total Revenue": 158877000000.0,
        "Operating Revenue": 158877000000.0
    },
    "2024-12-31": {
        "Tax Effect Of Unusual Items": 59714081.166943,
        "Tax Rate For Calcs": 0.104032,
        "Normalized EBITDA": 37976000000.0,
        "Total Unusual Items": 574000000.0,
        "Total Unusual Items Excluding Goodwill": 574000000.0,
        "Net Income From Continuing Operation Net Minority Interest": 20004000000.0,
        "Reconciled Depreciation": 15631000000.0,
        "Reconciled Cost Of Revenue": 98893000000.0,
        "EBITDA": 38550000000.0,
        "EBIT": 22919000000.0,
        "Net Interest Income": 678000000.0,
        "Interest Expense": 570000000.0,
        "Interest Income": 1248000000.0,
        "Normalized Income": 19489714081.166943,
        "Net Income From Continuing And Discontinued Operation": 20004000000.0,
        "Total Expenses": 166589000000.0,
        "Total Operating Income As Reported": 21203000000.0,
        "Diluted Average Shares": 10771000000.0,
        "Basic Average Shares": 10552000000.0,
        "Diluted EPS": 1.86,
        "Basic EPS": 1.9,
        "Diluted NI Availto Com Stockholders": 20004000000.0,
        "Net Income Common Stockholders": 20004000000.0,
        "Net Income": 20004000000.0,
        "Net Income Including Noncontrolling Interests": 20004000000.0,
        "Net Income Continuous Operations": 20004000000.0,
        "Earnings From Equity Interest Net Of Tax": -20000000.0,
        "Tax Provision": 2325000000.0,
        "Pretax Income": 22349000000.0,
        "Other Income Expense": 468000000.0,
        "Other Non Operating Income Expenses": -106000000.0,
        "Gain On Sale Of Security": 574000000.0,
        "Net Non Operating Interest Income Expense": 678000000.0,
        "Interest Expense Non Operating": 570000000.0,
        "Interest Income Non Operating": 1248000000.0,
        "Operating Income": 21203000000.0,
        "Operating Expense": 67696000000.0,
        "Other Operating Expenses": 51709000000.0,
        "Selling General And Administration": 15987000000.0,
        "Selling And Marketing Expense": 13124000000.0,
        "General And Administrative Expense": 2863000000.0,
        "Other Gand A": 2863000000.0,
        "Gross Profit": 88899000000.0,
        "Cost Of Revenue": 98893000000.0,
        "Total Revenue": 187792000000.0,
        "Operating Revenue": 187792000000.0
    },
    "2025-03-31": {
        "Tax Effect Of Unusual Items": 584272614.050464,
        "Tax Rate For Calcs": 0.210019,
        "Normalized EBITDA": 33700000000.0,
        "Total Unusual Items": 2782000000.0,
        "Total Unusual Items Excluding Goodwill": 2782000000.0,
        "Net Income From Continuing Operation Net Minority Interest": 17127000000.0,
        "Reconciled Depreciation": 14262000000.0,
        "Reconciled Cost Of Revenue": 76976000000.0,
        "EBITDA": 36482000000.0,
        "EBIT": 22220000000.0,
        "Net Interest Income": 525000000.0,
        "Interest Expense": 541000000.0,
        "Interest Income": 1066000000.0,
        "Normalized Income": 14929272614.050465,
        "Net Income From Continuing And Discontinued Operation": 17127000000.0,
        "Total Expenses": 137262000000.0,
        "Total Operating Income As Reported": 18405000000.0,
        "Diluted Average Shares": 10793000000.0,
        "Basic Average Shares": 10603000000.0,
        "Diluted EPS": 1.59,
        "Basic EPS": 1.62,
        "Diluted NI Availto Com Stockholders": 17127000000.0,
        "Net Income Common Stockholders": 17127000000.0,
        "Net Income": 17127000000.0,
        "Net Income Including Noncontrolling Interests": 17127000000.0,
        "Net Income Continuous Operations": 17127000000.0,
        "Earnings From Equity Interest Net Of Tax": 1000000.0,
        "Tax Provision": 4553000000.0,
        "Pretax Income": 21679000000.0,
        "Other Income Expense": 2749000000.0,
        "Other Non Operating Income Expenses": -33000000.0,
        "Gain On Sale Of Security": 2782000000.0,
        "Net Non Operating Interest Income Expense": 525000000.0,
        "Interest Expense Non Operating": 541000000.0,
        "Interest Income Non Operating": 1066000000.0,
        "Operating Income": 18405000000.0,
        "Operating Expense": 60286000000.0,
        "Other Operating Expenses": 47895000000.0,
        "Selling General And Administration": 12391000000.0,
        "Selling And Marketing Expense": 9763000000.0,
        "General And Administrative Expense": 2628000000.0,
        "Other Gand A": 2628000000.0,
        "Gross Profit": 78691000000.0,
        "Cost Of Revenue": 76976000000.0,
        "Total Revenue": 155667000000.0,
        "Operating Revenue": 155667000000.0
    },
    "2025-06-30": {
        "Tax Effect Of Unusual Items": 143677518.339167,
        "Tax Rate For Calcs": 0.128398,
        "Normalized EBITDA": 35481000000.0,
        "Total Unusual Items": 1119000000.0,
        "Total Unusual Items Excluding Goodwill": 1119000000.0,
        "Net Income From Continuing Operation Net Minority Interest": 18164000000.0,
        "Reconciled Depreciation": 15227000000.0,
        "Reconciled Cost Of Revenue": 80809000000.0,
        "EBITDA": 36600000000.0,
        "EBIT": 21373000000.0,
        "Net Interest Income": 569000000.0,
        "Interest Expense": 516000000.0,
        "Interest Income": 1085000000.0,
        "Normalized Income": 17188677518.33917,
        "Net Income From Continuing And Discontinued Operation": 18164000000.0,
        "Total Expenses": 148531000000.0,
        "Total Operating Income As Reported": 19171000000.0,
        "Diluted Average Shares": 10806000000.0,
        "Basic Average Shares": 10637000000.0,
        "Diluted EPS": 1.68,
        "Basic EPS": 1.71,
        "Diluted NI Availto Com Stockholders": 18164000000.0,
        "Net Income Common Stockholders": 18164000000.0,
        "Net Income": 18164000000.0,
        "Net Income Including Noncontrolling Interests": 18164000000.0,
        "Net Income Continuous Operations": 18164000000.0,
        "Earnings From Equity Interest Net Of Tax": -15000000.0,
        "Tax Provision": 2678000000.0,
        "Pretax Income": 20857000000.0,
        "Other Income Expense": 1117000000.0,
        "Other Non Operating Income Expenses": -2000000.0,
        "Gain On Sale Of Security": 1119000000.0,
        "Net Non Operating Interest Income Expense": 569000000.0,
        "Interest Expense Non Operating": 516000000.0,
        "Interest Income Non Operating": 1085000000.0,
        "Operating Income": 19171000000.0,
        "Operating Expense": 67722000000.0,
        "Other Operating Expenses": 53341000000.0,
        "Selling General And Administration": 14381000000.0,
        "Selling And Marketing Expense": 11416000000.0,
        "General And Administrative Expense": 2965000000.0,
        "Other Gand A": 2965000000.0,
        "Gross Profit": 86893000000.0,
        "Cost Of Revenue": 80809000000.0,
        "Total Revenue": 167702000000.0,
        "Operating Revenue": 167702000000.0
    }
}