{
    "2023-06-30": {
        "Tax Effect Of Unusual Items": 0.0,
        "Tax Rate For Calcs": 0.253,
        "Normalized EBITDA": 498200000.0,
        "Net Income From Continuing Operation Net Minority Interest": 272500000.0,
        "Reconciled Depreciation": 54600000.0,
        "Reconciled Cost Of Revenue": 5554800000.0,
        "EBITDA": 498200000.0,
        "EBIT": 443600000.0,
        "Net Interest Income": -78800000.0,
        "Interest Expense": 78800000.0,
        "Normalized Income": 272500000.0,
        "Net Income From Continuing And Discontinued Operation": 272500000.0,
        "Total Expenses": 6450900000.0,
        "Total Operating Income As Reported": 439200000.0,
        "Diluted Average Shares": 45300000.0,
        "Basic Average Shares": 45300000.0,
        "Diluted EPS": 6.015453,
        "Basic EPS": 6.015453,
        "Diluted NI Availto Com Stockholders": 272500000.0,
        "Net Income Common Stockholders": 272500000.0,
        "Net Income": 272500000.0,
        "Net Income Including Noncontrolling Interests": 272500000.0,
        "Net Income Discontinuous Operations": 0.0,
        "Net Income Continuous Operations": 272500000.0,
        "Tax Provision": 92300000.0,
        "Pretax Income": 364800000.0,
        "Other Income Expense": 4400000.0,
        "Other Non Operating Income Expenses": 4400000.0,
        "Net Non Operating Interest Income Expense": -78800000.0,
        "Interest Expense Non Operating": 78800000.0,
        "Operating Income": 439200000.0,
        "Operating Expense": 896100000.0,
        "Other Operating Expenses": -1400000.0,
        "Depreciation Amortization Depletion Income Statement": 54600000.0,
        "Depreciation And Amortization In Income Statement": 54600000.0,
        "Selling General And Administration": 842900000.0,
        "Selling And Marketing Expense": 63400000.0,
        "General And Administrative Expense": 779500000.0,
        "Other Gand A": 230800000.0,
        "Salaries And Wages": 548700000.0,
        "Gross Profit": 1335300000.0,
        "Cost Of Revenue": 5554800000.0,
        "Total Revenue": 6890100000.0,
        "Operating Revenue": 6883800000.0
    },
    "2023-03-31": {
        "Tax Effect Of Unusual Items": 0.0,
        "Tax Rate For Calcs": 0.243,
        "Normalized EBITDA": 501300000.0,
        "Net Income From Continuing Operation Net Minority Interest": 287800000.0,
        "Reconciled Depreciation": 52800000.0,
        "Reconciled Cost Of Revenue": 5112300000.0,
        "EBITDA": 501300000.0,
        "EBIT": 448500000.0,
        "Net Interest Income": -68200000.0,
        "Interest Expense": 68200000.0,
        "Normalized Income": 287800000.0,
        "Net Income From Continuing And Discontinued Operation": 288700000.0,
        "Total Expenses": 5955400000.0,
        "Total Operating Income As Reported": 443300000.0,
        "Diluted Average Shares": 47600000.0,
        "Basic Average Shares": 47200000.0,
        "Diluted EPS": 6.07,
        "Basic EPS": 6.12,
        "Diluted NI Availto Com Stockholders": 288700000.0,
        "Net Income Common Stockholders": 288700000.0,
        "Net Income": 288700000.0,
        "Net Income Including Noncontrolling Interests": 288700000.0,
        "Net Income Discontinuous Operations": 900000.0,
        "Net Income Continuous Operations": 287800000.0,
        "Tax Provision": 92500000.0,
        "Pretax Income": 380300000.0,
        "Other Income Expense": 5200000.0,
        "Other Non Operating Income Expenses": 5200000.0,
        "Net Non Operating Interest Income Expense": -68200000.0,
        "Interest Expense Non Operating": 68200000.0,
        "Operating Income": 443300000.0,
        "Operating Expense": 843100000.0,
        "Other Operating Expenses": 7600000.0,
        "Depreciation Amortization Depletion Income Statement": 52800000.0,
        "Depreciation And Amortization In Income Statement": 52800000.0,
        "Selling General And Administration": 782700000.0,
        "Selling And Marketing Expense": 50700000.0,
        "General And Administrative Expense": 732000000.0,
        "Other Gand A": 209700000.0,
        "Salaries And Wages": 522300000.0,
        "Gross Profit": 1286400000.0,
        "Cost Of Revenue": 5112300000.0,
        "Total Revenue": 6398700000.0,
        "Operating Revenue": 6386700000.0
    },
    "2022-12-31": {
        "Tax Effect Of Unusual Items": 0.0,
        "Tax Rate For Calcs": 0.241726,
        "Normalized EBITDA": 486300000.0,
        "Net Income From Continuing Operation Net Minority Interest": 286400000.0,
        "Reconciled Depreciation": 51400000.0,
        "Reconciled Cost Of Revenue": 5415100000.0,
        "EBITDA": 486300000.0,
        "EBIT": 434900000.0,
        "Net Interest Income": -57200000.0,
        "Interest Expense": 57200000.0,
        "Normalized Income": 286400000.0,
        "Net Income From Continuing And Discontinued Operation": 286400000.0,
        "Total Expenses": 6272100000.0,
        "Total Operating Income As Reported": 424900000.0,
        "Diluted Average Shares": 50100000.0,
        "Basic Average Shares": 50100000.0,
        "Diluted EPS": 5.716567,
        "Basic EPS": 5.716567,
        "Diluted NI Availto Com Stockholders": 286400000.0,
        "Net Income Common Stockholders": 286400000.0,
        "Net Income": 286400000.0,
        "Net Income Including Noncontrolling Interests": 286400000.0,
        "Net Income Discontinuous Operations": 0.0,
        "Net Income Continuous Operations": 286400000.0,
        "Tax Provision": 91300000.0,
        "Pretax Income": 377700000.0,
        "Other Income Expense": 10000000.0,
        "Other Non Operating Income Expenses": 10000000.0,
        "Net Non Operating Interest Income Expense": -57200000.0,
        "Interest Expense Non Operating": 57200000.0,
        "Operating Income": 424900000.0,
        "Operating Expense": 857000000.0,
        "Other Operating Expenses": 38900000.0,
        "Depreciation Amortization Depletion Income Statement": 51400000.0,
        "Depreciation And Amortization In Income Statement": 51400000.0,
        "Selling General And Administration": 766700000.0,
        "Selling And Marketing Expense": 50800000.0,
        "General And Administrative Expense": 715900000.0,
        "Other Gand A": 208500000.0,
        "Salaries And Wages": 507400000.0,
        "Gross Profit": 1281900000.0,
        "Cost Of Revenue": 5415100000.0,
        "Total Revenue": 6697000000.0,
        "Operating Revenue": 6688200000.0
    },
    "2022-09-30": {
        "Tax Effect Of Unusual Items": 0.0,
        "Tax Rate For Calcs": 0.255,
        "Normalized EBITDA": 568000000.0,
        "Net Income From Continuing Operation Net Minority Interest": 352700000.0,
        "Reconciled Depreciation": 50100000.0,
        "Reconciled Cost Of Revenue": 5353200000.0,
        "EBITDA": 568000000.0,
        "EBIT": 517900000.0,
        "Net Interest Income": -44400000.0,
        "Interest Expense": 44400000.0,
        "Normalized Income": 352700000.0,
        "Net Income From Continuing And Discontinued Operation": 352600000.0,
        "Total Expenses": 6143500000.0,
        "Total Operating Income As Reported": 522500000.0,
        "Diluted Average Shares": 55900000.0,
        "Basic Average Shares": 55500000.0,
        "Diluted EPS": 6.31,
        "Basic EPS": 6.35,
        "Diluted NI Availto Com Stockholders": 352600000.0,
        "Net Income Common Stockholders": 352600000.0,
        "Net Income": 352600000.0,
        "Net Income Including Noncontrolling Interests": 352600000.0,
        "Net Income Discontinuous Operations": -100000.0,
        "Net Income Continuous Operations": 352700000.0,
        "Tax Provision": 120800000.0,
        "Pretax Income": 473500000.0,
        "Other Income Expense": -4600000.0,
        "Other Non Operating Income Expenses": -4600000.0,
        "Net Non Operating Interest Income Expense": -44400000.0,
        "Interest Expense Non Operating": 44400000.0,
        "Operating Income": 522500000.0,
        "Operating Expense": 790300000.0,
        "Other Operating Expenses": -23000000.0,
        "Depreciation Amortization Depletion Income Statement": 50100000.0,
        "Depreciation And Amortization In Income Statement": 50100000.0,
        "Selling General And Administration": 763200000.0,
        "Selling And Marketing Expense": 49100000.0,
        "General And Administrative Expense": 714100000.0,
        "Other Gand A": 199500000.0,
        "Salaries And Wages": 514600000.0,
        "Gross Profit": 1312800000.0,
        "Cost Of Revenue": 5353200000.0,
        "Total Revenue": 6666000000.0,
        "Operating Revenue": 6658400000.0
    },
    "2022-06-30": {
        "Tax Effect Of Unusual Items": 0.0,
        "Tax Rate For Calcs": 0.253717,
        "Normalized EBITDA": 593200000.0,
        "Net Income From Continuing Operation Net Minority Interest": 376500000.0,
        "Reconciled Depreciation": 48800000.0,
        "Reconciled Cost Of Revenue": 5507500000.0,
        "EBITDA": 593200000.0,
        "EBIT": 544400000.0,
        "Net Interest Income": -39900000.0,
        "Interest Expense": 39900000.0,
        "Normalized Income": 376500000.0,
        "Net Income From Continuing And Discontinued Operation": 376300000.0,
        "Total Expenses": 6311100000.0,
        "Total Operating Income As Reported": 558100000.0,
        "Diluted Average Shares": 58100000.0,
        "Basic Average Shares": 57800000.0,
        "Diluted EPS": 6.48,
        "Basic EPS": 6.51,
        "Diluted NI Availto Com Stockholders": 376300000.0,
        "Net Income Common Stockholders": 376300000.0,
        "Net Income": 376300000.0,
        "Net Income Including Noncontrolling Interests": 376300000.0,
        "Net Income Discontinuous Operations": -200000.0,
        "Net Income Continuous Operations": 376500000.0,
        "Tax Provision": 128000000.0,
        "Pretax Income": 504500000.0,
        "Other Income Expense": -13700000.0,
        "Other Non Operating Income Expenses": -13700000.0,
        "Net Non Operating Interest Income Expense": -39900000.0,
        "Interest Expense Non Operating": 39900000.0,
        "Operating Income": 558100000.0,
        "Operating Expense": 803600000.0,
        "Other Operating Expenses": NaN,
        "Depreciation Amortization Depletion Income Statement": 48800000.0,
        "Depreciation And Amortization In Income Statement": 48800000.0,
        "Selling General And Administration": 754800000.0,
        "Selling And Marketing Expense": 44500000.0,
        "General And Administrative Expense": 710300000.0,
        "Other Gand A": 186800000.0,
        "Salaries And Wages": 523500000.0,
        "Gross Profit": 1361700000.0,
        "Cost Of Revenue": 5507500000.0,
        "Total Revenue": 6869200000.0,
        "Operating Revenue": 6860100000.0
    },
    "2023-09-30": {
        "Tax Effect Of Unusual Items": NaN,
        "Tax Rate For Calcs": NaN,
        "Normalized EBITDA": NaN,
        "Net Income From Continuing Operation Net Minority Interest": NaN,
        "Reconciled Depreciation": NaN,
        "Reconciled Cost Of Revenue": NaN,
        "EBITDA": NaN,
        "EBIT": NaN,
        "Net Interest Income": NaN,
        "Interest Expense": NaN,
        "Normalized Income": NaN,
        "Net Income From Continuing And Discontinued Operation": NaN,
        "Total Expenses": NaN,
        "Total Operating Income As Reported": NaN,
        "Diluted Average Shares": 44000000.0,
        "Basic Average Shares": 43600000.0,
        "Diluted EPS": 5.54,
        "Basic EPS": 5.59,
        "Diluted NI Availto Com Stockholders": NaN,
        "Net Income Common Stockholders": NaN,
        "Net Income": NaN,
        "Net Income Including Noncontrolling Interests": NaN,
        "Net Income Discontinuous Operations": NaN,
        "Net Income Continuous Operations": NaN,
        "Tax Provision": NaN,
        "Pretax Income": NaN,
        "Other Income Expense": NaN,
        "Other Non Operating Income Expenses": NaN,
        "Net Non Operating Interest Income Expense": NaN,
        "Interest Expense Non Operating": NaN,
        "Operating Income": NaN,
        "Operating Expense": NaN,
        "Other Operating Expenses": NaN,
        "Depreciation Amortization Depletion Income Statement": NaN,
        "Depreciation And Amortization In Income Statement": NaN,
        "Selling General And Administration": NaN,
        "Selling And Marketing Expense": NaN,
        "General And Administrative Expense": NaN,
        "Other Gand A": NaN,
        "Salaries And Wages": NaN,
        "Gross Profit": NaN,
        "Cost Of Revenue": NaN,
        "Total Revenue": NaN,
        "Operating Revenue": NaN
    },
    "2023-12-31": {
        "Tax Effect Of Unusual Items": NaN,
        "Tax Rate For Calcs": NaN,
        "Normalized EBITDA": NaN,
        "Total Unusual Items": NaN,
        "Total Unusual Items Excluding Goodwill": NaN,
        "Net Income From Continuing Operation Net Minority Interest": NaN,
        "Reconciled Depreciation": NaN,
        "Reconciled Cost Of Revenue": NaN,
        "EBITDA": NaN,
        "EBIT": NaN,
        "Net Interest Income": NaN,
        "Interest Expense": NaN,
        "Interest Income": NaN,
        "Normalized Income": NaN,
        "Net Income From Continuing And Discontinued Operation": NaN,
        "Total Expenses": NaN,
        "Total Operating Income As Reported": NaN,
        "Diluted Average Shares": NaN,
        "Basic Average Shares": NaN,
        "Diluted EPS": NaN,
        "Basic EPS": NaN,
        "Diluted NI Availto Com Stockholders": NaN,
        "Net Income Common Stockholders": NaN,
        "Net Income": NaN,
        "Net Income Including Noncontrolling Interests": NaN,
        "Net Income Discontinuous Operations": 0.0,
        "Net Income Continuous Operations": NaN,
        "Tax Provision": NaN,
        "Pretax Income": NaN,
        "Other Income Expense": NaN,
        "Other Non Operating Income Expenses": NaN,
        "Special Income Charges": NaN,
        "Impairment Of Capital Assets": NaN,
        "Net Non Operating Interest Income Expense": NaN,
        "Total Other Finance Cost": NaN,
        "Interest Expense Non Operating": NaN,
        "Interest Income Non Operating": NaN,
        "Operating Income": NaN,
        "Operating Expense": NaN,
        "Other Operating Expenses": NaN,
        "Provision For Doubtful Accounts": NaN,
        "Depreciation Amortization Depletion Income Statement": NaN,
        "Depreciation And Amortization In Income Statement": NaN,
        "Selling General And Administration": NaN,
        "Selling And Marketing Expense": NaN,
        "General And Administrative Expense": NaN,
        "Other Gand A": NaN,
        "Salaries And Wages": NaN,
        "Gross Profit": NaN,
        "Cost Of Revenue": NaN,
        "Total Revenue": NaN,
        "Operating Revenue": NaN
    },
    "2024-03-31": {
        "Tax Effect Of Unusual Items": NaN,
        "Tax Rate For Calcs": NaN,
        "Normalized EBITDA": NaN,
        "Total Unusual Items": NaN,
        "Total Unusual Items Excluding Goodwill": NaN,
        "Net Income From Continuing Operation Net Minority Interest": NaN,
        "Reconciled Depreciation": NaN,
        "Reconciled Cost Of Revenue": NaN,
        "EBITDA": NaN,
        "EBIT": NaN,
        "Net Interest Income": NaN,
        "Interest Expense": NaN,
        "Interest Income": 21800000.0,
        "Normalized Income": NaN,
        "Net Income From Continuing And Discontinued Operation": NaN,
        "Total Expenses": NaN,
        "Total Operating Income As Reported": NaN,
        "Diluted Average Shares": NaN,
        "Basic Average Shares": NaN,
        "Diluted EPS": NaN,
        "Basic EPS": NaN,
        "Diluted NI Availto Com Stockholders": NaN,
        "Net Income Common Stockholders": NaN,
        "Net Income": NaN,
        "Net Income Including Noncontrolling Interests": NaN,
        "Net Income Discontinuous Operations": 0.0,
        "Net Income Continuous Operations": NaN,
        "Tax Provision": NaN,
        "Pretax Income": NaN,
        "Other Income Expense": NaN,
        "Other Non Operating Income Expenses": NaN,
        "Special Income Charges": NaN,
        "Impairment Of Capital Assets": NaN,
        "Net Non Operating Interest Income Expense": NaN,
        "Total Other Finance Cost": 9600000.0,
        "Interest Expense Non Operating": NaN,
        "Interest Income Non Operating": 21800000.0,
        "Operating Income": NaN,
        "Operating Expense": NaN,
        "Other Operating Expenses": NaN,
        "Provision For Doubtful Accounts": 10200000.0,
        "Depreciation Amortization Depletion Income Statement": NaN,
        "Depreciation And Amortization In Income Statement": NaN,
        "Selling General And Administration": NaN,
        "Selling And Marketing Expense": NaN,
        "General And Administrative Expense": NaN,
        "Other Gand A": NaN,
        "Salaries And Wages": NaN,
        "Gross Profit": NaN,
        "Cost Of Revenue": NaN,
        "Total Revenue": NaN,
        "Operating Revenue": NaN
    },
    "2024-06-30": {
        "Tax Effect Of Unusual Items": 0.0,
        "Tax Rate For Calcs": 0.252583,
        "Normalized EBITDA": 334800000.0,
        "Total Unusual Items": 0.0,
        "Total Unusual Items Excluding Goodwill": 0.0,
        "Net Income From Continuing Operation Net Minority Interest": 130200000.0,
        "Reconciled Depreciation": 59900000.0,
        "Reconciled Cost Of Revenue": 5317300000.0,
        "EBITDA": 334800000.0,
        "EBIT": 274900000.0,
        "Net Interest Income": -100000000.0,
        "Interest Expense": 100700000.0,
        "Interest Income": NaN,
        "Normalized Income": 130200000.0,
        "Net Income From Continuing And Discontinued Operation": 130200000.0,
        "Total Expenses": 6206100000.0,
        "Total Operating Income As Reported": 275000000.0,
        "Diluted Average Shares": 40700000.0,
        "Basic Average Shares": 40700000.0,
        "Diluted EPS": 3.199017,
        "Basic EPS": 3.199017,
        "Diluted NI Availto Com Stockholders": 130200000.0,
        "Net Income Common Stockholders": 130200000.0,
        "Net Income": 130200000.0,
        "Net Income Including Noncontrolling Interests": 130200000.0,
        "Net Income Discontinuous Operations": 0.0,
        "Net Income Continuous Operations": 130200000.0,
        "Tax Provision": 44000000.0,
        "Pretax Income": 174200000.0,
        "Other Income Expense": -100000.0,
        "Other Non Operating Income Expenses": -100000.0,
        "Special Income Charges": 0.0,
        "Impairment Of Capital Assets": 0.0,
        "Net Non Operating Interest Income Expense": -100000000.0,
        "Total Other Finance Cost": -700000.0,
        "Interest Expense Non Operating": 100700000.0,
        "Interest Income Non Operating": NaN,
        "Operating Income": 274300000.0,
        "Operating Expense": 888800000.0,
        "Other Operating Expenses": 3100000.0,
        "Provision For Doubtful Accounts": NaN,
        "Depreciation Amortization Depletion Income Statement": 59900000.0,
        "Depreciation And Amortization In Income Statement": 59900000.0,
        "Selling General And Administration": 825800000.0,
        "Selling And Marketing Expense": 66200000.0,
        "General And Administrative Expense": 759600000.0,
        "Other Gand A": 222600000.0,
        "Salaries And Wages": 537000000.0,
        "Gross Profit": 1163100000.0,
        "Cost Of Revenue": 5317300000.0,
        "Total Revenue": 6480400000.0,
        "Operating Revenue": 6474700000.0
    },
    "2024-09-30": {
        "Tax Effect Of Unusual Items": 0.0,
        "Tax Rate For Calcs": 0.249,
        "Normalized EBITDA": 414100000.0,
        "Total Unusual Items": NaN,
        "Total Unusual Items Excluding Goodwill": NaN,
        "Net Income From Continuing Operation Net Minority Interest": 185800000.0,
        "Reconciled Depreciation": 61300000.0,
        "Reconciled Cost Of Revenue": 5403300000.0,
        "EBITDA": 414100000.0,
        "EBIT": 352800000.0,
        "Net Interest Income": -105400000.0,
        "Interest Expense": 105400000.0,
        "Interest Income": NaN,
        "Normalized Income": 185800000.0,
        "Net Income From Continuing And Discontinued Operation": 185800000.0,
        "Total Expenses": 6235400000.0,
        "Total Operating Income As Reported": 350700000.0,
        "Diluted Average Shares": 40303688.0,
        "Basic Average Shares": 40300000.0,
        "Diluted EPS": 4.61,
        "Basic EPS": 4.610422,
        "Diluted NI Availto Com Stockholders": 185800000.0,
        "Net Income Common Stockholders": 185800000.0,
        "Net Income": 185800000.0,
        "Net Income Including Noncontrolling Interests": 185800000.0,
        "Net Income Discontinuous Operations": 0.0,
        "Net Income Continuous Operations": 185800000.0,
        "Tax Provision": 61600000.0,
        "Pretax Income": 247400000.0,
        "Other Income Expense": 2100000.0,
        "Other Non Operating Income Expenses": 2100000.0,
        "Special Income Charges": NaN,
        "Impairment Of Capital Assets": NaN,
        "Net Non Operating Interest Income Expense": -105400000.0,
        "Total Other Finance Cost": NaN,
        "Interest Expense Non Operating": 105400000.0,
        "Interest Income Non Operating": NaN,
        "Operating Income": 350700000.0,
        "Operating Expense": 832100000.0,
        "Other Operating Expenses": -40500000.0,
        "Provision For Doubtful Accounts": NaN,
        "Depreciation Amortization Depletion Income Statement": 61300000.0,
        "Depreciation And Amortization In Income Statement": 61300000.0,
        "Selling General And Administration": 811300000.0,
        "Selling And Marketing Expense": 65200000.0,
        "General And Administrative Expense": 746100000.0,
        "Other Gand A": 228000000.0,
        "Salaries And Wages": 518100000.0,
        "Gross Profit": 1182800000.0,
        "Cost Of Revenue": 5403300000.0,
        "Total Revenue": 6586100000.0,
        "Operating Revenue": 6578900000.0
    },
    "2024-12-31": {
        "Tax Effect Of Unusual Items": 0.0,
        "Tax Rate For Calcs": 0.230356,
        "Normalized EBITDA": 441300000.0,
        "Total Unusual Items": NaN,
        "Total Unusual Items Excluding Goodwill": NaN,
        "Net Income From Continuing Operation Net Minority Interest": 186100000.0,
        "Reconciled Depreciation": 61200000.0,
        "Reconciled Cost Of Revenue": 5971600000.0,
        "EBITDA": 441300000.0,
        "EBIT": 380100000.0,
        "Net Interest Income": -50300000.0,
        "Interest Expense": 138300000.0,
        "Interest Income": NaN,
        "Normalized Income": 186100000.0,
        "Net Income From Continuing And Discontinued Operation": 186100000.0,
        "Total Expenses": 6954000000.0,
        "Total Operating Income As Reported": 339500000.0,
        "Diluted Average Shares": 40107759.0,
        "Basic Average Shares": 40100000.0,
        "Diluted EPS": 4.64,
        "Basic EPS": 4.640898,
        "Diluted NI Availto Com Stockholders": 186100000.0,
        "Net Income Common Stockholders": 186100000.0,
        "Net Income": 186100000.0,
        "Net Income Including Noncontrolling Interests": 186100000.0,
        "Net Income Discontinuous Operations": 0.0,
        "Net Income Continuous Operations": 186100000.0,
        "Tax Provision": 55700000.0,
        "Pretax Income": 241800000.0,
        "Other Income Expense": 32900000.0,
        "Other Non Operating Income Expenses": 7800000.0,
        "Special Income Charges": NaN,
        "Impairment Of Capital Assets": NaN,
        "Net Non Operating Interest Income Expense": -50300000.0,
        "Total Other Finance Cost": NaN,
        "Interest Expense Non Operating": 138300000.0,
        "Interest Income Non Operating": NaN,
        "Operating Income": 259200000.0,
        "Operating Expense": 982400000.0,
        "Other Operating Expenses": 30000000.0,
        "Provision For Doubtful Accounts": NaN,
        "Depreciation Amortization Depletion Income Statement": 61200000.0,
        "Depreciation And Amortization In Income Statement": 61200000.0,
        "Selling General And Administration": 833700000.0,
        "Selling And Marketing Expense": 66000000.0,
        "General And Administrative Expense": 767700000.0,
        "Other Gand A": 231700000.0,
        "Salaries And Wages": 536000000.0,
        "Gross Profit": 1241600000.0,
        "Cost Of Revenue": 5971600000.0,
        "Total Revenue": 7213200000.0,
        "Operating Revenue": 7206700000.0
    },
    "2025-03-31": {
        "Tax Effect Of Unusual Items": 0.0,
        "Tax Rate For Calcs": 0.25,
        "Normalized EBITDA": 398500000.0,
        "Total Unusual Items": NaN,
        "Total Unusual Items Excluding Goodwill": NaN,
        "Net Income From Continuing Operation Net Minority Interest": 175500000.0,
        "Reconciled Depreciation": 61800000.0,
        "Reconciled Cost Of Revenue": 5470500000.0,
        "EBITDA": 398500000.0,
        "EBIT": 336700000.0,
        "Net Interest Income": -69800000.0,
        "Interest Expense": 102700000.0,
        "Interest Income": 41900000.0,
        "Normalized Income": 175500000.0,
        "Net Income From Continuing And Discontinued Operation": 175500000.0,
        "Total Expenses": 6373400000.0,
        "Total Operating Income As Reported": 336000000.0,
        "Diluted Average Shares": 39400000.0,
        "Basic Average Shares": 37885120.0,
        "Diluted EPS": 4.45,
        "Basic EPS": 4.632426,
        "Diluted NI Availto Com Stockholders": 175500000.0,
        "Net Income Common Stockholders": 175500000.0,
        "Net Income": 175500000.0,
        "Net Income Including Noncontrolling Interests": 175500000.0,
        "Net Income Discontinuous Operations": NaN,
        "Net Income Continuous Operations": 175500000.0,
        "Tax Provision": 58500000.0,
        "Pretax Income": 234000000.0,
        "Other Income Expense": -13200000.0,
        "Other Non Operating Income Expenses": -13200000.0,
        "Special Income Charges": NaN,
        "Impairment Of Capital Assets": NaN,
        "Net Non Operating Interest Income Expense": -69800000.0,
        "Total Other Finance Cost": 9000000.0,
        "Interest Expense Non Operating": 102700000.0,
        "Interest Income Non Operating": 41900000.0,
        "Operating Income": 317000000.0,
        "Operating Expense": 902900000.0,
        "Other Operating Expenses": 300000.0,
        "Provision For Doubtful Accounts": 18900000.0,
        "Depreciation Amortization Depletion Income Statement": 61800000.0,
        "Depreciation And Amortization In Income Statement": 61800000.0,
        "Selling General And Administration": 821900000.0,
        "Selling And Marketing Expense": 62000000.0,
        "General And Administrative Expense": 759900000.0,
        "Other Gand A": 229700000.0,
        "Salaries And Wages": 530200000.0,
        "Gross Profit": 1219900000.0,
        "Cost Of Revenue": 5470500000.0,
        "Total Revenue": 6690400000.0,
        "Operating Revenue": 6687000000.0
    },
    "2025-06-30": {
        "Tax Effect Of Unusual Items": -51473988.439306,
        "Tax Rate For Calcs": 0.375723,
        "Normalized EBITDA": 448600000.0,
        "Total Unusual Items": -137000000.0,
        "Total Unusual Items Excluding Goodwill": -137000000.0,
        "Net Income From Continuing Operation Net Minority Interest": 86400000.0,
        "Reconciled Depreciation": 63900000.0,
        "Reconciled Cost Of Revenue": 5699000000.0,
        "EBITDA": 311600000.0,
        "EBIT": 247700000.0,
        "Net Interest Income": -70300000.0,
        "Interest Expense": 109300000.0,
        "Interest Income": 48600000.0,
        "Normalized Income": 171926011.560694,
        "Net Income From Continuing And Discontinued Operation": 86400000.0,
        "Total Expenses": 6641000000.0,
        "Total Operating Income As Reported": 217600000.0,
        "Diluted Average Shares": 38300000.0,
        "Basic Average Shares": 37706017.0,
        "Diluted EPS": 2.26,
        "Basic EPS": 2.291411,
        "Diluted NI Availto Com Stockholders": 86400000.0,
        "Net Income Common Stockholders": 86400000.0,
        "Net Income": 86400000.0,
        "Net Income Including Noncontrolling Interests": 86400000.0,
        "Net Income Discontinuous Operations": NaN,
        "Net Income Continuous Operations": 86400000.0,
        "Tax Provision": 52000000.0,
        "Pretax Income": 138400000.0,
        "Other Income Expense": -124700000.0,
        "Other Non Operating Income Expenses": 12300000.0,
        "Special Income Charges": -137000000.0,
        "Impairment Of Capital Assets": 137000000.0,
        "Net Non Operating Interest Income Expense": -70300000.0,
        "Total Other Finance Cost": 9600000.0,
        "Interest Expense Non Operating": 109300000.0,
        "Interest Income Non Operating": 48600000.0,
        "Operating Income": 333400000.0,
        "Operating Expense": 942000000.0,
        "Other Operating Expenses": 4200000.0,
        "Provision For Doubtful Accounts": 19200000.0,
        "Depreciation Amortization Depletion Income Statement": 63900000.0,
        "Depreciation And Amortization In Income Statement": 63900000.0,
        "Selling General And Administration": 854700000.0,
        "Selling And Marketing Expense": 65500000.0,
        "General And Administrative Expense": 789200000.0,
        "Other Gand A": 220000000.0,
        "Salaries And Wages": 569200000.0,
        "Gross Profit": 1275400000.0,
        "Cost Of Revenue": 5699000000.0,
        "Total Revenue": 6974400000.0,
        "Operating Revenue": 6970100000.0
    }
}