{
    "2023-03-31": {
        "Tax Effect Of Unusual Items": NaN,
        "Tax Rate For Calcs": NaN,
        "Normalized EBITDA": NaN,
        "Net Income From Continuing Operation Net Minority Interest": NaN,
        "Reconciled Depreciation": NaN,
        "EBITDA": NaN,
        "EBIT": NaN,
        "Net Interest Income": NaN,
        "Interest Expense": NaN,
        "Interest Income": NaN,
        "Normalized Income": NaN,
        "Net Income From Continuing And Discontinued Operation": NaN,
        "Total Expenses": NaN,
        "Total Operating Income As Reported": NaN,
        "Diluted Average Shares": NaN,
        "Basic Average Shares": NaN,
        "Diluted EPS": NaN,
        "Basic EPS": NaN,
        "Diluted NI Availto Com Stockholders": NaN,
        "Net Income Common Stockholders": NaN,
        "Net Income": NaN,
        "Net Income Including Noncontrolling Interests": NaN,
        "Net Income Continuous Operations": NaN,
        "Tax Provision": NaN,
        "Pretax Income": NaN,
        "Other Income Expense": -4000.0,
        "Other Non Operating Income Expenses": -4000.0,
        "Net Non Operating Interest Income Expense": NaN,
        "Interest Expense Non Operating": NaN,
        "Interest Income Non Operating": NaN,
        "Operating Income": NaN,
        "Operating Expense": NaN,
        "Research And Development": NaN,
        "Selling General And Administration": NaN,
        "General And Administrative Expense": NaN,
        "Other Gand A": NaN,
        "Total Revenue": NaN,
        "Operating Revenue": NaN
    },
    "2022-12-31": {
        "Tax Effect Of Unusual Items": NaN,
        "Tax Rate For Calcs": NaN,
        "Normalized EBITDA": NaN,
        "Net Income From Continuing Operation Net Minority Interest": NaN,
        "Reconciled Depreciation": NaN,
        "EBITDA": NaN,
        "EBIT": NaN,
        "Net Interest Income": NaN,
        "Interest Expense": NaN,
        "Interest Income": NaN,
        "Normalized Income": NaN,
        "Net Income From Continuing And Discontinued Operation": NaN,
        "Total Expenses": NaN,
        "Total Operating Income As Reported": NaN,
        "Diluted Average Shares": NaN,
        "Basic Average Shares": NaN,
        "Diluted EPS": NaN,
        "Basic EPS": NaN,
        "Diluted NI Availto Com Stockholders": NaN,
        "Net Income Common Stockholders": NaN,
        "Net Income": NaN,
        "Net Income Including Noncontrolling Interests": NaN,
        "Net Income Continuous Operations": NaN,
        "Tax Provision": NaN,
        "Pretax Income": NaN,
        "Other Income Expense": -4000.0,
        "Other Non Operating Income Expenses": -4000.0,
        "Net Non Operating Interest Income Expense": NaN,
        "Interest Expense Non Operating": NaN,
        "Interest Income Non Operating": NaN,
        "Operating Income": NaN,
        "Operating Expense": NaN,
        "Research And Development": NaN,
        "Selling General And Administration": NaN,
        "General And Administrative Expense": NaN,
        "Other Gand A": NaN,
        "Total Revenue": NaN,
        "Operating Revenue": NaN
    },
    "2022-09-30": {
        "Tax Effect Of Unusual Items": 0.0,
        "Tax Rate For Calcs": 0.0,
        "Normalized EBITDA": -26782000.0,
        "Net Income From Continuing Operation Net Minority Interest": -33502000.0,
        "Reconciled Depreciation": 585000.0,
        "EBITDA": -26782000.0,
        "EBIT": -27367000.0,
        "Net Interest Income": -3873000.0,
        "Interest Expense": 6135000.0,
        "Interest Income": 2262000.0,
        "Normalized Income": -33502000.0,
        "Net Income From Continuing And Discontinued Operation": -33502000.0,
        "Total Expenses": 30926000.0,
        "Total Operating Income As Reported": -29633000.0,
        "Diluted Average Shares": 28289000.0,
        "Basic Average Shares": 28289000.0,
        "Diluted EPS": -1.18,
        "Basic EPS": -1.18,
        "Diluted NI Availto Com Stockholders": -33502000.0,
        "Net Income Common Stockholders": -33502000.0,
        "Net Income": -33502000.0,
        "Net Income Including Noncontrolling Interests": -33502000.0,
        "Net Income Continuous Operations": -33502000.0,
        "Tax Provision": NaN,
        "Pretax Income": -33502000.0,
        "Other Income Expense": 4000.0,
        "Other Non Operating Income Expenses": 4000.0,
        "Net Non Operating Interest Income Expense": -3873000.0,
        "Interest Expense Non Operating": 6135000.0,
        "Interest Income Non Operating": 2262000.0,
        "Operating Income": -29633000.0,
        "Operating Expense": 30926000.0,
        "Research And Development": 22064000.0,
        "Selling General And Administration": 8862000.0,
        "General And Administrative Expense": 8862000.0,
        "Other Gand A": 8862000.0,
        "Total Revenue": 1293000.0,
        "Operating Revenue": 1293000.0
    },
    "2022-06-30": {
        "Tax Effect Of Unusual Items": 0.0,
        "Tax Rate For Calcs": 0.0,
        "Normalized EBITDA": -26115000.0,
        "Net Income From Continuing Operation Net Minority Interest": -32554000.0,
        "Reconciled Depreciation": 571000.0,
        "EBITDA": -26115000.0,
        "EBIT": -26686000.0,
        "Net Interest Income": -4761000.0,
        "Interest Expense": 5868000.0,
        "Interest Income": 1107000.0,
        "Normalized Income": -32554000.0,
        "Net Income From Continuing And Discontinued Operation": -32554000.0,
        "Total Expenses": 29015000.0,
        "Total Operating Income As Reported": -27799000.0,
        "Diluted Average Shares": 28204000.0,
        "Basic Average Shares": 28204000.0,
        "Diluted EPS": -1.15,
        "Basic EPS": -1.15,
        "Diluted NI Availto Com Stockholders": -32554000.0,
        "Net Income Common Stockholders": -32554000.0,
        "Net Income": -32554000.0,
        "Net Income Including Noncontrolling Interests": -32554000.0,
        "Net Income Continuous Operations": -32554000.0,
        "Tax Provision": NaN,
        "Pretax Income": -32554000.0,
        "Other Income Expense": 6000.0,
        "Other Non Operating Income Expenses": 6000.0,
        "Net Non Operating Interest Income Expense": -4761000.0,
        "Interest Expense Non Operating": 5868000.0,
        "Interest Income Non Operating": 1107000.0,
        "Operating Income": -27799000.0,
        "Operating Expense": 29015000.0,
        "Research And Development": 20844000.0,
        "Selling General And Administration": 8171000.0,
        "General And Administrative Expense": 8171000.0,
        "Other Gand A": 8171000.0,
        "Total Revenue": 1216000.0,
        "Operating Revenue": 1216000.0
    },
    "2022-03-31": {
        "Diluted EPS": -1.31,
        "Total Revenue": 1,
        "Gross Profit": 1,
        "Operating Income": -32,
        "EBIT": -31,
        "Net Income": -36
    },
    "2021-12-31": {
        "Diluted EPS": -1.19,
        "Total Revenue": 1,
        "Gross Profit": 1,
        "Operating Income": -31,
        "EBIT": -31,
        "Net Income": -33
    },
    "2021-09-30": {
        "Diluted EPS": -0.24,
        "Total Revenue": 21,
        "Gross Profit": 21,
        "Operating Income": -7,
        "EBIT": -6,
        "Net Income": -7
    },
    "2021-06-30": {
        "Diluted EPS": -0.02,
        "Total Revenue": 30,
        "Gross Profit": 30,
        "Operating Income": -1,
        "EBIT": 0,
        "Net Income": 0
    },
    "2021-03-31": {
        "Diluted EPS": -0.66,
        "Total Revenue": 11,
        "Gross Profit": 11,
        "Operating Income": -18,
        "EBIT": -18,
        "Net Income": -18
    },
    "2020-12-31": {
        "Diluted EPS": 1.23,
        "Total Revenue": 60,
        "Gross Profit": 60,
        "Operating Income": 33,
        "EBIT": 34,
        "Net Income": 34
    },
    "2020-09-30": {
        "Diluted EPS": -0.87,
        "Total Revenue": NaN,
        "Gross Profit": NaN,
        "Operating Income": -24,
        "EBIT": -24,
        "Net Income": -24
    },
    "2020-06-30": {
        "Diluted EPS": -0.79,
        "Total Revenue": NaN,
        "Gross Profit": NaN,
        "Operating Income": -23,
        "EBIT": -22,
        "Net Income": -22
    },
    "2020-03-31": {
        "Diluted EPS": -0.3,
        "Total Revenue": 15,
        "Gross Profit": 15,
        "Operating Income": -10,
        "EBIT": -10,
        "Net Income": -8
    },
    "2019-12-31": {
        "Diluted EPS": -0.74,
        "Total Revenue": 3,
        "Gross Profit": 3,
        "Operating Income": -22,
        "EBIT": -24,
        "Net Income": -20
    },
    "2019-09-30": {
        "Diluted EPS": -1.15,
        "Total Revenue": NaN,
        "Gross Profit": NaN,
        "Operating Income": -34,
        "EBIT": -34,
        "Net Income": -31
    },
    "2019-06-30": {
        "Diluted EPS": -0.89,
        "Total Revenue": 5,
        "Gross Profit": 5,
        "Operating Income": -27,
        "EBIT": -27,
        "Net Income": -24
    },
    "2019-03-31": {
        "Diluted EPS": -0.82,
        "Total Revenue": NaN,
        "Gross Profit": NaN,
        "Operating Income": -25,
        "EBIT": -25,
        "Net Income": -22
    },
    "2018-12-31": {
        "Diluted EPS": -0.64,
        "Total Revenue": NaN,
        "Gross Profit": NaN,
        "Operating Income": -20,
        "EBIT": -21,
        "Net Income": -17
    },
    "2018-09-30": {
        "Diluted EPS": -0.66,
        "Total Revenue": 5,
        "Gross Profit": 5,
        "Operating Income": -17,
        "EBIT": -17,
        "Net Income": -16
    },
    "2018-06-30": {
        "Diluted EPS": -0.57,
        "Total Revenue": NaN,
        "Gross Profit": NaN,
        "Operating Income": -14,
        "EBIT": -14,
        "Net Income": -14
    },
    "2018-03-31": {
        "Diluted EPS": -0.63,
        "Total Revenue": NaN,
        "Gross Profit": NaN,
        "Operating Income": -16,
        "EBIT": -16,
        "Net Income": -15
    },
    "2017-12-31": {
        "Diluted EPS": -0.19,
        "Total Revenue": 3,
        "Gross Profit": 3,
        "Operating Income": -7,
        "EBIT": -7,
        "Net Income": -7
    },
    "2017-09-30": {
        "Diluted EPS": -0.45,
        "Total Revenue": NaN,
        "Gross Profit": NaN,
        "Operating Income": -9,
        "EBIT": -9,
        "Net Income": -9
    },
    "2017-06-30": {
        "Diluted EPS": -0.13,
        "Total Revenue": 7,
        "Gross Profit": 7,
        "Operating Income": -3,
        "EBIT": -3,
        "Net Income": -3
    },
    "2017-03-31": {
        "Diluted EPS": -0.75,
        "Total Revenue": NaN,
        "Gross Profit": NaN,
        "Operating Income": -10,
        "EBIT": -10,
        "Net Income": -11
    },
    "2016-12-31": {
        "Diluted EPS": -0.91,
        "Total Revenue": 3,
        "Gross Profit": 3,
        "Operating Income": -3,
        "EBIT": -3,
        "Net Income": -5
    },
    "2016-09-30": {
        "Diluted EPS": -0.42,
        "Total Revenue": 3,
        "Gross Profit": 3,
        "Operating Income": -1,
        "EBIT": -1,
        "Net Income": -1
    },
    "2016-06-30": {
        "Diluted EPS": 0.05,
        "Total Revenue": 6,
        "Gross Profit": 6,
        "Operating Income": 2,
        "EBIT": 2,
        "Net Income": 0
    },
    "2016-03-31": {
        "Diluted EPS": -0.34,
        "Total Revenue": 5,
        "Gross Profit": 5,
        "Operating Income": -1,
        "EBIT": -1,
        "Net Income": -1
    },
    "2015-12-31": {
        "Diluted EPS": 0.0,
        "Total Revenue": NaN,
        "Gross Profit": NaN,
        "Operating Income": NaN,
        "EBIT": NaN,
        "Net Income": NaN
    },
    "2014-12-31": {
        "Diluted EPS": 0.0,
        "Total Revenue": NaN,
        "Gross Profit": NaN,
        "Operating Income": NaN,
        "EBIT": NaN,
        "Net Income": NaN
    },
    "2013-12-31": {
        "Diluted EPS": 0.0,
        "Total Revenue": NaN,
        "Gross Profit": NaN,
        "Operating Income": NaN,
        "EBIT": NaN,
        "Net Income": NaN
    },
    "2023-06-30": {
        "Tax Effect Of Unusual Items": NaN,
        "Tax Rate For Calcs": NaN,
        "Normalized EBITDA": NaN,
        "Net Income From Continuing Operation Net Minority Interest": NaN,
        "Reconciled Depreciation": NaN,
        "EBITDA": NaN,
        "EBIT": NaN,
        "Net Interest Income": NaN,
        "Interest Expense": NaN,
        "Interest Income": NaN,
        "Normalized Income": NaN,
        "Net Income From Continuing And Discontinued Operation": NaN,
        "Total Expenses": NaN,
        "Total Operating Income As Reported": NaN,
        "Diluted Average Shares": 26629000.0,
        "Basic Average Shares": 26629000.0,
        "Diluted EPS": -1.5,
        "Basic EPS": -1.5,
        "Diluted NI Availto Com Stockholders": NaN,
        "Net Income Common Stockholders": NaN,
        "Net Income": NaN,
        "Net Income Including Noncontrolling Interests": NaN,
        "Net Income Continuous Operations": NaN,
        "Tax Provision": 0.0,
        "Pretax Income": NaN,
        "Other Income Expense": 3000.0,
        "Other Non Operating Income Expenses": 3000.0,
        "Net Non Operating Interest Income Expense": NaN,
        "Interest Expense Non Operating": NaN,
        "Interest Income Non Operating": NaN,
        "Operating Income": NaN,
        "Operating Expense": NaN,
        "Research And Development": NaN,
        "Selling General And Administration": NaN,
        "General And Administrative Expense": NaN,
        "Other Gand A": NaN,
        "Total Revenue": NaN,
        "Operating Revenue": NaN
    },
    "2023-09-30": {
        "Tax Effect Of Unusual Items": NaN,
        "Tax Rate For Calcs": NaN,
        "Normalized EBITDA": NaN,
        "Net Income From Continuing Operation Net Minority Interest": NaN,
        "Reconciled Depreciation": NaN,
        "EBITDA": NaN,
        "EBIT": NaN,
        "Net Interest Income": NaN,
        "Interest Expense": NaN,
        "Interest Income": NaN,
        "Normalized Income": NaN,
        "Net Income From Continuing And Discontinued Operation": NaN,
        "Total Expenses": NaN,
        "Total Operating Income As Reported": NaN,
        "Diluted Average Shares": NaN,
        "Basic Average Shares": NaN,
        "Diluted EPS": NaN,
        "Basic EPS": NaN,
        "Diluted NI Availto Com Stockholders": NaN,
        "Net Income Common Stockholders": NaN,
        "Net Income": NaN,
        "Net Income Including Noncontrolling Interests": NaN,
        "Net Income Continuous Operations": NaN,
        "Tax Provision": NaN,
        "Pretax Income": NaN,
        "Other Income Expense": 1000.0,
        "Other Non Operating Income Expenses": 1000.0,
        "Net Non Operating Interest Income Expense": NaN,
        "Interest Expense Non Operating": NaN,
        "Interest Income Non Operating": NaN,
        "Operating Income": NaN,
        "Operating Expense": NaN,
        "Research And Development": NaN,
        "Selling General And Administration": NaN,
        "General And Administrative Expense": NaN,
        "Other Gand A": NaN,
        "Total Revenue": NaN,
        "Operating Revenue": NaN
    },
    "2023-12-31": {
        "Tax Effect Of Unusual Items": 0.0,
        "Tax Rate For Calcs": 0.0,
        "Normalized EBITDA": -36653000.0,
        "Net Income From Continuing Operation Net Minority Interest": -42211000.0,
        "Reconciled Depreciation": 604000.0,
        "EBITDA": -36653000.0,
        "EBIT": -37257000.0,
        "Net Interest Income": -78000.0,
        "Interest Expense": 4958000.0,
        "Interest Income": 4880000.0,
        "Normalized Income": -42211000.0,
        "Net Income From Continuing And Discontinued Operation": -42211000.0,
        "Total Expenses": 43801000.0,
        "Total Operating Income As Reported": -42135000.0,
        "Diluted Average Shares": NaN,
        "Basic Average Shares": NaN,
        "Diluted EPS": NaN,
        "Basic EPS": NaN,
        "Diluted NI Availto Com Stockholders": -42211000.0,
        "Net Income Common Stockholders": -42211000.0,
        "Net Income": -42211000.0,
        "Net Income Including Noncontrolling Interests": -42211000.0,
        "Net Income Continuous Operations": -42211000.0,
        "Tax Provision": NaN,
        "Pretax Income": -42215000.0,
        "Other Income Expense": NaN,
        "Other Non Operating Income Expenses": NaN,
        "Net Non Operating Interest Income Expense": -78000.0,
        "Interest Expense Non Operating": 4958000.0,
        "Interest Income Non Operating": 4880000.0,
        "Operating Income": -34796000.0,
        "Operating Expense": 43801000.0,
        "Research And Development": 33525000.0,
        "Selling General And Administration": 10276000.0,
        "General And Administrative Expense": 10276000.0,
        "Other Gand A": 10276000.0,
        "Total Revenue": 9005000.0,
        "Operating Revenue": 9005000.0
    },
    "2024-03-31": {
        "Tax Effect Of Unusual Items": NaN,
        "Tax Rate For Calcs": NaN,
        "Normalized EBITDA": NaN,
        "Net Income From Continuing Operation Net Minority Interest": NaN,
        "Reconciled Depreciation": NaN,
        "EBITDA": NaN,
        "EBIT": NaN,
        "Net Interest Income": NaN,
        "Interest Expense": NaN,
        "Interest Income": NaN,
        "Normalized Income": NaN,
        "Net Income From Continuing And Discontinued Operation": NaN,
        "Total Expenses": NaN,
        "Total Operating Income As Reported": NaN,
        "Diluted Average Shares": NaN,
        "Basic Average Shares": NaN,
        "Diluted EPS": NaN,
        "Basic EPS": NaN,
        "Diluted NI Availto Com Stockholders": NaN,
        "Net Income Common Stockholders": NaN,
        "Net Income": NaN,
        "Net Income Including Noncontrolling Interests": NaN,
        "Net Income Continuous Operations": NaN,
        "Tax Provision": NaN,
        "Pretax Income": NaN,
        "Other Income Expense": -2000.0,
        "Other Non Operating Income Expenses": -2000.0,
        "Net Non Operating Interest Income Expense": NaN,
        "Interest Expense Non Operating": NaN,
        "Interest Income Non Operating": NaN,
        "Operating Income": NaN,
        "Operating Expense": NaN,
        "Research And Development": NaN,
        "Selling General And Administration": NaN,
        "General And Administrative Expense": NaN,
        "Other Gand A": NaN,
        "Total Revenue": NaN,
        "Operating Revenue": NaN
    },
    "2024-06-30": {
        "Tax Effect Of Unusual Items": 0.0,
        "Tax Rate For Calcs": 0.21,
        "Normalized EBITDA": -35103000.0,
        "Net Income From Continuing Operation Net Minority Interest": -46660000.0,
        "Reconciled Depreciation": 595000.0,
        "EBITDA": -35103000.0,
        "EBIT": -35698000.0,
        "Net Interest Income": -6330000.0,
        "Interest Expense": 10953000.0,
        "Interest Income": 4623000.0,
        "Normalized Income": -46660000.0,
        "Net Income From Continuing And Discontinued Operation": -46660000.0,
        "Total Expenses": 51292000.0,
        "Total Operating Income As Reported": -40321000.0,
        "Diluted Average Shares": 27356000.0,
        "Basic Average Shares": 27356000.0,
        "Diluted EPS": -1.71,
        "Basic EPS": -1.71,
        "Diluted NI Availto Com Stockholders": -46660000.0,
        "Net Income Common Stockholders": -46660000.0,
        "Net Income": -46660000.0,
        "Net Income Including Noncontrolling Interests": -46660000.0,
        "Net Income Continuous Operations": -46660000.0,
        "Tax Provision": 9000.0,
        "Pretax Income": -46651000.0,
        "Other Income Expense": NaN,
        "Other Non Operating Income Expenses": NaN,
        "Net Non Operating Interest Income Expense": -6330000.0,
        "Interest Expense Non Operating": 10953000.0,
        "Interest Income Non Operating": 4623000.0,
        "Operating Income": -40321000.0,
        "Operating Expense": 51292000.0,
        "Research And Development": 41997000.0,
        "Selling General And Administration": 9295000.0,
        "General And Administrative Expense": 9295000.0,
        "Other Gand A": 9295000.0,
        "Total Revenue": 10971000.0,
        "Operating Revenue": 10971000.0
    },
    "2024-09-30": {
        "Tax Effect Of Unusual Items": 0.0,
        "Tax Rate For Calcs": 0.0,
        "Normalized EBITDA": -16842000.0,
        "Net Income From Continuing Operation Net Minority Interest": -32851000.0,
        "Reconciled Depreciation": 596000.0,
        "EBITDA": -16842000.0,
        "EBIT": -17438000.0,
        "Net Interest Income": -10089000.0,
        "Interest Expense": 15413000.0,
        "Interest Income": 5324000.0,
        "Normalized Income": -32851000.0,
        "Net Income From Continuing And Discontinued Operation": -32851000.0,
        "Total Expenses": 52774000.0,
        "Total Operating Income As Reported": -22757000.0,
        "Diluted Average Shares": 28893000.0,
        "Basic Average Shares": 28893000.0,
        "Diluted EPS": -1.14,
        "Basic EPS": -1.14,
        "Diluted NI Availto Com Stockholders": -32851000.0,
        "Net Income Common Stockholders": -32851000.0,
        "Net Income": -32851000.0,
        "Net Income Including Noncontrolling Interests": -32851000.0,
        "Net Income Continuous Operations": -32851000.0,
        "Tax Provision": 0.0,
        "Pretax Income": -32851000.0,
        "Other Income Expense": -5000.0,
        "Other Non Operating Income Expenses": -5000.0,
        "Net Non Operating Interest Income Expense": -10089000.0,
        "Interest Expense Non Operating": 15413000.0,
        "Interest Income Non Operating": 5324000.0,
        "Operating Income": -22757000.0,
        "Operating Expense": 52774000.0,
        "Research And Development": 42212000.0,
        "Selling General And Administration": 10562000.0,
        "General And Administrative Expense": 10562000.0,
        "Other Gand A": 10562000.0,
        "Total Revenue": 30017000.0,
        "Operating Revenue": 30017000.0
    },
    "2024-12-31": {
        "Tax Effect Of Unusual Items": 0.0,
        "Tax Rate For Calcs": 0.000275,
        "Normalized EBITDA": -3785000.0,
        "Net Income From Continuing Operation Net Minority Interest": -21784000.0,
        "Reconciled Depreciation": 601000.0,
        "EBITDA": -3785000.0,
        "EBIT": -4386000.0,
        "Net Interest Income": -12141000.0,
        "Interest Expense": 17404000.0,
        "Interest Income": 5263000.0,
        "Normalized Income": -21784000.0,
        "Net Income From Continuing And Discontinued Operation": -21784000.0,
        "Total Expenses": 52783000.0,
        "Total Operating Income As Reported": -9670000.0,
        "Diluted Average Shares": 30448000.0,
        "Basic Average Shares": 30448000.0,
        "Diluted EPS": -0.72,
        "Basic EPS": -0.72,
        "Diluted NI Availto Com Stockholders": -21784000.0,
        "Net Income Common Stockholders": -21784000.0,
        "Net Income": -21784000.0,
        "Net Income Including Noncontrolling Interests": -21784000.0,
        "Net Income Continuous Operations": -21784000.0,
        "Tax Provision": -6000.0,
        "Pretax Income": -21790000.0,
        "Other Income Expense": 21000.0,
        "Other Non Operating Income Expenses": 21000.0,
        "Net Non Operating Interest Income Expense": -12141000.0,
        "Interest Expense Non Operating": 17404000.0,
        "Interest Income Non Operating": 5263000.0,
        "Operating Income": -9670000.0,
        "Operating Expense": 52783000.0,
        "Research And Development": 42589000.0,
        "Selling General And Administration": 10194000.0,
        "General And Administrative Expense": 10194000.0,
        "Other Gand A": 10194000.0,
        "Total Revenue": 43113000.0,
        "Operating Revenue": 43113000.0
    },
    "2025-03-31": {
        "Tax Effect Of Unusual Items": 0.0,
        "Tax Rate For Calcs": 0.21,
        "Normalized EBITDA": -20618000.0,
        "Net Income From Continuing Operation Net Minority Interest": -39329000.0,
        "Reconciled Depreciation": 606000.0,
        "EBITDA": -20618000.0,
        "EBIT": -21224000.0,
        "Net Interest Income": -13648000.0,
        "Interest Expense": 18061000.0,
        "Interest Income": 4413000.0,
        "Normalized Income": -39329000.0,
        "Net Income From Continuing And Discontinued Operation": -39329000.0,
        "Total Expenses": 55310000.0,
        "Total Operating Income As Reported": -27539000.0,
        "Diluted Average Shares": 30644000.0,
        "Basic Average Shares": 30644000.0,
        "Diluted EPS": -1.28,
        "Basic EPS": -1.28,
        "Diluted NI Availto Com Stockholders": -39329000.0,
        "Net Income Common Stockholders": -39329000.0,
        "Net Income": -39329000.0,
        "Net Income Including Noncontrolling Interests": -39329000.0,
        "Net Income Continuous Operations": -39329000.0,
        "Tax Provision": 44000.0,
        "Pretax Income": -39285000.0,
        "Other Income Expense": 1902000.0,
        "Other Non Operating Income Expenses": 1902000.0,
        "Net Non Operating Interest Income Expense": -13648000.0,
        "Interest Expense Non Operating": 18061000.0,
        "Interest Income Non Operating": 4413000.0,
        "Operating Income": -27539000.0,
        "Operating Expense": 55310000.0,
        "Research And Development": 41180000.0,
        "Selling General And Administration": 14130000.0,
        "General And Administrative Expense": 14130000.0,
        "Other Gand A": 14130000.0,
        "Total Revenue": 27771000.0,
        "Operating Revenue": 27771000.0
    },
    "2025-06-30": {
        "Tax Effect Of Unusual Items": 0.0,
        "Tax Rate For Calcs": 0.21,
        "Normalized EBITDA": -18384000.0,
        "Net Income From Continuing Operation Net Minority Interest": -38630000.0,
        "Reconciled Depreciation": 601000.0,
        "EBITDA": -18384000.0,
        "EBIT": -18985000.0,
        "Net Interest Income": -15952000.0,
        "Interest Expense": 19606000.0,
        "Interest Income": 3654000.0,
        "Normalized Income": -38630000.0,
        "Net Income From Continuing And Discontinued Operation": -38630000.0,
        "Total Expenses": 48433000.0,
        "Total Operating Income As Reported": -26170000.0,
        "Diluted Average Shares": 28810000.0,
        "Basic Average Shares": 28810000.0,
        "Diluted EPS": -1.34,
        "Basic EPS": -1.34,
        "Diluted NI Availto Com Stockholders": -38630000.0,
        "Net Income Common Stockholders": -38630000.0,
        "Net Income": -38630000.0,
        "Net Income Including Noncontrolling Interests": -38630000.0,
        "Net Income Continuous Operations": -38630000.0,
        "Tax Provision": 39000.0,
        "Pretax Income": -38591000.0,
        "Other Income Expense": 3531000.0,
        "Other Non Operating Income Expenses": 3531000.0,
        "Net Non Operating Interest Income Expense": -15952000.0,
        "Interest Expense Non Operating": 19606000.0,
        "Interest Income Non Operating": 3654000.0,
        "Operating Income": -26170000.0,
        "Operating Expense": 48433000.0,
        "Research And Development": 37824000.0,
        "Selling General And Administration": 10609000.0,
        "General And Administrative Expense": 10609000.0,
        "Other Gand A": 10609000.0,
        "Total Revenue": 22263000.0,
        "Operating Revenue": 22263000.0
    }
}