{
    "2023-03-31": {
        "Tax Effect Of Unusual Items": NaN,
        "Tax Rate For Calcs": NaN,
        "Normalized EBITDA": NaN,
        "Net Income From Continuing Operation Net Minority Interest": NaN,
        "EBITDA": NaN,
        "EBIT": NaN,
        "Net Interest Income": 79152.0,
        "Interest Expense": 0.0,
        "Interest Income": 79152.0,
        "Normalized Income": NaN,
        "Net Income From Continuing And Discontinued Operation": NaN,
        "Total Expenses": NaN,
        "Total Operating Income As Reported": NaN,
        "Diluted Average Shares": 25633217.0,
        "Basic Average Shares": 25633217.0,
        "Diluted EPS": -0.11,
        "Basic EPS": -0.11,
        "Diluted NI Availto Com Stockholders": NaN,
        "Net Income Common Stockholders": NaN,
        "Net Income": NaN,
        "Net Income Including Noncontrolling Interests": NaN,
        "Net Income Continuous Operations": NaN,
        "Pretax Income": NaN,
        "Other Income Expense": NaN,
        "Other Non Operating Income Expenses": NaN,
        "Net Non Operating Interest Income Expense": 79152.0,
        "Interest Expense Non Operating": 0.0,
        "Interest Income Non Operating": 79152.0,
        "Operating Income": NaN,
        "Operating Expense": NaN,
        "Research And Development": NaN,
        "Selling General And Administration": NaN,
        "General And Administrative Expense": NaN,
        "Other Gand A": NaN,
        "Salaries And Wages": NaN,
        "Total Revenue": NaN,
        "Operating Revenue": NaN
    },
    "2022-12-31": {
        "Tax Effect Of Unusual Items": NaN,
        "Tax Rate For Calcs": NaN,
        "Normalized EBITDA": NaN,
        "Net Income From Continuing Operation Net Minority Interest": NaN,
        "EBITDA": NaN,
        "EBIT": NaN,
        "Net Interest Income": NaN,
        "Interest Expense": 0.0,
        "Interest Income": NaN,
        "Normalized Income": NaN,
        "Net Income From Continuing And Discontinued Operation": NaN,
        "Total Expenses": NaN,
        "Total Operating Income As Reported": NaN,
        "Diluted Average Shares": NaN,
        "Basic Average Shares": NaN,
        "Diluted EPS": NaN,
        "Basic EPS": NaN,
        "Diluted NI Availto Com Stockholders": NaN,
        "Net Income Common Stockholders": NaN,
        "Net Income": NaN,
        "Net Income Including Noncontrolling Interests": NaN,
        "Net Income Continuous Operations": NaN,
        "Pretax Income": NaN,
        "Other Income Expense": NaN,
        "Other Non Operating Income Expenses": NaN,
        "Net Non Operating Interest Income Expense": NaN,
        "Interest Expense Non Operating": 0.0,
        "Interest Income Non Operating": NaN,
        "Operating Income": NaN,
        "Operating Expense": NaN,
        "Research And Development": NaN,
        "Selling General And Administration": NaN,
        "General And Administrative Expense": NaN,
        "Other Gand A": NaN,
        "Salaries And Wages": NaN,
        "Total Revenue": NaN,
        "Operating Revenue": NaN
    },
    "2022-09-30": {
        "Tax Effect Of Unusual Items": 0.0,
        "Tax Rate For Calcs": 0.0,
        "Normalized EBITDA": -2612047.0,
        "Net Income From Continuing Operation Net Minority Interest": -2611835.0,
        "EBITDA": -2612047.0,
        "EBIT": -2612047.0,
        "Net Interest Income": NaN,
        "Interest Income": NaN,
        "Normalized Income": -2611835.0,
        "Net Income From Continuing And Discontinued Operation": -2611835.0,
        "Total Expenses": 2612047.0,
        "Total Operating Income As Reported": -2612047.0,
        "Diluted Average Shares": 23416495.0,
        "Basic Average Shares": 23416495.0,
        "Diluted EPS": -0.11,
        "Basic EPS": -0.11,
        "Diluted NI Availto Com Stockholders": -2611835.0,
        "Net Income Common Stockholders": -2611835.0,
        "Net Income": -2611835.0,
        "Net Income Including Noncontrolling Interests": -2611835.0,
        "Net Income Continuous Operations": -2611835.0,
        "Pretax Income": -2611835.0,
        "Other Income Expense": 212.0,
        "Other Non Operating Income Expenses": 212.0,
        "Net Non Operating Interest Income Expense": NaN,
        "Interest Income Non Operating": NaN,
        "Operating Income": -2612047.0,
        "Operating Expense": 2612047.0,
        "Research And Development": 1223776.0,
        "Selling General And Administration": 1388271.0,
        "General And Administrative Expense": 1388271.0,
        "Other Gand A": 578863.0,
        "Salaries And Wages": 809408.0,
        "Total Revenue": 0.0,
        "Operating Revenue": 0.0
    },
    "2022-06-30": {
        "Tax Effect Of Unusual Items": 0.0,
        "Tax Rate For Calcs": 0.0,
        "Normalized EBITDA": -2322742.0,
        "Net Income From Continuing Operation Net Minority Interest": -2322742.0,
        "EBITDA": -2322742.0,
        "EBIT": -2322742.0,
        "Net Interest Income": 1929.0,
        "Interest Expense": 0.0,
        "Interest Income": 1929.0,
        "Normalized Income": -2322742.0,
        "Net Income From Continuing And Discontinued Operation": -2322742.0,
        "Total Expenses": 2325484.0,
        "Total Operating Income As Reported": -2325484.0,
        "Diluted Average Shares": 23344567.0,
        "Basic Average Shares": 23344567.0,
        "Diluted EPS": -0.1,
        "Basic EPS": -0.1,
        "Diluted NI Availto Com Stockholders": -2322742.0,
        "Net Income Common Stockholders": -2322742.0,
        "Otherunder Preferred Stock Dividend": 0.0,
        "Net Income": -2322742.0,
        "Net Income Including Noncontrolling Interests": -2322742.0,
        "Net Income Continuous Operations": -2322742.0,
        "Pretax Income": -2322742.0,
        "Other Income Expense": 813.0,
        "Other Non Operating Income Expenses": 813.0,
        "Net Non Operating Interest Income Expense": 1929.0,
        "Interest Expense Non Operating": 0.0,
        "Interest Income Non Operating": 1929.0,
        "Operating Income": -2325484.0,
        "Operating Expense": 2325484.0,
        "Research And Development": 1118141.0,
        "Selling General And Administration": 1207343.0,
        "General And Administrative Expense": 1207343.0,
        "Other Gand A": 1207343.0,
        "Salaries And Wages": 1901418.0,
        "Total Revenue": 0.0,
        "Operating Revenue": 0.0
    },
    "2022-03-31": {
        "Diluted EPS": -0.08,
        "Total Revenue": NaN,
        "Gross Profit": NaN,
        "Operating Income": -2,
        "EBIT": -2,
        "Net Income": -2
    },
    "2021-12-31": {
        "Diluted EPS": -0.05,
        "Total Revenue": NaN,
        "Gross Profit": NaN,
        "Operating Income": -1,
        "EBIT": -1,
        "Net Income": -1
    },
    "2021-09-30": {
        "Diluted EPS": -0.07,
        "Total Revenue": NaN,
        "Gross Profit": NaN,
        "Operating Income": -2,
        "EBIT": -2,
        "Net Income": -2
    },
    "2021-06-30": {
        "Diluted EPS": -1.59,
        "Total Revenue": NaN,
        "Gross Profit": NaN,
        "Operating Income": -2,
        "EBIT": -2,
        "Net Income": -29
    },
    "2021-03-31": {
        "Diluted EPS": -0.68,
        "Total Revenue": NaN,
        "Gross Profit": NaN,
        "Operating Income": -1,
        "EBIT": -1,
        "Net Income": -9
    },
    "2020-12-31": {
        "Diluted EPS": -0.03,
        "Total Revenue": NaN,
        "Gross Profit": NaN,
        "Operating Income": 0,
        "EBIT": 0,
        "Net Income": 0
    },
    "2020-09-30": {
        "Diluted EPS": -0.02,
        "Total Revenue": NaN,
        "Gross Profit": NaN,
        "Operating Income": 0,
        "EBIT": 0,
        "Net Income": 0
    },
    "2020-06-30": {
        "Diluted EPS": 0.0,
        "Total Revenue": NaN,
        "Gross Profit": NaN,
        "Operating Income": NaN,
        "EBIT": NaN,
        "Net Income": NaN
    },
    "2023-06-30": {
        "Tax Effect Of Unusual Items": NaN,
        "Tax Rate For Calcs": NaN,
        "Normalized EBITDA": NaN,
        "Net Income From Continuing Operation Net Minority Interest": NaN,
        "EBITDA": NaN,
        "EBIT": NaN,
        "Net Interest Income": NaN,
        "Interest Expense": NaN,
        "Interest Income": NaN,
        "Normalized Income": NaN,
        "Net Income From Continuing And Discontinued Operation": NaN,
        "Total Expenses": NaN,
        "Total Operating Income As Reported": NaN,
        "Diluted Average Shares": 25633217.0,
        "Basic Average Shares": 25633217.0,
        "Diluted EPS": -0.1,
        "Basic EPS": -0.1,
        "Diluted NI Availto Com Stockholders": NaN,
        "Net Income Common Stockholders": NaN,
        "Net Income": NaN,
        "Net Income Including Noncontrolling Interests": NaN,
        "Net Income Continuous Operations": NaN,
        "Pretax Income": NaN,
        "Other Income Expense": NaN,
        "Other Non Operating Income Expenses": NaN,
        "Net Non Operating Interest Income Expense": NaN,
        "Interest Expense Non Operating": NaN,
        "Interest Income Non Operating": NaN,
        "Operating Income": NaN,
        "Operating Expense": NaN,
        "Other Operating Expenses": NaN,
        "Research And Development": NaN,
        "Selling General And Administration": NaN,
        "General And Administrative Expense": NaN,
        "Other Gand A": NaN,
        "Salaries And Wages": NaN,
        "Total Revenue": NaN,
        "Operating Revenue": NaN
    },
    "2023-09-30": {
        "Tax Effect Of Unusual Items": NaN,
        "Tax Rate For Calcs": NaN,
        "Normalized EBITDA": NaN,
        "Net Income From Continuing Operation Net Minority Interest": NaN,
        "EBITDA": NaN,
        "EBIT": NaN,
        "Net Interest Income": NaN,
        "Interest Expense": NaN,
        "Interest Income": NaN,
        "Normalized Income": NaN,
        "Net Income From Continuing And Discontinued Operation": NaN,
        "Total Expenses": NaN,
        "Total Operating Income As Reported": NaN,
        "Diluted Average Shares": 25633217.0,
        "Basic Average Shares": 25633217.0,
        "Diluted EPS": -0.1,
        "Basic EPS": -0.1,
        "Diluted NI Availto Com Stockholders": NaN,
        "Net Income Common Stockholders": NaN,
        "Net Income": NaN,
        "Net Income Including Noncontrolling Interests": NaN,
        "Net Income Continuous Operations": NaN,
        "Pretax Income": NaN,
        "Other Income Expense": NaN,
        "Other Non Operating Income Expenses": NaN,
        "Net Non Operating Interest Income Expense": NaN,
        "Interest Expense Non Operating": NaN,
        "Interest Income Non Operating": NaN,
        "Operating Income": NaN,
        "Operating Expense": NaN,
        "Other Operating Expenses": NaN,
        "Research And Development": NaN,
        "Selling General And Administration": NaN,
        "General And Administrative Expense": NaN,
        "Other Gand A": NaN,
        "Salaries And Wages": NaN,
        "Total Revenue": NaN,
        "Operating Revenue": NaN
    },
    "2023-12-31": {
        "Tax Effect Of Unusual Items": NaN,
        "Tax Rate For Calcs": NaN,
        "Normalized EBITDA": NaN,
        "Net Income From Continuing Operation Net Minority Interest": NaN,
        "EBITDA": NaN,
        "EBIT": NaN,
        "Net Interest Income": NaN,
        "Interest Expense": NaN,
        "Interest Income": NaN,
        "Normalized Income": NaN,
        "Net Income From Continuing And Discontinued Operation": NaN,
        "Total Expenses": NaN,
        "Total Operating Income As Reported": NaN,
        "Diluted Average Shares": 25789739.0,
        "Basic Average Shares": 25789739.0,
        "Diluted EPS": -0.11,
        "Basic EPS": -0.11,
        "Diluted NI Availto Com Stockholders": NaN,
        "Net Income Common Stockholders": NaN,
        "Net Income": NaN,
        "Net Income Including Noncontrolling Interests": NaN,
        "Net Income Continuous Operations": NaN,
        "Pretax Income": NaN,
        "Other Income Expense": NaN,
        "Other Non Operating Income Expenses": NaN,
        "Net Non Operating Interest Income Expense": NaN,
        "Interest Expense Non Operating": NaN,
        "Interest Income Non Operating": NaN,
        "Operating Income": NaN,
        "Operating Expense": NaN,
        "Other Operating Expenses": NaN,
        "Research And Development": NaN,
        "Selling General And Administration": NaN,
        "General And Administrative Expense": NaN,
        "Other Gand A": NaN,
        "Salaries And Wages": NaN,
        "Total Revenue": NaN,
        "Operating Revenue": NaN
    },
    "2024-03-31": {
        "Tax Effect Of Unusual Items": 0.0,
        "Tax Rate For Calcs": 0.0,
        "Normalized EBITDA": -1593846.0,
        "Net Income From Continuing Operation Net Minority Interest": -1653542.0,
        "EBITDA": -1593846.0,
        "EBIT": -1593846.0,
        "Net Interest Income": 8388.0,
        "Interest Expense": 59696.0,
        "Interest Income": 68084.0,
        "Normalized Income": -1653542.0,
        "Net Income From Continuing And Discontinued Operation": -1653542.0,
        "Total Expenses": 1664251.0,
        "Total Operating Income As Reported": -1664251.0,
        "Diluted Average Shares": 25933217.0,
        "Basic Average Shares": 25933217.0,
        "Diluted EPS": -0.06,
        "Basic EPS": -0.06,
        "Diluted NI Availto Com Stockholders": -1653542.0,
        "Net Income Common Stockholders": -1653542.0,
        "Net Income": -1653542.0,
        "Net Income Including Noncontrolling Interests": -1653542.0,
        "Net Income Continuous Operations": -1653542.0,
        "Pretax Income": -1653542.0,
        "Other Income Expense": 2321.0,
        "Other Non Operating Income Expenses": 2321.0,
        "Net Non Operating Interest Income Expense": 8388.0,
        "Interest Expense Non Operating": 59696.0,
        "Interest Income Non Operating": 68084.0,
        "Operating Income": -1664251.0,
        "Operating Expense": 1664251.0,
        "Other Operating Expenses": NaN,
        "Research And Development": 748339.0,
        "Selling General And Administration": 915912.0,
        "General And Administrative Expense": 915912.0,
        "Other Gand A": 322309.0,
        "Salaries And Wages": 593603.0,
        "Total Revenue": 0.0,
        "Operating Revenue": 0.0
    },
    "2024-06-30": {
        "Tax Effect Of Unusual Items": 0.0,
        "Tax Rate For Calcs": 0.0,
        "Normalized EBITDA": -1290273.0,
        "Net Income From Continuing Operation Net Minority Interest": -1349969.0,
        "EBITDA": -1290273.0,
        "EBIT": -1290273.0,
        "Net Interest Income": -9478.0,
        "Interest Expense": 59696.0,
        "Interest Income": 50218.0,
        "Normalized Income": -1349969.0,
        "Net Income From Continuing And Discontinued Operation": -1349969.0,
        "Total Expenses": 1340367.0,
        "Total Operating Income As Reported": -1340367.0,
        "Diluted Average Shares": NaN,
        "Basic Average Shares": NaN,
        "Diluted EPS": NaN,
        "Basic EPS": NaN,
        "Diluted NI Availto Com Stockholders": -1349969.0,
        "Net Income Common Stockholders": -1349969.0,
        "Net Income": -1349969.0,
        "Net Income Including Noncontrolling Interests": -1349969.0,
        "Net Income Continuous Operations": -1349969.0,
        "Pretax Income": -1349969.0,
        "Other Income Expense": -124.0,
        "Other Non Operating Income Expenses": -124.0,
        "Net Non Operating Interest Income Expense": -9478.0,
        "Interest Expense Non Operating": 59696.0,
        "Interest Income Non Operating": 50218.0,
        "Operating Income": -1340367.0,
        "Operating Expense": 1340367.0,
        "Other Operating Expenses": NaN,
        "Research And Development": 467706.0,
        "Selling General And Administration": 872661.0,
        "General And Administrative Expense": 872661.0,
        "Other Gand A": 282482.0,
        "Salaries And Wages": 590179.0,
        "Total Revenue": 0.0,
        "Operating Revenue": 0.0
    },
    "2024-09-30": {
        "Tax Effect Of Unusual Items": 0.0,
        "Tax Rate For Calcs": 0.0,
        "Normalized EBITDA": -2141039.0,
        "Net Income From Continuing Operation Net Minority Interest": -2200736.0,
        "EBITDA": -2141039.0,
        "EBIT": -2141039.0,
        "Net Interest Income": -33691.0,
        "Interest Expense": 59697.0,
        "Interest Income": 26006.0,
        "Normalized Income": -2200736.0,
        "Net Income From Continuing And Discontinued Operation": -2200736.0,
        "Total Expenses": 2166762.0,
        "Total Operating Income As Reported": -2412124.0,
        "Diluted Average Shares": 25933217.0,
        "Basic Average Shares": 25933217.0,
        "Diluted EPS": -0.08,
        "Basic EPS": -0.08,
        "Diluted NI Availto Com Stockholders": -2200736.0,
        "Net Income Common Stockholders": -2200736.0,
        "Net Income": -2200736.0,
        "Net Income Including Noncontrolling Interests": -2200736.0,
        "Net Income Continuous Operations": -2200736.0,
        "Pretax Income": -2200736.0,
        "Other Income Expense": -283.0,
        "Other Non Operating Income Expenses": -283.0,
        "Net Non Operating Interest Income Expense": -33691.0,
        "Interest Expense Non Operating": 59697.0,
        "Interest Income Non Operating": 26006.0,
        "Operating Income": -2166762.0,
        "Operating Expense": 2166762.0,
        "Other Operating Expenses": -245362.0,
        "Research And Development": 1314859.0,
        "Selling General And Administration": 1097265.0,
        "General And Administrative Expense": 1097265.0,
        "Other Gand A": 386574.0,
        "Salaries And Wages": 710691.0,
        "Total Revenue": 0.0,
        "Operating Revenue": 0.0
    },
    "2024-12-31": {
        "Tax Effect Of Unusual Items": 0.0,
        "Tax Rate For Calcs": 0.0,
        "Normalized EBITDA": -2403334.0,
        "Net Income From Continuing Operation Net Minority Interest": -2463030.0,
        "EBITDA": -2403334.0,
        "EBIT": -2403334.0,
        "Net Interest Income": -52629.0,
        "Interest Expense": 59696.0,
        "Interest Income": 7067.0,
        "Normalized Income": -2463030.0,
        "Net Income From Continuing And Discontinued Operation": -2463030.0,
        "Total Expenses": 2410448.0,
        "Total Operating Income As Reported": -2588151.0,
        "Diluted Average Shares": 27415430.0,
        "Basic Average Shares": 27415430.0,
        "Diluted EPS": -0.09,
        "Basic EPS": -0.09,
        "Diluted NI Availto Com Stockholders": -2463030.0,
        "Net Income Common Stockholders": -2463030.0,
        "Net Income": -2463030.0,
        "Net Income Including Noncontrolling Interests": -2463030.0,
        "Net Income Continuous Operations": -2463030.0,
        "Pretax Income": -2463030.0,
        "Other Income Expense": 47.0,
        "Other Non Operating Income Expenses": 47.0,
        "Net Non Operating Interest Income Expense": -52629.0,
        "Interest Expense Non Operating": 59696.0,
        "Interest Income Non Operating": 7067.0,
        "Operating Income": -2410448.0,
        "Operating Expense": 2410448.0,
        "Other Operating Expenses": -177703.0,
        "Research And Development": 1220535.0,
        "Selling General And Administration": 1367616.0,
        "General And Administrative Expense": 1367616.0,
        "Other Gand A": 256401.0,
        "Salaries And Wages": 1111215.0,
        "Total Revenue": 0.0,
        "Operating Revenue": 0.0
    },
    "2025-03-31": {
        "Tax Effect Of Unusual Items": 0.0,
        "Tax Rate For Calcs": 0.0,
        "Normalized EBITDA": -1430987.0,
        "Net Income From Continuing Operation Net Minority Interest": -1676169.0,
        "EBITDA": -1430987.0,
        "EBIT": -1430987.0,
        "Net Interest Income": -142925.0,
        "Interest Expense": 245182.0,
        "Interest Income": 102257.0,
        "Normalized Income": -1676169.0,
        "Net Income From Continuing And Discontinued Operation": -1676169.0,
        "Total Expenses": 1532716.0,
        "Total Operating Income As Reported": -1892322.0,
        "Diluted Average Shares": 41084731.0,
        "Basic Average Shares": 41084731.0,
        "Diluted EPS": -0.04,
        "Basic EPS": -0.04,
        "Diluted NI Availto Com Stockholders": -1676169.0,
        "Net Income Common Stockholders": -1676169.0,
        "Net Income": -1676169.0,
        "Net Income Including Noncontrolling Interests": -1676169.0,
        "Net Income Continuous Operations": -1676169.0,
        "Pretax Income": -1676169.0,
        "Other Income Expense": -528.0,
        "Other Non Operating Income Expenses": -528.0,
        "Net Non Operating Interest Income Expense": -142925.0,
        "Interest Expense Non Operating": 245182.0,
        "Interest Income Non Operating": 102257.0,
        "Operating Income": -1532716.0,
        "Operating Expense": 1532716.0,
        "Other Operating Expenses": -359606.0,
        "Research And Development": 638324.0,
        "Selling General And Administration": 1253998.0,
        "General And Administrative Expense": 1253998.0,
        "Other Gand A": 492036.0,
        "Salaries And Wages": 761962.0,
        "Total Revenue": 0.0,
        "Operating Revenue": 0.0
    }
}