{
    "2023-03-31": {
        "Tax Effect Of Unusual Items": NaN,
        "Tax Rate For Calcs": NaN,
        "Normalized EBITDA": NaN,
        "Net Income From Continuing Operation Net Minority Interest": NaN,
        "Reconciled Depreciation": NaN,
        "EBITDA": NaN,
        "EBIT": NaN,
        "Net Interest Income": NaN,
        "Interest Income": NaN,
        "Normalized Income": NaN,
        "Net Income From Continuing And Discontinued Operation": NaN,
        "Total Expenses": NaN,
        "Total Operating Income As Reported": NaN,
        "Diluted Average Shares": NaN,
        "Basic Average Shares": NaN,
        "Diluted EPS": NaN,
        "Basic EPS": NaN,
        "Diluted NI Availto Com Stockholders": NaN,
        "Net Income Common Stockholders": NaN,
        "Net Income": NaN,
        "Net Income Including Noncontrolling Interests": NaN,
        "Net Income Continuous Operations": NaN,
        "Pretax Income": NaN,
        "Net Non Operating Interest Income Expense": NaN,
        "Interest Income Non Operating": NaN,
        "Operating Income": NaN,
        "Operating Expense": NaN,
        "Depreciation Amortization Depletion Income Statement": 516000.0,
        "Depreciation And Amortization In Income Statement": 516000.0,
        "Depreciation Income Statement": 516000.0,
        "Research And Development": NaN,
        "Selling General And Administration": NaN,
        "General And Administrative Expense": NaN,
        "Other Gand A": NaN,
        "Salaries And Wages": NaN,
        "Total Revenue": NaN,
        "Operating Revenue": NaN
    },
    "2022-12-31": {
        "Tax Effect Of Unusual Items": NaN,
        "Tax Rate For Calcs": NaN,
        "Normalized EBITDA": NaN,
        "Net Income From Continuing Operation Net Minority Interest": NaN,
        "Reconciled Depreciation": NaN,
        "EBITDA": NaN,
        "EBIT": NaN,
        "Net Interest Income": NaN,
        "Interest Income": NaN,
        "Normalized Income": NaN,
        "Net Income From Continuing And Discontinued Operation": NaN,
        "Total Expenses": NaN,
        "Total Operating Income As Reported": NaN,
        "Diluted Average Shares": 72368539.0,
        "Basic Average Shares": 72368539.0,
        "Diluted EPS": -0.48,
        "Basic EPS": -0.48,
        "Diluted NI Availto Com Stockholders": NaN,
        "Net Income Common Stockholders": NaN,
        "Net Income": NaN,
        "Net Income Including Noncontrolling Interests": NaN,
        "Net Income Continuous Operations": NaN,
        "Pretax Income": NaN,
        "Net Non Operating Interest Income Expense": NaN,
        "Interest Income Non Operating": NaN,
        "Operating Income": NaN,
        "Operating Expense": NaN,
        "Depreciation Amortization Depletion Income Statement": NaN,
        "Depreciation And Amortization In Income Statement": NaN,
        "Depreciation Income Statement": NaN,
        "Research And Development": NaN,
        "Selling General And Administration": NaN,
        "General And Administrative Expense": NaN,
        "Other Gand A": NaN,
        "Salaries And Wages": NaN,
        "Total Revenue": NaN,
        "Operating Revenue": NaN
    },
    "2022-09-30": {
        "Tax Effect Of Unusual Items": 0.0,
        "Tax Rate For Calcs": 0.0,
        "Normalized EBITDA": -35551000.0,
        "Net Income From Continuing Operation Net Minority Interest": -35054000.0,
        "Reconciled Depreciation": 518000.0,
        "EBITDA": -35551000.0,
        "EBIT": -36069000.0,
        "Net Interest Income": 1015000.0,
        "Interest Income": 1015000.0,
        "Normalized Income": -35054000.0,
        "Net Income From Continuing And Discontinued Operation": -35054000.0,
        "Total Expenses": 36069000.0,
        "Total Operating Income As Reported": -36069000.0,
        "Diluted Average Shares": 68652859.0,
        "Basic Average Shares": 68652859.0,
        "Diluted EPS": -0.51,
        "Basic EPS": -0.51,
        "Diluted NI Availto Com Stockholders": -35054000.0,
        "Net Income Common Stockholders": -35054000.0,
        "Net Income": -35054000.0,
        "Net Income Including Noncontrolling Interests": -35054000.0,
        "Net Income Continuous Operations": -35054000.0,
        "Pretax Income": -35054000.0,
        "Net Non Operating Interest Income Expense": 1015000.0,
        "Total Other Finance Cost": NaN,
        "Interest Income Non Operating": 1015000.0,
        "Operating Income": -36069000.0,
        "Operating Expense": 36069000.0,
        "Depreciation Amortization Depletion Income Statement": NaN,
        "Depreciation And Amortization In Income Statement": NaN,
        "Depreciation Income Statement": NaN,
        "Research And Development": 27862000.0,
        "Selling General And Administration": 8207000.0,
        "General And Administrative Expense": 8207000.0,
        "Other Gand A": 3781000.0,
        "Salaries And Wages": 4426000.0,
        "Total Revenue": 0.0,
        "Operating Revenue": 0.0
    },
    "2022-06-30": {
        "Tax Effect Of Unusual Items": 0.0,
        "Tax Rate For Calcs": 0.0,
        "Normalized EBITDA": -36869000.0,
        "Net Income From Continuing Operation Net Minority Interest": -37137000.0,
        "Reconciled Depreciation": 540000.0,
        "EBITDA": -36869000.0,
        "EBIT": -37409000.0,
        "Net Interest Income": 272000.0,
        "Interest Income": 272000.0,
        "Normalized Income": -37137000.0,
        "Net Income From Continuing And Discontinued Operation": -37137000.0,
        "Total Expenses": 37409000.0,
        "Total Operating Income As Reported": -37409000.0,
        "Diluted Average Shares": 38584400.0,
        "Basic Average Shares": 38584400.0,
        "Diluted EPS": -0.96,
        "Basic EPS": -0.96,
        "Diluted NI Availto Com Stockholders": -37137000.0,
        "Net Income Common Stockholders": -37137000.0,
        "Net Income": -37137000.0,
        "Net Income Including Noncontrolling Interests": -37137000.0,
        "Net Income Continuous Operations": -37137000.0,
        "Pretax Income": -37137000.0,
        "Net Non Operating Interest Income Expense": 272000.0,
        "Total Other Finance Cost": NaN,
        "Interest Income Non Operating": 272000.0,
        "Operating Income": -37409000.0,
        "Operating Expense": 37409000.0,
        "Depreciation Amortization Depletion Income Statement": NaN,
        "Depreciation And Amortization In Income Statement": NaN,
        "Depreciation Income Statement": NaN,
        "Research And Development": 29106000.0,
        "Selling General And Administration": 8303000.0,
        "General And Administrative Expense": 8303000.0,
        "Other Gand A": 4166000.0,
        "Salaries And Wages": 4137000.0,
        "Total Revenue": 0.0,
        "Operating Revenue": 0.0
    },
    "2022-03-31": {
        "Diluted EPS": -0.92,
        "Total Revenue": NaN,
        "Gross Profit": NaN,
        "Operating Income": -35,
        "EBIT": -35,
        "Net Income": -35
    },
    "2021-12-31": {
        "Diluted EPS": -0.97,
        "Total Revenue": NaN,
        "Gross Profit": NaN,
        "Operating Income": -37,
        "EBIT": -37,
        "Net Income": -37
    },
    "2021-09-30": {
        "Diluted EPS": -0.93,
        "Total Revenue": NaN,
        "Gross Profit": NaN,
        "Operating Income": -36,
        "EBIT": -35,
        "Net Income": -36
    },
    "2021-06-30": {
        "Diluted EPS": -0.82,
        "Total Revenue": NaN,
        "Gross Profit": NaN,
        "Operating Income": -31,
        "EBIT": -31,
        "Net Income": -31
    },
    "2021-03-31": {
        "Diluted EPS": -0.68,
        "Total Revenue": NaN,
        "Gross Profit": NaN,
        "Operating Income": -26,
        "EBIT": -26,
        "Net Income": -26
    },
    "2020-12-31": {
        "Diluted EPS": 54.59,
        "Total Revenue": NaN,
        "Gross Profit": NaN,
        "Operating Income": -23,
        "EBIT": -23,
        "Net Income": -23
    },
    "2020-09-30": {
        "Diluted EPS": -0.77,
        "Total Revenue": NaN,
        "Gross Profit": NaN,
        "Operating Income": -16,
        "EBIT": -15,
        "Net Income": -22
    },
    "2020-06-30": {
        "Diluted EPS": -28.87,
        "Total Revenue": NaN,
        "Gross Profit": NaN,
        "Operating Income": -12,
        "EBIT": -12,
        "Net Income": -13
    },
    "2020-03-31": {
        "Diluted EPS": -29.1,
        "Total Revenue": NaN,
        "Gross Profit": NaN,
        "Operating Income": -12,
        "EBIT": -12,
        "Net Income": -13
    },
    "2019-12-31": {
        "Diluted EPS": -21.26,
        "Total Revenue": NaN,
        "Gross Profit": NaN,
        "Operating Income": -9,
        "EBIT": -9,
        "Net Income": -9
    },
    "2019-09-30": {
        "Diluted EPS": -24.14,
        "Total Revenue": NaN,
        "Gross Profit": NaN,
        "Operating Income": -9,
        "EBIT": -9,
        "Net Income": -10
    },
    "2019-06-30": {
        "Diluted EPS": -22.3,
        "Total Revenue": NaN,
        "Gross Profit": NaN,
        "Operating Income": -8,
        "EBIT": -8,
        "Net Income": -10
    },
    "2019-03-31": {
        "Diluted EPS": -20.6,
        "Total Revenue": NaN,
        "Gross Profit": NaN,
        "Operating Income": -6,
        "EBIT": -6,
        "Net Income": -9
    },
    "2018-12-31": {
        "Diluted EPS": 0.0,
        "Total Revenue": NaN,
        "Gross Profit": NaN,
        "Operating Income": NaN,
        "EBIT": NaN,
        "Net Income": NaN
    },
    "2023-06-30": {
        "Tax Effect Of Unusual Items": NaN,
        "Tax Rate For Calcs": NaN,
        "Normalized EBITDA": NaN,
        "Net Income From Continuing Operation Net Minority Interest": NaN,
        "Reconciled Depreciation": NaN,
        "EBITDA": NaN,
        "EBIT": NaN,
        "Net Interest Income": NaN,
        "Interest Income": NaN,
        "Normalized Income": NaN,
        "Net Income From Continuing And Discontinued Operation": NaN,
        "Total Expenses": NaN,
        "Total Operating Income As Reported": NaN,
        "Diluted Average Shares": NaN,
        "Basic Average Shares": NaN,
        "Diluted EPS": NaN,
        "Basic EPS": NaN,
        "Diluted NI Availto Com Stockholders": NaN,
        "Net Income Common Stockholders": NaN,
        "Net Income": NaN,
        "Net Income Including Noncontrolling Interests": NaN,
        "Net Income Continuous Operations": NaN,
        "Pretax Income": NaN,
        "Net Non Operating Interest Income Expense": NaN,
        "Interest Income Non Operating": NaN,
        "Operating Income": NaN,
        "Operating Expense": NaN,
        "Depreciation Amortization Depletion Income Statement": 419000.0,
        "Depreciation And Amortization In Income Statement": 419000.0,
        "Depreciation Income Statement": 419000.0,
        "Research And Development": NaN,
        "Selling General And Administration": NaN,
        "General And Administrative Expense": NaN,
        "Other Gand A": NaN,
        "Salaries And Wages": NaN,
        "Total Revenue": NaN,
        "Operating Revenue": NaN
    },
    "2023-09-30": {
        "Tax Effect Of Unusual Items": NaN,
        "Tax Rate For Calcs": NaN,
        "Normalized EBITDA": NaN,
        "Net Income From Continuing Operation Net Minority Interest": NaN,
        "Reconciled Depreciation": NaN,
        "EBITDA": NaN,
        "EBIT": NaN,
        "Net Interest Income": NaN,
        "Interest Income": NaN,
        "Normalized Income": NaN,
        "Net Income From Continuing And Discontinued Operation": NaN,
        "Total Expenses": NaN,
        "Total Operating Income As Reported": NaN,
        "Diluted Average Shares": 75342495.0,
        "Basic Average Shares": 75342495.0,
        "Diluted EPS": -0.43,
        "Basic EPS": -0.43,
        "Diluted NI Availto Com Stockholders": NaN,
        "Net Income Common Stockholders": NaN,
        "Net Income": NaN,
        "Net Income Including Noncontrolling Interests": NaN,
        "Net Income Continuous Operations": NaN,
        "Pretax Income": NaN,
        "Net Non Operating Interest Income Expense": NaN,
        "Interest Income Non Operating": NaN,
        "Operating Income": NaN,
        "Operating Expense": NaN,
        "Depreciation Amortization Depletion Income Statement": NaN,
        "Depreciation And Amortization In Income Statement": NaN,
        "Depreciation Income Statement": NaN,
        "Research And Development": NaN,
        "Selling General And Administration": NaN,
        "General And Administrative Expense": NaN,
        "Other Gand A": NaN,
        "Salaries And Wages": NaN,
        "Total Revenue": NaN,
        "Operating Revenue": NaN
    },
    "2023-12-31": {
        "Tax Effect Of Unusual Items": 0.0,
        "Tax Rate For Calcs": 0.0,
        "Normalized EBITDA": -29471000.0,
        "Net Income From Continuing Operation Net Minority Interest": -27891000.0,
        "Reconciled Depreciation": 538000.0,
        "EBITDA": -29471000.0,
        "EBIT": -30009000.0,
        "Net Interest Income": 2118000.0,
        "Interest Income": 2118000.0,
        "Normalized Income": -27891000.0,
        "Net Income From Continuing And Discontinued Operation": -27891000.0,
        "Total Expenses": 30009000.0,
        "Total Operating Income As Reported": -30009000.0,
        "Diluted Average Shares": NaN,
        "Basic Average Shares": NaN,
        "Diluted EPS": NaN,
        "Basic EPS": NaN,
        "Diluted NI Availto Com Stockholders": -27891000.0,
        "Net Income Common Stockholders": -27891000.0,
        "Net Income": -27891000.0,
        "Net Income Including Noncontrolling Interests": -27891000.0,
        "Net Income Continuous Operations": -27891000.0,
        "Pretax Income": -27891000.0,
        "Net Non Operating Interest Income Expense": 2118000.0,
        "Interest Income Non Operating": 2118000.0,
        "Operating Income": -30009000.0,
        "Operating Expense": 30009000.0,
        "Depreciation Amortization Depletion Income Statement": NaN,
        "Depreciation And Amortization In Income Statement": NaN,
        "Depreciation Income Statement": NaN,
        "Research And Development": 23267000.0,
        "Selling General And Administration": 4796000.0,
        "General And Administrative Expense": 4796000.0,
        "Other Gand A": 966000.0,
        "Salaries And Wages": 3830000.0,
        "Total Revenue": 0.0,
        "Operating Revenue": 0.0
    },
    "2024-03-31": {
        "Tax Effect Of Unusual Items": 0.0,
        "Tax Rate For Calcs": 0.0,
        "Normalized EBITDA": -28034000.0,
        "Net Income From Continuing Operation Net Minority Interest": -25176000.0,
        "Reconciled Depreciation": 538000.0,
        "EBITDA": -28034000.0,
        "EBIT": -28572000.0,
        "Net Interest Income": 3396000.0,
        "Interest Income": 3396000.0,
        "Normalized Income": -25176000.0,
        "Net Income From Continuing And Discontinued Operation": -25176000.0,
        "Total Expenses": 28572000.0,
        "Total Operating Income As Reported": -28572000.0,
        "Diluted Average Shares": 122673202.0,
        "Basic Average Shares": 122673202.0,
        "Diluted EPS": -0.21,
        "Basic EPS": -0.21,
        "Diluted NI Availto Com Stockholders": -25176000.0,
        "Net Income Common Stockholders": -25176000.0,
        "Net Income": -25176000.0,
        "Net Income Including Noncontrolling Interests": -25176000.0,
        "Net Income Continuous Operations": -25176000.0,
        "Pretax Income": -25176000.0,
        "Net Non Operating Interest Income Expense": 3396000.0,
        "Interest Income Non Operating": 3396000.0,
        "Operating Income": -28572000.0,
        "Operating Expense": 28572000.0,
        "Depreciation Amortization Depletion Income Statement": NaN,
        "Depreciation And Amortization In Income Statement": NaN,
        "Depreciation Income Statement": NaN,
        "Research And Development": 20963000.0,
        "Selling General And Administration": 7609000.0,
        "General And Administrative Expense": 7609000.0,
        "Other Gand A": 3648000.0,
        "Salaries And Wages": 3961000.0,
        "Total Revenue": 0.0,
        "Operating Revenue": 0.0
    },
    "2024-06-30": {
        "Tax Effect Of Unusual Items": 0.0,
        "Tax Rate For Calcs": 0.0,
        "Normalized EBITDA": -32943000.0,
        "Net Income From Continuing Operation Net Minority Interest": -29610000.0,
        "Reconciled Depreciation": 537000.0,
        "EBITDA": -32943000.0,
        "EBIT": -33580000.0,
        "Net Interest Income": 3970000.0,
        "Interest Income": 3970000.0,
        "Normalized Income": -29610000.0,
        "Net Income From Continuing And Discontinued Operation": -29610000.0,
        "Total Expenses": 33580000.0,
        "Total Operating Income As Reported": -33580000.0,
        "Diluted Average Shares": 130132960.0,
        "Basic Average Shares": 130132960.0,
        "Diluted EPS": -0.23,
        "Basic EPS": -0.23,
        "Diluted NI Availto Com Stockholders": -29610000.0,
        "Net Income Common Stockholders": -29610000.0,
        "Otherunder Preferred Stock Dividend": 0.0,
        "Net Income": -29610000.0,
        "Net Income Including Noncontrolling Interests": -29610000.0,
        "Net Income Continuous Operations": -29610000.0,
        "Pretax Income": -29610000.0,
        "Net Non Operating Interest Income Expense": 3970000.0,
        "Interest Income Non Operating": 3970000.0,
        "Operating Income": -33580000.0,
        "Operating Expense": 33580000.0,
        "Depreciation Amortization Depletion Income Statement": 637000.0,
        "Depreciation And Amortization In Income Statement": 637000.0,
        "Depreciation Income Statement": 637000.0,
        "Research And Development": 25026000.0,
        "Selling General And Administration": 7917000.0,
        "General And Administrative Expense": 7917000.0,
        "Other Gand A": 3593000.0,
        "Salaries And Wages": 4324000.0,
        "Total Revenue": 0.0,
        "Operating Revenue": 0.0
    },
    "2024-09-30": {
        "Tax Effect Of Unusual Items": 0.0,
        "Tax Rate For Calcs": 0.0,
        "Normalized EBITDA": -38904000.0,
        "Net Income From Continuing Operation Net Minority Interest": -34824000.0,
        "Reconciled Depreciation": 538000.0,
        "EBITDA": -38904000.0,
        "EBIT": -39442000.0,
        "Net Interest Income": 4618000.0,
        "Interest Income": 4618000.0,
        "Normalized Income": -34824000.0,
        "Net Income From Continuing And Discontinued Operation": -34824000.0,
        "Total Expenses": 39442000.0,
        "Total Operating Income As Reported": -39442000.0,
        "Diluted Average Shares": 139933019.0,
        "Basic Average Shares": 139933019.0,
        "Diluted EPS": -0.25,
        "Basic EPS": -0.25,
        "Diluted NI Availto Com Stockholders": -34824000.0,
        "Net Income Common Stockholders": -34824000.0,
        "Otherunder Preferred Stock Dividend": NaN,
        "Net Income": -34824000.0,
        "Net Income Including Noncontrolling Interests": -34824000.0,
        "Net Income Continuous Operations": -34824000.0,
        "Pretax Income": -34824000.0,
        "Net Non Operating Interest Income Expense": 4618000.0,
        "Interest Income Non Operating": 4618000.0,
        "Operating Income": -39442000.0,
        "Operating Expense": 39442000.0,
        "Depreciation Amortization Depletion Income Statement": NaN,
        "Depreciation And Amortization In Income Statement": NaN,
        "Depreciation Income Statement": NaN,
        "Research And Development": 30105000.0,
        "Selling General And Administration": 9337000.0,
        "General And Administrative Expense": 9337000.0,
        "Other Gand A": 5396000.0,
        "Salaries And Wages": 3941000.0,
        "Total Revenue": 0.0,
        "Operating Revenue": 0.0
    },
    "2024-12-31": {
        "Tax Effect Of Unusual Items": 0.0,
        "Tax Rate For Calcs": 0.0,
        "Normalized EBITDA": -51942000.0,
        "Net Income From Continuing Operation Net Minority Interest": -48590000.0,
        "Reconciled Depreciation": 537000.0,
        "EBITDA": -51942000.0,
        "EBIT": -52479000.0,
        "Net Interest Income": 3889000.0,
        "Interest Income": 3889000.0,
        "Normalized Income": -48590000.0,
        "Net Income From Continuing And Discontinued Operation": -48590000.0,
        "Total Expenses": 52479000.0,
        "Total Operating Income As Reported": -52479000.0,
        "Diluted Average Shares": 147812160.0,
        "Basic Average Shares": 147812160.0,
        "Diluted EPS": -0.33,
        "Basic EPS": -0.33,
        "Diluted NI Availto Com Stockholders": -48590000.0,
        "Net Income Common Stockholders": -48590000.0,
        "Otherunder Preferred Stock Dividend": NaN,
        "Net Income": -48590000.0,
        "Net Income Including Noncontrolling Interests": -48590000.0,
        "Net Income Continuous Operations": -48590000.0,
        "Pretax Income": -48590000.0,
        "Net Non Operating Interest Income Expense": 3889000.0,
        "Interest Income Non Operating": 3889000.0,
        "Operating Income": -52479000.0,
        "Operating Expense": 52479000.0,
        "Depreciation Amortization Depletion Income Statement": NaN,
        "Depreciation And Amortization In Income Statement": NaN,
        "Depreciation Income Statement": NaN,
        "Research And Development": 43354000.0,
        "Selling General And Administration": 6527000.0,
        "General And Administrative Expense": 6527000.0,
        "Other Gand A": 1895000.0,
        "Salaries And Wages": 4632000.0,
        "Total Revenue": 0.0,
        "Operating Revenue": 0.0
    },
    "2025-03-31": {
        "Tax Effect Of Unusual Items": 0.0,
        "Tax Rate For Calcs": 0.0,
        "Normalized EBITDA": -56868000.0,
        "Net Income From Continuing Operation Net Minority Interest": -54356000.0,
        "Reconciled Depreciation": 537000.0,
        "EBITDA": -56868000.0,
        "EBIT": -57405000.0,
        "Net Interest Income": 3049000.0,
        "Interest Income": 3049000.0,
        "Normalized Income": -54356000.0,
        "Net Income From Continuing And Discontinued Operation": -54356000.0,
        "Total Expenses": 57405000.0,
        "Total Operating Income As Reported": -57405000.0,
        "Diluted Average Shares": 148108809.0,
        "Basic Average Shares": 148108809.0,
        "Diluted EPS": -0.37,
        "Basic EPS": -0.37,
        "Diluted NI Availto Com Stockholders": -54356000.0,
        "Net Income Common Stockholders": -54356000.0,
        "Otherunder Preferred Stock Dividend": NaN,
        "Net Income": -54356000.0,
        "Net Income Including Noncontrolling Interests": -54356000.0,
        "Net Income Continuous Operations": -54356000.0,
        "Pretax Income": -54356000.0,
        "Net Non Operating Interest Income Expense": 3049000.0,
        "Interest Income Non Operating": 3049000.0,
        "Operating Income": -57405000.0,
        "Operating Expense": 57405000.0,
        "Depreciation Amortization Depletion Income Statement": NaN,
        "Depreciation And Amortization In Income Statement": NaN,
        "Depreciation Income Statement": NaN,
        "Research And Development": 48179000.0,
        "Selling General And Administration": 9226000.0,
        "General And Administrative Expense": 9226000.0,
        "Other Gand A": 4481000.0,
        "Salaries And Wages": 4745000.0,
        "Total Revenue": 0.0,
        "Operating Revenue": 0.0
    },
    "2025-06-30": {
        "Tax Effect Of Unusual Items": 0.0,
        "Tax Rate For Calcs": 0.0,
        "Normalized EBITDA": -51111000.0,
        "Net Income From Continuing Operation Net Minority Interest": -49156000.0,
        "Reconciled Depreciation": 540000.0,
        "EBITDA": -51111000.0,
        "EBIT": -51726000.0,
        "Net Interest Income": 2570000.0,
        "Interest Income": 2570000.0,
        "Normalized Income": -49156000.0,
        "Net Income From Continuing And Discontinued Operation": -49156000.0,
        "Total Expenses": 51726000.0,
        "Total Operating Income As Reported": -51726000.0,
        "Diluted Average Shares": 148320803.0,
        "Basic Average Shares": 148320803.0,
        "Diluted EPS": -0.34,
        "Basic EPS": -0.34,
        "Diluted NI Availto Com Stockholders": -51013000.0,
        "Net Income Common Stockholders": -51013000.0,
        "Otherunder Preferred Stock Dividend": 1857000.0,
        "Net Income": -49156000.0,
        "Net Income Including Noncontrolling Interests": -49156000.0,
        "Net Income Continuous Operations": -49156000.0,
        "Pretax Income": -49156000.0,
        "Net Non Operating Interest Income Expense": 2570000.0,
        "Interest Income Non Operating": 2570000.0,
        "Operating Income": -51726000.0,
        "Operating Expense": 51726000.0,
        "Depreciation Amortization Depletion Income Statement": 615000.0,
        "Depreciation And Amortization In Income Statement": 615000.0,
        "Depreciation Income Statement": 615000.0,
        "Research And Development": 44160000.0,
        "Selling General And Administration": 6951000.0,
        "General And Administrative Expense": 6951000.0,
        "Other Gand A": 3160000.0,
        "Salaries And Wages": 3791000.0,
        "Total Revenue": 0.0,
        "Operating Revenue": 0.0
    }
}