{
    "2023-03-31": {
        "Tax Effect Of Unusual Items": NaN,
        "Tax Rate For Calcs": NaN,
        "Normalized EBITDA": NaN,
        "Total Unusual Items": NaN,
        "Total Unusual Items Excluding Goodwill": NaN,
        "Net Income From Continuing Operation Net Minority Interest": NaN,
        "EBITDA": NaN,
        "EBIT": NaN,
        "Net Interest Income": NaN,
        "Interest Income": NaN,
        "Normalized Income": NaN,
        "Net Income From Continuing And Discontinued Operation": NaN,
        "Total Expenses": NaN,
        "Total Operating Income As Reported": NaN,
        "Diluted Average Shares": 8194990.0,
        "Basic Average Shares": 8194990.0,
        "Diluted EPS": -1.19,
        "Basic EPS": -1.19,
        "Diluted NI Availto Com Stockholders": NaN,
        "Net Income Common Stockholders": NaN,
        "Net Income": NaN,
        "Net Income Including Noncontrolling Interests": NaN,
        "Net Income Continuous Operations": NaN,
        "Pretax Income": NaN,
        "Other Income Expense": NaN,
        "Gain On Sale Of Security": NaN,
        "Net Non Operating Interest Income Expense": NaN,
        "Total Other Finance Cost": NaN,
        "Interest Income Non Operating": NaN,
        "Operating Income": NaN,
        "Operating Expense": NaN,
        "Provision For Doubtful Accounts": NaN,
        "Research And Development": NaN,
        "Selling General And Administration": NaN,
        "General And Administrative Expense": NaN,
        "Other Gand A": NaN,
        "Total Revenue": NaN,
        "Operating Revenue": NaN
    },
    "2022-12-31": {
        "Tax Effect Of Unusual Items": NaN,
        "Tax Rate For Calcs": NaN,
        "Normalized EBITDA": NaN,
        "Total Unusual Items": NaN,
        "Total Unusual Items Excluding Goodwill": NaN,
        "Net Income From Continuing Operation Net Minority Interest": NaN,
        "EBITDA": NaN,
        "EBIT": NaN,
        "Net Interest Income": NaN,
        "Interest Income": 74153.0,
        "Normalized Income": NaN,
        "Net Income From Continuing And Discontinued Operation": NaN,
        "Total Expenses": NaN,
        "Total Operating Income As Reported": NaN,
        "Diluted Average Shares": NaN,
        "Basic Average Shares": NaN,
        "Diluted EPS": NaN,
        "Basic EPS": NaN,
        "Diluted NI Availto Com Stockholders": NaN,
        "Net Income Common Stockholders": NaN,
        "Net Income": NaN,
        "Net Income Including Noncontrolling Interests": NaN,
        "Net Income Continuous Operations": NaN,
        "Pretax Income": NaN,
        "Other Income Expense": NaN,
        "Gain On Sale Of Security": NaN,
        "Net Non Operating Interest Income Expense": NaN,
        "Total Other Finance Cost": NaN,
        "Interest Income Non Operating": 74153.0,
        "Operating Income": NaN,
        "Operating Expense": NaN,
        "Provision For Doubtful Accounts": NaN,
        "Research And Development": NaN,
        "Selling General And Administration": NaN,
        "General And Administrative Expense": NaN,
        "Other Gand A": NaN,
        "Total Revenue": NaN,
        "Operating Revenue": NaN
    },
    "2022-09-30": {
        "Tax Effect Of Unusual Items": NaN,
        "Tax Rate For Calcs": NaN,
        "Normalized EBITDA": NaN,
        "Total Unusual Items": NaN,
        "Total Unusual Items Excluding Goodwill": NaN,
        "Net Income From Continuing Operation Net Minority Interest": NaN,
        "EBITDA": NaN,
        "EBIT": NaN,
        "Net Interest Income": NaN,
        "Interest Income": NaN,
        "Normalized Income": NaN,
        "Net Income From Continuing And Discontinued Operation": NaN,
        "Total Expenses": NaN,
        "Total Operating Income As Reported": NaN,
        "Diluted Average Shares": 8163923.0,
        "Basic Average Shares": 8163923.0,
        "Diluted EPS": -0.79,
        "Basic EPS": -0.79,
        "Diluted NI Availto Com Stockholders": NaN,
        "Net Income Common Stockholders": NaN,
        "Net Income": NaN,
        "Net Income Including Noncontrolling Interests": NaN,
        "Net Income Continuous Operations": NaN,
        "Pretax Income": NaN,
        "Other Income Expense": NaN,
        "Gain On Sale Of Security": NaN,
        "Net Non Operating Interest Income Expense": NaN,
        "Total Other Finance Cost": NaN,
        "Interest Income Non Operating": NaN,
        "Operating Income": NaN,
        "Operating Expense": NaN,
        "Provision For Doubtful Accounts": NaN,
        "Research And Development": NaN,
        "Selling General And Administration": NaN,
        "General And Administrative Expense": NaN,
        "Other Gand A": NaN,
        "Total Revenue": NaN,
        "Operating Revenue": NaN
    },
    "2022-06-30": {
        "Tax Effect Of Unusual Items": 0.0,
        "Tax Rate For Calcs": 0.0,
        "Normalized EBITDA": -8754155.0,
        "Net Income From Continuing Operation Net Minority Interest": -8718131.0,
        "EBITDA": -8754155.0,
        "EBIT": -8754155.0,
        "Net Interest Income": 36024.0,
        "Interest Income": 36024.0,
        "Normalized Income": -8718131.0,
        "Net Income From Continuing And Discontinued Operation": -8718131.0,
        "Total Expenses": 8754155.0,
        "Total Operating Income As Reported": -8754155.0,
        "Diluted Average Shares": 8163923.0,
        "Basic Average Shares": 8163923.0,
        "Diluted EPS": -0.73,
        "Basic EPS": -0.73,
        "Diluted NI Availto Com Stockholders": -8718131.0,
        "Net Income Common Stockholders": -8718131.0,
        "Net Income": -8718131.0,
        "Net Income Including Noncontrolling Interests": -8718131.0,
        "Net Income Continuous Operations": -8718131.0,
        "Pretax Income": -8718131.0,
        "Net Non Operating Interest Income Expense": 36024.0,
        "Total Other Finance Cost": NaN,
        "Interest Income Non Operating": 36024.0,
        "Operating Income": -8754155.0,
        "Operating Expense": 8754155.0,
        "Provision For Doubtful Accounts": 0.0,
        "Research And Development": 6815708.0,
        "Selling General And Administration": 1938447.0,
        "General And Administrative Expense": 1938447.0,
        "Other Gand A": 1938447.0,
        "Total Revenue": 0.0,
        "Operating Revenue": 0.0
    },
    "2022-03-31": {
        "Diluted EPS": -0.64,
        "Total Revenue": NaN,
        "Gross Profit": NaN,
        "Operating Income": -5,
        "EBIT": -5,
        "Net Income": -5
    },
    "2021-12-31": {
        "Diluted EPS": -0.75,
        "Total Revenue": NaN,
        "Gross Profit": NaN,
        "Operating Income": -6,
        "EBIT": -6,
        "Net Income": -6
    },
    "2021-09-30": {
        "Diluted EPS": -0.35,
        "Total Revenue": NaN,
        "Gross Profit": NaN,
        "Operating Income": -3,
        "EBIT": -3,
        "Net Income": -3
    },
    "2021-06-30": {
        "Diluted EPS": -0.34,
        "Total Revenue": NaN,
        "Gross Profit": NaN,
        "Operating Income": -3,
        "EBIT": -3,
        "Net Income": -3
    },
    "2021-03-31": {
        "Diluted EPS": -0.46,
        "Total Revenue": NaN,
        "Gross Profit": NaN,
        "Operating Income": -3,
        "EBIT": -3,
        "Net Income": -3
    },
    "2020-12-31": {
        "Diluted EPS": -0.28,
        "Total Revenue": NaN,
        "Gross Profit": NaN,
        "Operating Income": -2,
        "EBIT": -2,
        "Net Income": -2
    },
    "2020-09-30": {
        "Diluted EPS": -0.15,
        "Total Revenue": NaN,
        "Gross Profit": NaN,
        "Operating Income": -2,
        "EBIT": -2,
        "Net Income": -1
    },
    "2020-06-30": {
        "Diluted EPS": -0.34,
        "Total Revenue": NaN,
        "Gross Profit": NaN,
        "Operating Income": -3,
        "EBIT": -3,
        "Net Income": -2
    },
    "2020-03-31": {
        "Diluted EPS": -0.1,
        "Total Revenue": NaN,
        "Gross Profit": NaN,
        "Operating Income": -1,
        "EBIT": -1,
        "Net Income": 0
    },
    "2019-12-31": {
        "Diluted EPS": -0.71,
        "Total Revenue": NaN,
        "Gross Profit": NaN,
        "Operating Income": -1,
        "EBIT": -1,
        "Net Income": 0
    },
    "2019-09-30": {
        "Diluted EPS": -0.9,
        "Total Revenue": NaN,
        "Gross Profit": NaN,
        "Operating Income": 0,
        "EBIT": 0,
        "Net Income": 0
    },
    "2019-06-30": {
        "Diluted EPS": -1.22,
        "Total Revenue": NaN,
        "Gross Profit": NaN,
        "Operating Income": 0,
        "EBIT": 0,
        "Net Income": 0
    },
    "2019-03-31": {
        "Diluted EPS": -0.68,
        "Total Revenue": NaN,
        "Gross Profit": NaN,
        "Operating Income": 0,
        "EBIT": 0,
        "Net Income": 0
    },
    "2018-12-31": {
        "Diluted EPS": 0.0,
        "Total Revenue": NaN,
        "Gross Profit": NaN,
        "Operating Income": NaN,
        "EBIT": NaN,
        "Net Income": NaN
    },
    "2023-06-30": {
        "Tax Effect Of Unusual Items": NaN,
        "Tax Rate For Calcs": NaN,
        "Normalized EBITDA": NaN,
        "Total Unusual Items": NaN,
        "Total Unusual Items Excluding Goodwill": NaN,
        "Net Income From Continuing Operation Net Minority Interest": NaN,
        "EBITDA": NaN,
        "EBIT": NaN,
        "Net Interest Income": NaN,
        "Interest Income": NaN,
        "Normalized Income": NaN,
        "Net Income From Continuing And Discontinued Operation": NaN,
        "Total Expenses": NaN,
        "Total Operating Income As Reported": NaN,
        "Diluted Average Shares": NaN,
        "Basic Average Shares": NaN,
        "Diluted EPS": NaN,
        "Basic EPS": NaN,
        "Diluted NI Availto Com Stockholders": NaN,
        "Net Income Common Stockholders": NaN,
        "Net Income": NaN,
        "Net Income Including Noncontrolling Interests": NaN,
        "Net Income Continuous Operations": NaN,
        "Pretax Income": NaN,
        "Other Income Expense": NaN,
        "Gain On Sale Of Security": NaN,
        "Net Non Operating Interest Income Expense": NaN,
        "Total Other Finance Cost": -222578.0,
        "Interest Income Non Operating": NaN,
        "Operating Income": NaN,
        "Operating Expense": NaN,
        "Provision For Doubtful Accounts": NaN,
        "Research And Development": NaN,
        "Selling General And Administration": NaN,
        "General And Administrative Expense": NaN,
        "Other Gand A": NaN,
        "Total Revenue": NaN,
        "Operating Revenue": NaN
    },
    "2023-09-30": {
        "Tax Effect Of Unusual Items": NaN,
        "Tax Rate For Calcs": NaN,
        "Normalized EBITDA": NaN,
        "Total Unusual Items": NaN,
        "Total Unusual Items Excluding Goodwill": NaN,
        "Net Income From Continuing Operation Net Minority Interest": NaN,
        "EBITDA": NaN,
        "EBIT": NaN,
        "Net Interest Income": NaN,
        "Interest Income": NaN,
        "Normalized Income": NaN,
        "Net Income From Continuing And Discontinued Operation": NaN,
        "Total Expenses": NaN,
        "Total Operating Income As Reported": NaN,
        "Diluted Average Shares": NaN,
        "Basic Average Shares": NaN,
        "Diluted EPS": NaN,
        "Basic EPS": NaN,
        "Diluted NI Availto Com Stockholders": NaN,
        "Average Dilution Earnings": NaN,
        "Net Income Common Stockholders": NaN,
        "Net Income": NaN,
        "Net Income Including Noncontrolling Interests": NaN,
        "Net Income Continuous Operations": NaN,
        "Pretax Income": NaN,
        "Other Income Expense": NaN,
        "Gain On Sale Of Security": NaN,
        "Net Non Operating Interest Income Expense": NaN,
        "Total Other Finance Cost": NaN,
        "Interest Income Non Operating": NaN,
        "Operating Income": NaN,
        "Operating Expense": NaN,
        "Provision For Doubtful Accounts": 0.0,
        "Research And Development": NaN,
        "Selling General And Administration": NaN,
        "General And Administrative Expense": NaN,
        "Other Gand A": NaN,
        "Total Revenue": NaN,
        "Operating Revenue": NaN
    },
    "2023-12-31": {
        "Tax Effect Of Unusual Items": NaN,
        "Tax Rate For Calcs": NaN,
        "Normalized EBITDA": NaN,
        "Total Unusual Items": NaN,
        "Total Unusual Items Excluding Goodwill": NaN,
        "Net Income From Continuing Operation Net Minority Interest": NaN,
        "EBITDA": NaN,
        "EBIT": NaN,
        "Net Interest Income": NaN,
        "Interest Income": NaN,
        "Normalized Income": NaN,
        "Net Income From Continuing And Discontinued Operation": NaN,
        "Total Expenses": NaN,
        "Total Operating Income As Reported": NaN,
        "Diluted Average Shares": NaN,
        "Basic Average Shares": NaN,
        "Diluted EPS": NaN,
        "Basic EPS": NaN,
        "Diluted NI Availto Com Stockholders": NaN,
        "Average Dilution Earnings": NaN,
        "Net Income Common Stockholders": NaN,
        "Net Income": NaN,
        "Net Income Including Noncontrolling Interests": NaN,
        "Net Income Continuous Operations": NaN,
        "Pretax Income": NaN,
        "Other Income Expense": NaN,
        "Gain On Sale Of Security": NaN,
        "Net Non Operating Interest Income Expense": NaN,
        "Total Other Finance Cost": NaN,
        "Interest Income Non Operating": NaN,
        "Operating Income": NaN,
        "Operating Expense": NaN,
        "Provision For Doubtful Accounts": 0.0,
        "Research And Development": NaN,
        "Selling General And Administration": NaN,
        "General And Administrative Expense": NaN,
        "Other Gand A": NaN,
        "Total Revenue": NaN,
        "Operating Revenue": NaN
    },
    "2024-03-31": {
        "Tax Effect Of Unusual Items": 0.0,
        "Tax Rate For Calcs": 0.0,
        "Normalized EBITDA": -14508499.0,
        "Total Unusual Items": 6698692.0,
        "Total Unusual Items Excluding Goodwill": 6698692.0,
        "Net Income From Continuing Operation Net Minority Interest": -1066947.0,
        "EBITDA": -7809807.0,
        "EBIT": -7809807.0,
        "Net Interest Income": 44168.0,
        "Interest Income": 44168.0,
        "Normalized Income": -7765639.0,
        "Net Income From Continuing And Discontinued Operation": -1066947.0,
        "Total Expenses": 7809807.0,
        "Total Operating Income As Reported": -7809807.0,
        "Diluted Average Shares": 10824771.0,
        "Basic Average Shares": 10625065.0,
        "Diluted EPS": -0.72,
        "Basic EPS": -0.1,
        "Diluted NI Availto Com Stockholders": -7765639.0,
        "Average Dilution Earnings": -6698692.0,
        "Net Income Common Stockholders": -1066947.0,
        "Net Income": -1066947.0,
        "Net Income Including Noncontrolling Interests": -1066947.0,
        "Net Income Continuous Operations": -1066947.0,
        "Pretax Income": -1066947.0,
        "Other Income Expense": 6698692.0,
        "Gain On Sale Of Security": 6698692.0,
        "Net Non Operating Interest Income Expense": 44168.0,
        "Total Other Finance Cost": NaN,
        "Interest Income Non Operating": 44168.0,
        "Operating Income": -7809807.0,
        "Operating Expense": 7809807.0,
        "Provision For Doubtful Accounts": 0.0,
        "Research And Development": 6514920.0,
        "Selling General And Administration": 1294887.0,
        "General And Administrative Expense": 1294887.0,
        "Other Gand A": 1294887.0,
        "Total Revenue": 0.0,
        "Operating Revenue": 0.0
    },
    "2024-06-30": {
        "Tax Effect Of Unusual Items": 0.0,
        "Tax Rate For Calcs": 0.0,
        "Normalized EBITDA": -11824946.0,
        "Total Unusual Items": 4062308.0,
        "Total Unusual Items Excluding Goodwill": 4062308.0,
        "Net Income From Continuing Operation Net Minority Interest": -5020412.0,
        "EBITDA": -7762638.0,
        "EBIT": -7762638.0,
        "Net Interest Income": -1320082.0,
        "Interest Income": 25978.0,
        "Normalized Income": -9082720.0,
        "Net Income From Continuing And Discontinued Operation": -5020412.0,
        "Total Expenses": 7762638.0,
        "Total Operating Income As Reported": -7762638.0,
        "Diluted Average Shares": 11307759.0,
        "Basic Average Shares": 11307759.0,
        "Diluted EPS": -0.44,
        "Basic EPS": -0.44,
        "Diluted NI Availto Com Stockholders": -5020412.0,
        "Average Dilution Earnings": NaN,
        "Net Income Common Stockholders": -5020412.0,
        "Net Income": -5020412.0,
        "Net Income Including Noncontrolling Interests": -5020412.0,
        "Net Income Continuous Operations": -5020412.0,
        "Pretax Income": -5020412.0,
        "Other Income Expense": 4062308.0,
        "Gain On Sale Of Security": 4062308.0,
        "Net Non Operating Interest Income Expense": -1320082.0,
        "Total Other Finance Cost": 1346060.0,
        "Interest Income Non Operating": 25978.0,
        "Operating Income": -7762638.0,
        "Operating Expense": 7762638.0,
        "Provision For Doubtful Accounts": 0.0,
        "Research And Development": 5785217.0,
        "Selling General And Administration": 1977421.0,
        "General And Administrative Expense": 1977421.0,
        "Other Gand A": 1977421.0,
        "Total Revenue": 0.0,
        "Operating Revenue": 0.0
    },
    "2024-09-30": {
        "Tax Effect Of Unusual Items": 0.0,
        "Tax Rate For Calcs": 0.0,
        "Normalized EBITDA": 3474497.0,
        "Total Unusual Items": -7862108.0,
        "Total Unusual Items Excluding Goodwill": -7862108.0,
        "Net Income From Continuing Operation Net Minority Interest": -12638357.0,
        "EBITDA": -4387611.0,
        "EBIT": -4387611.0,
        "Net Interest Income": -388638.0,
        "Interest Income": 135430.0,
        "Normalized Income": -4776249.0,
        "Net Income From Continuing And Discontinued Operation": -12638357.0,
        "Total Expenses": 4387611.0,
        "Total Operating Income As Reported": -4387611.0,
        "Diluted Average Shares": 12975808.0,
        "Basic Average Shares": 12975808.0,
        "Diluted EPS": -0.97,
        "Basic EPS": -0.97,
        "Diluted NI Availto Com Stockholders": -12638357.0,
        "Average Dilution Earnings": NaN,
        "Net Income Common Stockholders": -12638357.0,
        "Net Income": -12638357.0,
        "Net Income Including Noncontrolling Interests": -12638357.0,
        "Net Income Continuous Operations": -12638357.0,
        "Pretax Income": -12638357.0,
        "Other Income Expense": -7862108.0,
        "Gain On Sale Of Security": -7862108.0,
        "Net Non Operating Interest Income Expense": -388638.0,
        "Total Other Finance Cost": 524068.0,
        "Interest Income Non Operating": 135430.0,
        "Operating Income": -4387611.0,
        "Operating Expense": 4387611.0,
        "Provision For Doubtful Accounts": 0.0,
        "Research And Development": 2689561.0,
        "Selling General And Administration": 1698050.0,
        "General And Administrative Expense": 1698050.0,
        "Other Gand A": 1698050.0,
        "Total Revenue": 0.0,
        "Operating Revenue": 0.0
    },
    "2024-12-31": {
        "Tax Effect Of Unusual Items": 0.0,
        "Tax Rate For Calcs": 0.0,
        "Normalized EBITDA": -7461873.0,
        "Total Unusual Items": 727001.0,
        "Total Unusual Items Excluding Goodwill": 727001.0,
        "Net Income From Continuing Operation Net Minority Interest": -5864659.0,
        "EBITDA": -6734872.0,
        "EBIT": -6734872.0,
        "Net Interest Income": 143212.0,
        "Interest Income": 126273.0,
        "Normalized Income": -6591660.0,
        "Net Income From Continuing And Discontinued Operation": -5864659.0,
        "Total Expenses": 6734872.0,
        "Total Operating Income As Reported": -6734872.0,
        "Diluted Average Shares": 13794519.0,
        "Basic Average Shares": 13794519.0,
        "Diluted EPS": -0.43,
        "Basic EPS": -0.43,
        "Diluted NI Availto Com Stockholders": -9490552.0,
        "Average Dilution Earnings": NaN,
        "Net Income Common Stockholders": -5864659.0,
        "Net Income": -5864659.0,
        "Net Income Including Noncontrolling Interests": -5864659.0,
        "Net Income Continuous Operations": -5864659.0,
        "Pretax Income": -5864659.0,
        "Other Income Expense": 727001.0,
        "Gain On Sale Of Security": 727001.0,
        "Net Non Operating Interest Income Expense": 143212.0,
        "Total Other Finance Cost": -16939.0,
        "Interest Income Non Operating": 126273.0,
        "Operating Income": -6734872.0,
        "Operating Expense": 6734872.0,
        "Provision For Doubtful Accounts": NaN,
        "Research And Development": 4998579.0,
        "Selling General And Administration": 1736293.0,
        "General And Administrative Expense": 1736293.0,
        "Other Gand A": 1736293.0,
        "Total Revenue": 0.0,
        "Operating Revenue": 0.0
    },
    "2025-03-31": {
        "Tax Effect Of Unusual Items": 0.0,
        "Tax Rate For Calcs": 0.0,
        "Normalized EBITDA": -6840681.0,
        "Total Unusual Items": 558000.0,
        "Total Unusual Items Excluding Goodwill": 558000.0,
        "Net Income From Continuing Operation Net Minority Interest": -5537069.0,
        "EBITDA": -6282681.0,
        "EBIT": -6282681.0,
        "Net Interest Income": 187612.0,
        "Interest Income": 187612.0,
        "Normalized Income": -6095069.0,
        "Net Income From Continuing And Discontinued Operation": -5537069.0,
        "Total Expenses": 6282681.0,
        "Total Operating Income As Reported": -6282681.0,
        "Diluted Average Shares": 17431234.0,
        "Basic Average Shares": 17431234.0,
        "Diluted EPS": -0.32,
        "Basic EPS": -0.32,
        "Diluted NI Availto Com Stockholders": -5537069.0,
        "Average Dilution Earnings": 0.0,
        "Net Income Common Stockholders": -5537069.0,
        "Net Income": -5537069.0,
        "Net Income Including Noncontrolling Interests": -5537069.0,
        "Net Income Continuous Operations": -5537069.0,
        "Pretax Income": -5537069.0,
        "Other Income Expense": 558000.0,
        "Gain On Sale Of Security": 558000.0,
        "Net Non Operating Interest Income Expense": 187612.0,
        "Total Other Finance Cost": NaN,
        "Interest Income Non Operating": 187612.0,
        "Operating Income": -6282681.0,
        "Operating Expense": 6282681.0,
        "Provision For Doubtful Accounts": NaN,
        "Research And Development": 5011517.0,
        "Selling General And Administration": 1271164.0,
        "General And Administrative Expense": 1271164.0,
        "Other Gand A": 1271164.0,
        "Total Revenue": 0.0,
        "Operating Revenue": 0.0
    }
}