{
    "2023-06-30": {
        "Tax Effect Of Unusual Items": NaN,
        "Tax Rate For Calcs": NaN,
        "Normalized EBITDA": NaN,
        "Total Unusual Items": NaN,
        "Total Unusual Items Excluding Goodwill": NaN,
        "Net Income From Continuing Operation Net Minority Interest": NaN,
        "Reconciled Depreciation": NaN,
        "Reconciled Cost Of Revenue": NaN,
        "EBITDA": NaN,
        "EBIT": NaN,
        "Net Interest Income": NaN,
        "Interest Expense": NaN,
        "Interest Income": NaN,
        "Normalized Income": NaN,
        "Net Income From Continuing And Discontinued Operation": NaN,
        "Total Expenses": NaN,
        "Rent Expense Supplemental": NaN,
        "Total Operating Income As Reported": NaN,
        "Diluted Average Shares": NaN,
        "Basic Average Shares": NaN,
        "Diluted EPS": NaN,
        "Basic EPS": NaN,
        "Diluted NI Availto Com Stockholders": NaN,
        "Net Income Common Stockholders": NaN,
        "Net Income": NaN,
        "Minority Interests": NaN,
        "Net Income Including Noncontrolling Interests": NaN,
        "Net Income Continuous Operations": NaN,
        "Tax Provision": NaN,
        "Pretax Income": NaN,
        "Other Income Expense": NaN,
        "Special Income Charges": NaN,
        "Gain On Sale Of Business": 0.0,
        "Other Special Charges": NaN,
        "Restructuring And Mergern Acquisition": NaN,
        "Earnings From Equity Interest": NaN,
        "Gain On Sale Of Security": NaN,
        "Net Non Operating Interest Income Expense": NaN,
        "Interest Expense Non Operating": NaN,
        "Interest Income Non Operating": NaN,
        "Operating Income": NaN,
        "Operating Expense": NaN,
        "Other Operating Expenses": NaN,
        "Depreciation Amortization Depletion Income Statement": NaN,
        "Depreciation And Amortization In Income Statement": NaN,
        "Amortization": NaN,
        "Amortization Of Intangibles Income Statement": NaN,
        "Depreciation Income Statement": NaN,
        "Selling General And Administration": NaN,
        "General And Administrative Expense": NaN,
        "Other Gand A": NaN,
        "Rent And Landing Fees": NaN,
        "Salaries And Wages": NaN,
        "Gross Profit": NaN,
        "Cost Of Revenue": NaN,
        "Total Revenue": NaN,
        "Operating Revenue": NaN
    },
    "2023-03-31": {
        "Tax Effect Of Unusual Items": NaN,
        "Tax Rate For Calcs": NaN,
        "Normalized EBITDA": NaN,
        "Total Unusual Items": NaN,
        "Total Unusual Items Excluding Goodwill": NaN,
        "Net Income From Continuing Operation Net Minority Interest": NaN,
        "Reconciled Depreciation": NaN,
        "Reconciled Cost Of Revenue": NaN,
        "EBITDA": NaN,
        "EBIT": NaN,
        "Net Interest Income": NaN,
        "Interest Expense": NaN,
        "Interest Income": NaN,
        "Normalized Income": NaN,
        "Net Income From Continuing And Discontinued Operation": NaN,
        "Total Expenses": NaN,
        "Rent Expense Supplemental": NaN,
        "Total Operating Income As Reported": NaN,
        "Diluted Average Shares": NaN,
        "Basic Average Shares": NaN,
        "Diluted EPS": NaN,
        "Basic EPS": NaN,
        "Diluted NI Availto Com Stockholders": NaN,
        "Net Income Common Stockholders": NaN,
        "Net Income": NaN,
        "Minority Interests": NaN,
        "Net Income Including Noncontrolling Interests": NaN,
        "Net Income Continuous Operations": NaN,
        "Tax Provision": NaN,
        "Pretax Income": NaN,
        "Other Income Expense": NaN,
        "Special Income Charges": NaN,
        "Gain On Sale Of Business": 0.0,
        "Other Special Charges": NaN,
        "Restructuring And Mergern Acquisition": NaN,
        "Earnings From Equity Interest": NaN,
        "Gain On Sale Of Security": NaN,
        "Net Non Operating Interest Income Expense": NaN,
        "Interest Expense Non Operating": NaN,
        "Interest Income Non Operating": NaN,
        "Operating Income": NaN,
        "Operating Expense": NaN,
        "Other Operating Expenses": NaN,
        "Depreciation Amortization Depletion Income Statement": NaN,
        "Depreciation And Amortization In Income Statement": NaN,
        "Amortization": NaN,
        "Amortization Of Intangibles Income Statement": NaN,
        "Depreciation Income Statement": NaN,
        "Selling General And Administration": NaN,
        "General And Administrative Expense": NaN,
        "Other Gand A": NaN,
        "Rent And Landing Fees": NaN,
        "Salaries And Wages": NaN,
        "Gross Profit": NaN,
        "Cost Of Revenue": NaN,
        "Total Revenue": NaN,
        "Operating Revenue": NaN
    },
    "2022-12-31": {
        "Tax Effect Of Unusual Items": NaN,
        "Tax Rate For Calcs": NaN,
        "Normalized EBITDA": NaN,
        "Total Unusual Items": NaN,
        "Total Unusual Items Excluding Goodwill": NaN,
        "Net Income From Continuing Operation Net Minority Interest": NaN,
        "Reconciled Depreciation": NaN,
        "Reconciled Cost Of Revenue": NaN,
        "EBITDA": NaN,
        "EBIT": NaN,
        "Net Interest Income": NaN,
        "Interest Expense": NaN,
        "Interest Income": NaN,
        "Normalized Income": NaN,
        "Net Income From Continuing And Discontinued Operation": NaN,
        "Total Expenses": NaN,
        "Rent Expense Supplemental": NaN,
        "Total Operating Income As Reported": NaN,
        "Diluted Average Shares": NaN,
        "Basic Average Shares": NaN,
        "Diluted EPS": NaN,
        "Basic EPS": NaN,
        "Diluted NI Availto Com Stockholders": NaN,
        "Net Income Common Stockholders": NaN,
        "Net Income": NaN,
        "Minority Interests": NaN,
        "Net Income Including Noncontrolling Interests": NaN,
        "Net Income Continuous Operations": NaN,
        "Tax Provision": NaN,
        "Pretax Income": NaN,
        "Other Income Expense": NaN,
        "Other Non Operating Income Expenses": -170000000.0,
        "Special Income Charges": NaN,
        "Gain On Sale Of Business": NaN,
        "Other Special Charges": NaN,
        "Restructuring And Mergern Acquisition": NaN,
        "Earnings From Equity Interest": NaN,
        "Gain On Sale Of Security": NaN,
        "Net Non Operating Interest Income Expense": NaN,
        "Interest Expense Non Operating": NaN,
        "Interest Income Non Operating": NaN,
        "Operating Income": NaN,
        "Operating Expense": NaN,
        "Other Operating Expenses": NaN,
        "Depreciation Amortization Depletion Income Statement": NaN,
        "Depreciation And Amortization In Income Statement": NaN,
        "Amortization": NaN,
        "Amortization Of Intangibles Income Statement": NaN,
        "Depreciation Income Statement": NaN,
        "Selling General And Administration": NaN,
        "General And Administrative Expense": NaN,
        "Other Gand A": NaN,
        "Rent And Landing Fees": NaN,
        "Salaries And Wages": NaN,
        "Gross Profit": NaN,
        "Cost Of Revenue": NaN,
        "Total Revenue": NaN,
        "Operating Revenue": NaN
    },
    "2022-09-30": {
        "Tax Effect Of Unusual Items": NaN,
        "Tax Rate For Calcs": NaN,
        "Normalized EBITDA": NaN,
        "Total Unusual Items": NaN,
        "Total Unusual Items Excluding Goodwill": NaN,
        "Net Income From Continuing Operation Net Minority Interest": NaN,
        "Reconciled Depreciation": NaN,
        "Reconciled Cost Of Revenue": NaN,
        "EBITDA": NaN,
        "EBIT": NaN,
        "Net Interest Income": NaN,
        "Interest Expense": NaN,
        "Interest Income": NaN,
        "Normalized Income": NaN,
        "Net Income From Continuing And Discontinued Operation": NaN,
        "Total Expenses": NaN,
        "Rent Expense Supplemental": NaN,
        "Total Operating Income As Reported": NaN,
        "Diluted Average Shares": NaN,
        "Basic Average Shares": NaN,
        "Diluted EPS": NaN,
        "Basic EPS": NaN,
        "Diluted NI Availto Com Stockholders": NaN,
        "Net Income Common Stockholders": NaN,
        "Net Income": NaN,
        "Minority Interests": NaN,
        "Net Income Including Noncontrolling Interests": NaN,
        "Net Income Continuous Operations": NaN,
        "Tax Provision": NaN,
        "Pretax Income": NaN,
        "Other Income Expense": NaN,
        "Other Non Operating Income Expenses": -3000000.0,
        "Special Income Charges": NaN,
        "Gain On Sale Of Business": NaN,
        "Restructuring And Mergern Acquisition": 0.0,
        "Earnings From Equity Interest": NaN,
        "Gain On Sale Of Security": NaN,
        "Net Non Operating Interest Income Expense": NaN,
        "Interest Expense Non Operating": NaN,
        "Interest Income Non Operating": NaN,
        "Operating Income": NaN,
        "Operating Expense": NaN,
        "Other Operating Expenses": NaN,
        "Depreciation Amortization Depletion Income Statement": NaN,
        "Depreciation And Amortization In Income Statement": NaN,
        "Amortization": NaN,
        "Amortization Of Intangibles Income Statement": NaN,
        "Depreciation Income Statement": NaN,
        "Selling General And Administration": NaN,
        "General And Administrative Expense": NaN,
        "Other Gand A": NaN,
        "Rent And Landing Fees": NaN,
        "Salaries And Wages": NaN,
        "Gross Profit": NaN,
        "Cost Of Revenue": NaN,
        "Total Revenue": NaN,
        "Operating Revenue": NaN
    },
    "2022-06-30": {
        "Tax Effect Of Unusual Items": 5640000.0,
        "Tax Rate For Calcs": 0.188,
        "Normalized EBITDA": 770000000.0,
        "Total Unusual Items": 30000000.0,
        "Total Unusual Items Excluding Goodwill": 30000000.0,
        "Net Income From Continuing Operation Net Minority Interest": 501000000.0,
        "Reconciled Depreciation": 65000000.0,
        "Reconciled Cost Of Revenue": 1639000000.0,
        "EBITDA": 800000000.0,
        "EBIT": 735000000.0,
        "Net Interest Income": -97000000.0,
        "Interest Expense": 102000000.0,
        "Interest Income": 5000000.0,
        "Normalized Income": 476640000.0,
        "Net Income From Continuing And Discontinued Operation": 501000000.0,
        "Total Expenses": 2283000000.0,
        "Rent Expense Supplemental": 73000000.0,
        "Total Operating Income As Reported": 700000000.0,
        "Diluted Average Shares": 214700000.0,
        "Basic Average Shares": 213300000.0,
        "Diluted EPS": 2.33,
        "Basic EPS": 2.35,
        "Diluted NI Availto Com Stockholders": 501000000.0,
        "Net Income Common Stockholders": 501000000.0,
        "Net Income": 501000000.0,
        "Minority Interests": -13000000.0,
        "Net Income Including Noncontrolling Interests": 514000000.0,
        "Net Income Continuous Operations": 514000000.0,
        "Tax Provision": 119000000.0,
        "Pretax Income": 633000000.0,
        "Other Income Expense": 30000000.0,
        "Other Non Operating Income Expenses": -3000000.0,
        "Special Income Charges": 22000000.0,
        "Gain On Sale Of Business": 22000000.0,
        "Earnings From Equity Interest": 3000000.0,
        "Gain On Sale Of Security": 8000000.0,
        "Net Non Operating Interest Income Expense": -97000000.0,
        "Interest Expense Non Operating": 102000000.0,
        "Interest Income Non Operating": 5000000.0,
        "Operating Income": 700000000.0,
        "Operating Expense": 644000000.0,
        "Other Operating Expenses": 115000000.0,
        "Depreciation Amortization Depletion Income Statement": 65000000.0,
        "Depreciation And Amortization In Income Statement": 65000000.0,
        "Amortization": 25000000.0,
        "Amortization Of Intangibles Income Statement": 25000000.0,
        "Depreciation Income Statement": 40000000.0,
        "Selling General And Administration": 579000000.0,
        "General And Administrative Expense": 579000000.0,
        "Other Gand A": 506000000.0,
        "Rent And Landing Fees": 73000000.0,
        "Salaries And Wages": 3000000.0,
        "Gross Profit": 1344000000.0,
        "Cost Of Revenue": 1639000000.0,
        "Total Revenue": 2983000000.0,
        "Operating Revenue": 2983000000.0
    },
    "2022-03-31": {
        "Diluted EPS": 4.73,
        "Total Revenue": NaN,
        "Gross Profit": NaN,
        "Operating Income": NaN,
        "EBIT": NaN,
        "Net Income": NaN
    },
    "2021-12-31": {
        "Diluted EPS": 3.88,
        "Total Revenue": NaN,
        "Gross Profit": NaN,
        "Operating Income": 974,
        "EBIT": NaN,
        "Net Income": 863
    },
    "2021-09-30": {
        "Diluted EPS": -3.99,
        "Total Revenue": NaN,
        "Gross Profit": 867,
        "Operating Income": -801,
        "EBIT": -709,
        "Net Income": -900
    },
    "2021-06-30": {
        "Diluted EPS": 1.66,
        "Total Revenue": NaN,
        "Gross Profit": NaN,
        "Operating Income": 672,
        "EBIT": 749,
        "Net Income": 379
    },
    "2021-03-31": {
        "Diluted EPS": 4.0,
        "Total Revenue": NaN,
        "Gross Profit": NaN,
        "Operating Income": NaN,
        "EBIT": NaN,
        "Net Income": 913
    },
    "2020-12-31": {
        "Diluted EPS": 2.28,
        "Total Revenue": NaN,
        "Gross Profit": NaN,
        "Operating Income": 713,
        "EBIT": 797,
        "Net Income": 524
    },
    "2020-09-30": {
        "Diluted EPS": 1.18,
        "Total Revenue": NaN,
        "Gross Profit": 998,
        "Operating Income": 441,
        "EBIT": 533,
        "Net Income": 275
    },
    "2020-06-30": {
        "Diluted EPS": 1.7,
        "Total Revenue": NaN,
        "Gross Profit": NaN,
        "Operating Income": 594,
        "EBIT": 693,
        "Net Income": 398
    },
    "2020-03-31": {
        "Diluted EPS": 3.29,
        "Total Revenue": NaN,
        "Gross Profit": NaN,
        "Operating Income": NaN,
        "EBIT": NaN,
        "Net Income": 772
    },
    "2019-12-31": {
        "Diluted EPS": 1.6,
        "Total Revenue": NaN,
        "Gross Profit": NaN,
        "Operating Income": 524,
        "EBIT": 669,
        "Net Income": 374
    },
    "2019-09-30": {
        "Diluted EPS": 0.93,
        "Total Revenue": NaN,
        "Gross Profit": NaN,
        "Operating Income": 360,
        "EBIT": 505,
        "Net Income": 222
    },
    "2019-06-30": {
        "Diluted EPS": 1.14,
        "Total Revenue": NaN,
        "Gross Profit": NaN,
        "Operating Income": 413,
        "EBIT": 550,
        "Net Income": 277
    },
    "2019-03-31": {
        "Diluted EPS": 2.7,
        "Total Revenue": NaN,
        "Gross Profit": NaN,
        "Operating Income": 872,
        "EBIT": NaN,
        "Net Income": 659
    },
    "2018-12-31": {
        "Diluted EPS": 1.43,
        "Total Revenue": NaN,
        "Gross Profit": NaN,
        "Operating Income": 499,
        "EBIT": 650,
        "Net Income": 345
    },
    "2018-09-30": {
        "Diluted EPS": 0.6,
        "Total Revenue": NaN,
        "Gross Profit": 957,
        "Operating Income": 262,
        "EBIT": 402,
        "Net Income": 147
    },
    "2018-06-30": {
        "Diluted EPS": 0.19,
        "Total Revenue": NaN,
        "Gross Profit": NaN,
        "Operating Income": -16,
        "EBIT": 423,
        "Net Income": 48
    },
    "2018-03-31": {
        "Diluted EPS": 2.37,
        "Total Revenue": NaN,
        "Gross Profit": NaN,
        "Operating Income": 799,
        "EBIT": 838,
        "Net Income": 594
    },
    "2017-12-31": {
        "Diluted EPS": -0.04,
        "Total Revenue": NaN,
        "Gross Profit": NaN,
        "Operating Income": 601,
        "EBIT": 740,
        "Net Income": -19
    },
    "2017-09-30": {
        "Diluted EPS": 0.72,
        "Total Revenue": NaN,
        "Gross Profit": 912,
        "Operating Income": 256,
        "EBIT": 397,
        "Net Income": 185
    },
    "2017-06-30": {
        "Diluted EPS": 2.93,
        "Total Revenue": NaN,
        "Gross Profit": 902,
        "Operating Income": -127,
        "EBIT": 430,
        "Net Income": 769
    },
    "2017-03-31": {
        "Diluted EPS": 1.09,
        "Total Revenue": NaN,
        "Gross Profit": 912,
        "Operating Income": 335,
        "EBIT": 389,
        "Net Income": 291
    },
    "2016-12-31": {
        "Diluted EPS": 1.68,
        "Total Revenue": NaN,
        "Gross Profit": NaN,
        "Operating Income": 636,
        "EBIT": 720,
        "Net Income": 452
    },
    "2016-09-30": {
        "Diluted EPS": 1.18,
        "Total Revenue": NaN,
        "Gross Profit": 901,
        "Operating Income": 368,
        "EBIT": 449,
        "Net Income": 319
    },
    "2016-06-30": {
        "Diluted EPS": 1.11,
        "Total Revenue": NaN,
        "Gross Profit": 886,
        "Operating Income": 387,
        "EBIT": 466,
        "Net Income": 300
    },
    "2016-03-31": {
        "Diluted EPS": 1.19,
        "Total Revenue": NaN,
        "Gross Profit": 931,
        "Operating Income": 420,
        "EBIT": 495,
        "Net Income": 325
    },
    "2015-12-31": {
        "Diluted EPS": 2.08,
        "Total Revenue": NaN,
        "Gross Profit": 461,
        "Operating Income": 456,
        "EBIT": 388,
        "Net Income": 584
    },
    "2015-09-30": {
        "Diluted EPS": 1.04,
        "Total Revenue": NaN,
        "Gross Profit": NaN,
        "Operating Income": 413,
        "EBIT": 547,
        "Net Income": 295
    },
    "2015-06-30": {
        "Diluted EPS": 0.62,
        "Total Revenue": NaN,
        "Gross Profit": NaN,
        "Operating Income": 277,
        "EBIT": 413,
        "Net Income": 178
    },
    "2015-03-31": {
        "Diluted EPS": 1.14,
        "Total Revenue": NaN,
        "Gross Profit": NaN,
        "Operating Income": 441,
        "EBIT": 577,
        "Net Income": 328
    },
    "2014-12-31": {
        "Diluted EPS": 1.55,
        "Total Revenue": NaN,
        "Gross Profit": NaN,
        "Operating Income": 635,
        "EBIT": 783,
        "Net Income": 459
    },
    "2014-09-30": {
        "Diluted EPS": 1.04,
        "Total Revenue": NaN,
        "Gross Profit": NaN,
        "Operating Income": 417,
        "EBIT": 568,
        "Net Income": 309
    },
    "2014-06-30": {
        "Diluted EPS": 1.01,
        "Total Revenue": NaN,
        "Gross Profit": NaN,
        "Operating Income": 445,
        "EBIT": 594,
        "Net Income": 304
    },
    "2014-03-31": {
        "Diluted EPS": 1.06,
        "Total Revenue": NaN,
        "Gross Profit": NaN,
        "Operating Income": 469,
        "EBIT": 615,
        "Net Income": 325
    },
    "2013-12-31": {
        "Diluted EPS": 1.13,
        "Total Revenue": NaN,
        "Gross Profit": NaN,
        "Operating Income": 515,
        "EBIT": 677,
        "Net Income": 355
    },
    "2013-09-30": {
        "Diluted EPS": 0.82,
        "Total Revenue": NaN,
        "Gross Profit": NaN,
        "Operating Income": 364,
        "EBIT": 521,
        "Net Income": 256
    },
    "2013-06-30": {
        "Diluted EPS": 0.76,
        "Total Revenue": NaN,
        "Gross Profit": NaN,
        "Operating Income": 382,
        "EBIT": 540,
        "Net Income": 241
    },
    "2013-03-31": {
        "Diluted EPS": 0.82,
        "Total Revenue": NaN,
        "Gross Profit": NaN,
        "Operating Income": 410,
        "EBIT": 568,
        "Net Income": 261
    },
    "2012-12-31": {
        "Diluted EPS": 0.93,
        "Total Revenue": NaN,
        "Gross Profit": NaN,
        "Operating Income": 461,
        "EBIT": 635,
        "Net Income": 305
    },
    "2012-09-30": {
        "Diluted EPS": 0.62,
        "Total Revenue": NaN,
        "Gross Profit": NaN,
        "Operating Income": 339,
        "EBIT": 500,
        "Net Income": 204
    },
    "2012-06-30": {
        "Diluted EPS": 0.73,
        "Total Revenue": NaN,
        "Gross Profit": NaN,
        "Operating Income": 394,
        "EBIT": 555,
        "Net Income": 246
    },
    "2012-03-31": {
        "Diluted EPS": 0.71,
        "Total Revenue": NaN,
        "Gross Profit": NaN,
        "Operating Income": 402,
        "EBIT": 561,
        "Net Income": 238
    },
    "2011-12-31": {
        "Diluted EPS": 0.82,
        "Total Revenue": NaN,
        "Gross Profit": NaN,
        "Operating Income": 430,
        "EBIT": 575,
        "Net Income": 277
    },
    "2011-09-30": {
        "Diluted EPS": 0.59,
        "Total Revenue": NaN,
        "Gross Profit": NaN,
        "Operating Income": 328,
        "EBIT": 472,
        "Net Income": 198
    },
    "2011-06-30": {
        "Diluted EPS": 0.75,
        "Total Revenue": NaN,
        "Gross Profit": NaN,
        "Operating Income": 440,
        "EBIT": 589,
        "Net Income": 258
    },
    "2011-03-31": {
        "Diluted EPS": 0.71,
        "Total Revenue": NaN,
        "Gross Profit": NaN,
        "Operating Income": 398,
        "EBIT": 542,
        "Net Income": 246
    },
    "2010-12-31": {
        "Diluted EPS": 0.69,
        "Total Revenue": NaN,
        "Gross Profit": NaN,
        "Operating Income": 440,
        "EBIT": 566,
        "Net Income": 231
    },
    "2010-09-30": {
        "Diluted EPS": 0.51,
        "Total Revenue": NaN,
        "Gross Profit": 751,
        "Operating Income": 263,
        "EBIT": 324,
        "Net Income": 144
    },
    "2010-06-30": {
        "Diluted EPS": 0.54,
        "Total Revenue": NaN,
        "Gross Profit": 729,
        "Operating Income": 268,
        "EBIT": 328,
        "Net Income": 153
    },
    "2010-03-31": {
        "Diluted EPS": 0.63,
        "Total Revenue": NaN,
        "Gross Profit": 741,
        "Operating Income": 273,
        "EBIT": 331,
        "Net Income": 178
    },
    "2009-12-31": {
        "Diluted EPS": 0.69,
        "Total Revenue": NaN,
        "Gross Profit": 743,
        "Operating Income": 241,
        "EBIT": 309,
        "Net Income": 198
    },
    "2009-09-30": {
        "Diluted EPS": 0.41,
        "Total Revenue": NaN,
        "Gross Profit": 675,
        "Operating Income": 194,
        "EBIT": 250,
        "Net Income": 120
    },
    "2009-06-30": {
        "Diluted EPS": 0.51,
        "Total Revenue": NaN,
        "Gross Profit": 748,
        "Operating Income": 220,
        "EBIT": 278,
        "Net Income": 149
    },
    "2009-03-31": {
        "Diluted EPS": 0.96,
        "Total Revenue": NaN,
        "Gross Profit": 832,
        "Operating Income": 366,
        "EBIT": 426,
        "Net Income": 280
    },
    "2023-09-30": {
        "Tax Effect Of Unusual Items": NaN,
        "Tax Rate For Calcs": NaN,
        "Normalized EBITDA": NaN,
        "Total Unusual Items": NaN,
        "Total Unusual Items Excluding Goodwill": NaN,
        "Net Income From Continuing Operation Net Minority Interest": NaN,
        "Reconciled Depreciation": NaN,
        "Reconciled Cost Of Revenue": NaN,
        "EBITDA": NaN,
        "EBIT": NaN,
        "Net Interest Income": NaN,
        "Interest Expense": NaN,
        "Interest Income": NaN,
        "Normalized Income": NaN,
        "Net Income From Continuing And Discontinued Operation": NaN,
        "Total Expenses": NaN,
        "Rent Expense Supplemental": NaN,
        "Total Operating Income As Reported": NaN,
        "Diluted Average Shares": NaN,
        "Basic Average Shares": NaN,
        "Diluted EPS": NaN,
        "Basic EPS": NaN,
        "Diluted NI Availto Com Stockholders": NaN,
        "Net Income Common Stockholders": NaN,
        "Net Income": NaN,
        "Minority Interests": NaN,
        "Net Income Including Noncontrolling Interests": NaN,
        "Net Income Continuous Operations": NaN,
        "Tax Provision": NaN,
        "Pretax Income": NaN,
        "Other Income Expense": NaN,
        "Special Income Charges": NaN,
        "Gain On Sale Of Business": 0.0,
        "Other Special Charges": NaN,
        "Restructuring And Mergern Acquisition": NaN,
        "Earnings From Equity Interest": NaN,
        "Gain On Sale Of Security": NaN,
        "Net Non Operating Interest Income Expense": NaN,
        "Interest Expense Non Operating": NaN,
        "Interest Income Non Operating": NaN,
        "Operating Income": NaN,
        "Operating Expense": NaN,
        "Other Operating Expenses": NaN,
        "Depreciation Amortization Depletion Income Statement": NaN,
        "Depreciation And Amortization In Income Statement": NaN,
        "Amortization": NaN,
        "Amortization Of Intangibles Income Statement": NaN,
        "Depreciation Income Statement": NaN,
        "Selling General And Administration": NaN,
        "General And Administrative Expense": NaN,
        "Other Gand A": NaN,
        "Rent And Landing Fees": NaN,
        "Salaries And Wages": NaN,
        "Gross Profit": NaN,
        "Cost Of Revenue": NaN,
        "Total Revenue": NaN,
        "Operating Revenue": NaN
    },
    "2023-12-31": {
        "Tax Effect Of Unusual Items": NaN,
        "Tax Rate For Calcs": NaN,
        "Normalized EBITDA": NaN,
        "Total Unusual Items": NaN,
        "Total Unusual Items Excluding Goodwill": NaN,
        "Net Income From Continuing Operation Net Minority Interest": NaN,
        "Reconciled Depreciation": NaN,
        "Reconciled Cost Of Revenue": NaN,
        "EBITDA": NaN,
        "EBIT": NaN,
        "Net Interest Income": NaN,
        "Interest Expense": NaN,
        "Interest Income": NaN,
        "Normalized Income": NaN,
        "Net Income From Continuing And Discontinued Operation": NaN,
        "Total Expenses": NaN,
        "Rent Expense Supplemental": NaN,
        "Total Operating Income As Reported": NaN,
        "Diluted Average Shares": NaN,
        "Basic Average Shares": NaN,
        "Diluted EPS": NaN,
        "Basic EPS": NaN,
        "Diluted NI Availto Com Stockholders": NaN,
        "Net Income Common Stockholders": NaN,
        "Net Income": NaN,
        "Minority Interests": NaN,
        "Net Income Including Noncontrolling Interests": NaN,
        "Net Income Continuous Operations": NaN,
        "Tax Provision": NaN,
        "Pretax Income": NaN,
        "Other Income Expense": NaN,
        "Special Income Charges": NaN,
        "Gain On Sale Of Business": 4000000.0,
        "Other Special Charges": NaN,
        "Restructuring And Mergern Acquisition": NaN,
        "Earnings From Equity Interest": NaN,
        "Gain On Sale Of Security": NaN,
        "Net Non Operating Interest Income Expense": NaN,
        "Interest Expense Non Operating": NaN,
        "Interest Income Non Operating": NaN,
        "Operating Income": NaN,
        "Operating Expense": NaN,
        "Other Operating Expenses": NaN,
        "Depreciation Amortization Depletion Income Statement": NaN,
        "Depreciation And Amortization In Income Statement": NaN,
        "Amortization": NaN,
        "Amortization Of Intangibles Income Statement": NaN,
        "Depreciation Income Statement": NaN,
        "Selling General And Administration": NaN,
        "General And Administrative Expense": NaN,
        "Other Gand A": NaN,
        "Rent And Landing Fees": NaN,
        "Salaries And Wages": NaN,
        "Gross Profit": NaN,
        "Cost Of Revenue": NaN,
        "Total Revenue": NaN,
        "Operating Revenue": NaN
    },
    "2024-03-31": {
        "Tax Effect Of Unusual Items": -8352000.0,
        "Tax Rate For Calcs": 0.232,
        "Normalized EBITDA": 1664000000.0,
        "Total Unusual Items": -36000000.0,
        "Total Unusual Items Excluding Goodwill": -36000000.0,
        "Net Income From Continuing Operation Net Minority Interest": 1071000000.0,
        "Reconciled Depreciation": 60000000.0,
        "Reconciled Cost Of Revenue": 1883000000.0,
        "EBITDA": 1628000000.0,
        "EBIT": 1568000000.0,
        "Net Interest Income": -116000000.0,
        "Interest Expense": 144000000.0,
        "Interest Income": 28000000.0,
        "Normalized Income": 1098648000.0,
        "Net Income From Continuing And Discontinued Operation": 1071000000.0,
        "Total Expenses": 2496000000.0,
        "Rent Expense Supplemental": 71000000.0,
        "Total Operating Income As Reported": 1465000000.0,
        "Diluted Average Shares": 200100000.0,
        "Basic Average Shares": 199100000.0,
        "Diluted EPS": 5.35,
        "Basic EPS": 5.38,
        "Diluted NI Availto Com Stockholders": 1071000000.0,
        "Net Income Common Stockholders": 1071000000.0,
        "Net Income": 1071000000.0,
        "Minority Interests": -22000000.0,
        "Net Income Including Noncontrolling Interests": 1093000000.0,
        "Net Income Continuous Operations": 1093000000.0,
        "Tax Provision": 331000000.0,
        "Pretax Income": 1424000000.0,
        "Other Income Expense": -34000000.0,
        "Special Income Charges": -119000000.0,
        "Gain On Sale Of Business": NaN,
        "Other Special Charges": NaN,
        "Restructuring And Mergern Acquisition": 119000000.0,
        "Earnings From Equity Interest": 2000000.0,
        "Gain On Sale Of Security": 83000000.0,
        "Net Non Operating Interest Income Expense": -116000000.0,
        "Interest Expense Non Operating": 144000000.0,
        "Interest Income Non Operating": 28000000.0,
        "Operating Income": 1574000000.0,
        "Operating Expense": 613000000.0,
        "Other Operating Expenses": 124000000.0,
        "Depreciation Amortization Depletion Income Statement": 60000000.0,
        "Depreciation And Amortization In Income Statement": 60000000.0,
        "Amortization": 16000000.0,
        "Amortization Of Intangibles Income Statement": 16000000.0,
        "Depreciation Income Statement": 44000000.0,
        "Selling General And Administration": 429000000.0,
        "General And Administrative Expense": 429000000.0,
        "Other Gand A": 348000000.0,
        "Rent And Landing Fees": 71000000.0,
        "Salaries And Wages": 10000000.0,
        "Gross Profit": 2187000000.0,
        "Cost Of Revenue": 1883000000.0,
        "Total Revenue": 4070000000.0,
        "Operating Revenue": 4078000000.0
    },
    "2024-06-30": {
        "Tax Effect Of Unusual Items": NaN,
        "Tax Rate For Calcs": NaN,
        "Normalized EBITDA": NaN,
        "Total Unusual Items": NaN,
        "Total Unusual Items Excluding Goodwill": NaN,
        "Net Income From Continuing Operation Net Minority Interest": NaN,
        "Reconciled Depreciation": NaN,
        "Reconciled Cost Of Revenue": NaN,
        "EBITDA": NaN,
        "EBIT": NaN,
        "Net Interest Income": NaN,
        "Interest Expense": NaN,
        "Interest Income": NaN,
        "Normalized Income": NaN,
        "Net Income From Continuing And Discontinued Operation": NaN,
        "Total Expenses": NaN,
        "Rent Expense Supplemental": NaN,
        "Total Operating Income As Reported": NaN,
        "Diluted Average Shares": NaN,
        "Basic Average Shares": NaN,
        "Diluted EPS": NaN,
        "Basic EPS": NaN,
        "Diluted NI Availto Com Stockholders": NaN,
        "Net Income Common Stockholders": NaN,
        "Net Income": NaN,
        "Minority Interests": NaN,
        "Net Income Including Noncontrolling Interests": NaN,
        "Net Income Continuous Operations": NaN,
        "Tax Provision": NaN,
        "Pretax Income": NaN,
        "Other Income Expense": NaN,
        "Special Income Charges": NaN,
        "Gain On Sale Of Business": 257000000.0,
        "Other Special Charges": 6000000.0,
        "Restructuring And Mergern Acquisition": NaN,
        "Earnings From Equity Interest": NaN,
        "Gain On Sale Of Security": NaN,
        "Net Non Operating Interest Income Expense": NaN,
        "Interest Expense Non Operating": NaN,
        "Interest Income Non Operating": NaN,
        "Operating Income": NaN,
        "Operating Expense": NaN,
        "Other Operating Expenses": NaN,
        "Depreciation Amortization Depletion Income Statement": NaN,
        "Depreciation And Amortization In Income Statement": NaN,
        "Amortization": NaN,
        "Amortization Of Intangibles Income Statement": NaN,
        "Depreciation Income Statement": NaN,
        "Selling General And Administration": NaN,
        "General And Administrative Expense": NaN,
        "Other Gand A": NaN,
        "Rent And Landing Fees": NaN,
        "Salaries And Wages": NaN,
        "Gross Profit": NaN,
        "Cost Of Revenue": NaN,
        "Total Revenue": NaN,
        "Operating Revenue": NaN
    },
    "2024-09-30": {
        "Tax Effect Of Unusual Items": -4605790.64588,
        "Tax Rate For Calcs": 0.209354,
        "Normalized EBITDA": 905000000.0,
        "Total Unusual Items": -22000000.0,
        "Total Unusual Items Excluding Goodwill": -22000000.0,
        "Net Income From Continuing Operation Net Minority Interest": 343000000.0,
        "Reconciled Depreciation": 221000000.0,
        "Reconciled Cost Of Revenue": 2150000000.0,
        "EBITDA": 883000000.0,
        "EBIT": 662000000.0,
        "Net Interest Income": -209000000.0,
        "Interest Expense": 213000000.0,
        "Interest Income": 4000000.0,
        "Normalized Income": 360394209.35412,
        "Net Income From Continuing And Discontinued Operation": 343000000.0,
        "Total Expenses": 3043000000.0,
        "Rent Expense Supplemental": 88000000.0,
        "Total Operating Income As Reported": 623000000.0,
        "Diluted Average Shares": NaN,
        "Basic Average Shares": NaN,
        "Diluted EPS": NaN,
        "Basic EPS": NaN,
        "Diluted NI Availto Com Stockholders": 343000000.0,
        "Net Income Common Stockholders": 343000000.0,
        "Net Income": 343000000.0,
        "Minority Interests": -12000000.0,
        "Net Income Including Noncontrolling Interests": 355000000.0,
        "Net Income Continuous Operations": 355000000.0,
        "Tax Provision": 94000000.0,
        "Pretax Income": 449000000.0,
        "Other Income Expense": -20000000.0,
        "Special Income Charges": 6000000.0,
        "Gain On Sale Of Business": 76000000.0,
        "Other Special Charges": 1000000.0,
        "Restructuring And Mergern Acquisition": 69000000.0,
        "Earnings From Equity Interest": 2000000.0,
        "Gain On Sale Of Security": -28000000.0,
        "Net Non Operating Interest Income Expense": -209000000.0,
        "Interest Expense Non Operating": 213000000.0,
        "Interest Income Non Operating": 4000000.0,
        "Operating Income": 678000000.0,
        "Operating Expense": 893000000.0,
        "Other Operating Expenses": 141000000.0,
        "Depreciation Amortization Depletion Income Statement": 221000000.0,
        "Depreciation And Amortization In Income Statement": 221000000.0,
        "Amortization": 174000000.0,
        "Amortization Of Intangibles Income Statement": 174000000.0,
        "Depreciation Income Statement": 47000000.0,
        "Selling General And Administration": 531000000.0,
        "General And Administrative Expense": 531000000.0,
        "Other Gand A": 429000000.0,
        "Rent And Landing Fees": 88000000.0,
        "Salaries And Wages": 14000000.0,
        "Gross Profit": 1571000000.0,
        "Cost Of Revenue": 2150000000.0,
        "Total Revenue": 3721000000.0,
        "Operating Revenue": 3724000000.0
    },
    "2024-12-31": {
        "Tax Effect Of Unusual Items": 4405162.738496,
        "Tax Rate For Calcs": 0.176207,
        "Normalized EBITDA": 1304000000.0,
        "Total Unusual Items": 25000000.0,
        "Total Unusual Items Excluding Goodwill": 25000000.0,
        "Net Income From Continuing Operation Net Minority Interest": 716000000.0,
        "Reconciled Depreciation": 232000000.0,
        "Reconciled Cost Of Revenue": 2120000000.0,
        "EBITDA": 1329000000.0,
        "EBIT": 1097000000.0,
        "Net Interest Income": -202000000.0,
        "Interest Expense": 206000000.0,
        "Interest Income": 4000000.0,
        "Normalized Income": 695405162.738496,
        "Net Income From Continuing And Discontinued Operation": 716000000.0,
        "Total Expenses": 3000000000.0,
        "Rent Expense Supplemental": 84000000.0,
        "Total Operating Income As Reported": 1091000000.0,
        "Diluted Average Shares": 218300000.0,
        "Basic Average Shares": 216600000.0,
        "Diluted EPS": 3.28,
        "Basic EPS": 3.31,
        "Diluted NI Availto Com Stockholders": 716000000.0,
        "Net Income Common Stockholders": 716000000.0,
        "Net Income": 716000000.0,
        "Minority Interests": -18000000.0,
        "Net Income Including Noncontrolling Interests": 734000000.0,
        "Net Income Continuous Operations": 734000000.0,
        "Tax Provision": 157000000.0,
        "Pretax Income": 891000000.0,
        "Other Income Expense": 30000000.0,
        "Special Income Charges": 19000000.0,
        "Gain On Sale Of Business": 4000000.0,
        "Other Special Charges": 0.0,
        "Restructuring And Mergern Acquisition": -15000000.0,
        "Earnings From Equity Interest": 5000000.0,
        "Gain On Sale Of Security": 6000000.0,
        "Net Non Operating Interest Income Expense": -202000000.0,
        "Interest Expense Non Operating": 206000000.0,
        "Interest Income Non Operating": 4000000.0,
        "Operating Income": 1147000000.0,
        "Operating Expense": 880000000.0,
        "Other Operating Expenses": 142000000.0,
        "Depreciation Amortization Depletion Income Statement": 232000000.0,
        "Depreciation And Amortization In Income Statement": 232000000.0,
        "Amortization": 185000000.0,
        "Amortization Of Intangibles Income Statement": 185000000.0,
        "Depreciation Income Statement": 47000000.0,
        "Selling General And Administration": 506000000.0,
        "General And Administrative Expense": 506000000.0,
        "Other Gand A": 409000000.0,
        "Rent And Landing Fees": 84000000.0,
        "Salaries And Wages": 13000000.0,
        "Gross Profit": 2027000000.0,
        "Cost Of Revenue": 2120000000.0,
        "Total Revenue": 4147000000.0,
        "Operating Revenue": 4149000000.0
    },
    "2025-03-31": {
        "Tax Effect Of Unusual Items": -20330000.0,
        "Tax Rate For Calcs": 0.214,
        "Normalized EBITDA": 1796000000.0,
        "Total Unusual Items": -95000000.0,
        "Total Unusual Items Excluding Goodwill": -95000000.0,
        "Net Income From Continuing Operation Net Minority Interest": 965000000.0,
        "Reconciled Depreciation": 245000000.0,
        "Reconciled Cost Of Revenue": 2249000000.0,
        "EBITDA": 1701000000.0,
        "EBIT": 1456000000.0,
        "Net Interest Income": -201000000.0,
        "Interest Expense": 206000000.0,
        "Interest Income": 5000000.0,
        "Normalized Income": 1039670000.0,
        "Net Income From Continuing And Discontinued Operation": 965000000.0,
        "Total Expenses": 3181000000.0,
        "Rent Expense Supplemental": 82000000.0,
        "Total Operating Income As Reported": 1461000000.0,
        "Diluted Average Shares": 217900000.0,
        "Basic Average Shares": 216400000.0,
        "Diluted EPS": 4.43,
        "Basic EPS": 4.46,
        "Diluted NI Availto Com Stockholders": 965000000.0,
        "Net Income Common Stockholders": 965000000.0,
        "Net Income": 965000000.0,
        "Minority Interests": -17000000.0,
        "Net Income Including Noncontrolling Interests": 982000000.0,
        "Net Income Continuous Operations": 982000000.0,
        "Tax Provision": 268000000.0,
        "Pretax Income": 1250000000.0,
        "Other Income Expense": -97000000.0,
        "Special Income Charges": -110000000.0,
        "Gain On Sale Of Business": NaN,
        "Other Special Charges": NaN,
        "Restructuring And Mergern Acquisition": 110000000.0,
        "Earnings From Equity Interest": -2000000.0,
        "Gain On Sale Of Security": 15000000.0,
        "Net Non Operating Interest Income Expense": -201000000.0,
        "Interest Expense Non Operating": 206000000.0,
        "Interest Income Non Operating": 5000000.0,
        "Operating Income": 1548000000.0,
        "Operating Expense": 932000000.0,
        "Other Operating Expenses": 136000000.0,
        "Depreciation Amortization Depletion Income Statement": 245000000.0,
        "Depreciation And Amortization In Income Statement": 245000000.0,
        "Amortization": 199000000.0,
        "Amortization Of Intangibles Income Statement": 199000000.0,
        "Depreciation Income Statement": 46000000.0,
        "Selling General And Administration": 551000000.0,
        "General And Administrative Expense": 551000000.0,
        "Other Gand A": 446000000.0,
        "Rent And Landing Fees": 82000000.0,
        "Salaries And Wages": 23000000.0,
        "Gross Profit": 2480000000.0,
        "Cost Of Revenue": 2249000000.0,
        "Total Revenue": 4729000000.0,
        "Operating Revenue": 4736000000.0
    },
    "2025-06-30": {
        "Tax Effect Of Unusual Items": -3100000.0,
        "Tax Rate For Calcs": 0.155,
        "Normalized EBITDA": 1183000000.0,
        "Total Unusual Items": -20000000.0,
        "Total Unusual Items Excluding Goodwill": -20000000.0,
        "Net Income From Continuing Operation Net Minority Interest": 579000000.0,
        "Reconciled Depreciation": 248000000.0,
        "Reconciled Cost Of Revenue": 2360000000.0,
        "EBITDA": 1163000000.0,
        "EBIT": 915000000.0,
        "Net Interest Income": -212000000.0,
        "Interest Expense": 212000000.0,
        "Interest Income": 0.0,
        "Normalized Income": 595900000.0,
        "Net Income From Continuing And Discontinued Operation": 579000000.0,
        "Total Expenses": 3223000000.0,
        "Rent Expense Supplemental": 85000000.0,
        "Total Operating Income As Reported": 859000000.0,
        "Diluted Average Shares": 217300000.0,
        "Basic Average Shares": 216200000.0,
        "Diluted EPS": 2.66,
        "Basic EPS": 2.68,
        "Diluted NI Availto Com Stockholders": 579000000.0,
        "Net Income Common Stockholders": 579000000.0,
        "Net Income": 579000000.0,
        "Minority Interests": -15000000.0,
        "Net Income Including Noncontrolling Interests": 594000000.0,
        "Net Income Continuous Operations": 594000000.0,
        "Tax Provision": 109000000.0,
        "Pretax Income": 703000000.0,
        "Other Income Expense": -17000000.0,
        "Special Income Charges": -94000000.0,
        "Gain On Sale Of Business": 0.0,
        "Other Special Charges": NaN,
        "Restructuring And Mergern Acquisition": 94000000.0,
        "Earnings From Equity Interest": 3000000.0,
        "Gain On Sale Of Security": 74000000.0,
        "Net Non Operating Interest Income Expense": -212000000.0,
        "Interest Expense Non Operating": 212000000.0,
        "Interest Income Non Operating": 0.0,
        "Operating Income": 932000000.0,
        "Operating Expense": 863000000.0,
        "Other Operating Expenses": 136000000.0,
        "Depreciation Amortization Depletion Income Statement": 248000000.0,
        "Depreciation And Amortization In Income Statement": 248000000.0,
        "Amortization": 201000000.0,
        "Amortization Of Intangibles Income Statement": 201000000.0,
        "Depreciation Income Statement": 47000000.0,
        "Selling General And Administration": 479000000.0,
        "General And Administrative Expense": 479000000.0,
        "Other Gand A": 373000000.0,
        "Rent And Landing Fees": 85000000.0,
        "Salaries And Wages": 21000000.0,
        "Gross Profit": 1795000000.0,
        "Cost Of Revenue": 2360000000.0,
        "Total Revenue": 4155000000.0,
        "Operating Revenue": 4157000000.0
    },
    "2025-09-30": {
        "Tax Effect Of Unusual Items": -5956448.911223,
        "Tax Rate For Calcs": 0.21273,
        "Normalized EBITDA": 1071000000.0,
        "Total Unusual Items": -28000000.0,
        "Total Unusual Items Excluding Goodwill": -28000000.0,
        "Net Income From Continuing Operation Net Minority Interest": 458000000.0,
        "Reconciled Depreciation": 240000000.0,
        "Reconciled Cost Of Revenue": 2259000000.0,
        "EBITDA": 1043000000.0,
        "EBIT": 803000000.0,
        "Net Interest Income": -206000000.0,
        "Interest Expense": 206000000.0,
        "Interest Income": 0.0,
        "Normalized Income": 480043551.088777,
        "Net Income From Continuing And Discontinued Operation": 458000000.0,
        "Total Expenses": 3170000000.0,
        "Rent Expense Supplemental": 85000000.0,
        "Total Operating Income As Reported": 816000000.0,
        "Diluted Average Shares": 216700000.0,
        "Basic Average Shares": 215700000.0,
        "Diluted EPS": 2.11,
        "Basic EPS": 2.12,
        "Diluted NI Availto Com Stockholders": 458000000.0,
        "Net Income Common Stockholders": 458000000.0,
        "Net Income": 458000000.0,
        "Minority Interests": -12000000.0,
        "Net Income Including Noncontrolling Interests": 470000000.0,
        "Net Income Continuous Operations": 470000000.0,
        "Tax Provision": 127000000.0,
        "Pretax Income": 597000000.0,
        "Other Income Expense": -24000000.0,
        "Special Income Charges": -31000000.0,
        "Gain On Sale Of Business": 1000000.0,
        "Other Special Charges": NaN,
        "Restructuring And Mergern Acquisition": 32000000.0,
        "Earnings From Equity Interest": 4000000.0,
        "Gain On Sale Of Security": 3000000.0,
        "Net Non Operating Interest Income Expense": -206000000.0,
        "Interest Expense Non Operating": 206000000.0,
        "Interest Income Non Operating": 0.0,
        "Operating Income": 827000000.0,
        "Operating Expense": 911000000.0,
        "Other Operating Expenses": 140000000.0,
        "Depreciation Amortization Depletion Income Statement": 240000000.0,
        "Depreciation And Amortization In Income Statement": 240000000.0,
        "Amortization": 193000000.0,
        "Amortization Of Intangibles Income Statement": 193000000.0,
        "Depreciation Income Statement": 47000000.0,
        "Selling General And Administration": 531000000.0,
        "General And Administrative Expense": 531000000.0,
        "Other Gand A": 425000000.0,
        "Rent And Landing Fees": 85000000.0,
        "Salaries And Wages": 21000000.0,
        "Gross Profit": 1738000000.0,
        "Cost Of Revenue": 2259000000.0,
        "Total Revenue": 3997000000.0,
        "Operating Revenue": 4000000000.0
    },
    "2025-12-31": {
        "Tax Effect Of Unusual Items": NaN,
        "Tax Rate For Calcs": NaN,
        "Normalized EBITDA": NaN,
        "Total Unusual Items": NaN,
        "Total Unusual Items Excluding Goodwill": NaN,
        "Net Income From Continuing Operation Net Minority Interest": NaN,
        "Reconciled Depreciation": NaN,
        "Reconciled Cost Of Revenue": NaN,
        "EBITDA": NaN,
        "EBIT": NaN,
        "Net Interest Income": NaN,
        "Interest Expense": NaN,
        "Interest Income": NaN,
        "Normalized Income": NaN,
        "Net Income From Continuing And Discontinued Operation": NaN,
        "Total Expenses": NaN,
        "Rent Expense Supplemental": NaN,
        "Total Operating Income As Reported": NaN,
        "Diluted Average Shares": 216500000.0,
        "Basic Average Shares": 215100000.0,
        "Diluted EPS": 7.82,
        "Basic EPS": 7.87,
        "Diluted NI Availto Com Stockholders": NaN,
        "Net Income Common Stockholders": NaN,
        "Net Income": NaN,
        "Minority Interests": NaN,
        "Net Income Including Noncontrolling Interests": NaN,
        "Net Income Continuous Operations": NaN,
        "Tax Provision": NaN,
        "Pretax Income": NaN,
        "Other Income Expense": NaN,
        "Special Income Charges": NaN,
        "Gain On Sale Of Business": NaN,
        "Other Special Charges": NaN,
        "Restructuring And Mergern Acquisition": NaN,
        "Earnings From Equity Interest": NaN,
        "Gain On Sale Of Security": NaN,
        "Net Non Operating Interest Income Expense": NaN,
        "Interest Expense Non Operating": NaN,
        "Interest Income Non Operating": NaN,
        "Operating Income": NaN,
        "Operating Expense": NaN,
        "Other Operating Expenses": NaN,
        "Depreciation Amortization Depletion Income Statement": NaN,
        "Depreciation And Amortization In Income Statement": NaN,
        "Amortization": NaN,
        "Amortization Of Intangibles Income Statement": NaN,
        "Depreciation Income Statement": NaN,
        "Selling General And Administration": NaN,
        "General And Administrative Expense": NaN,
        "Other Gand A": NaN,
        "Rent And Landing Fees": NaN,
        "Salaries And Wages": NaN,
        "Gross Profit": NaN,
        "Cost Of Revenue": NaN,
        "Total Revenue": NaN,
        "Operating Revenue": NaN
    }
}