{
    "2023-03-31": {
        "Tax Effect Of Unusual Items": NaN,
        "Tax Rate For Calcs": NaN,
        "Normalized EBITDA": NaN,
        "Total Unusual Items": NaN,
        "Total Unusual Items Excluding Goodwill": NaN,
        "Net Income From Continuing Operation Net Minority Interest": NaN,
        "Reconciled Depreciation": NaN,
        "Reconciled Cost Of Revenue": NaN,
        "EBITDA": NaN,
        "EBIT": NaN,
        "Net Interest Income": NaN,
        "Interest Expense": NaN,
        "Normalized Income": NaN,
        "Net Income From Continuing And Discontinued Operation": NaN,
        "Total Expenses": NaN,
        "Total Operating Income As Reported": NaN,
        "Diluted Average Shares": NaN,
        "Basic Average Shares": NaN,
        "Diluted EPS": NaN,
        "Basic EPS": NaN,
        "Diluted NI Availto Com Stockholders": NaN,
        "Net Income Common Stockholders": NaN,
        "Net Income": NaN,
        "Minority Interests": NaN,
        "Net Income Including Noncontrolling Interests": NaN,
        "Net Income Continuous Operations": NaN,
        "Tax Provision": NaN,
        "Pretax Income": NaN,
        "Other Income Expense": NaN,
        "Other Non Operating Income Expenses": NaN,
        "Special Income Charges": NaN,
        "Gain On Sale Of Ppe": NaN,
        "Other Special Charges": NaN,
        "Gain On Sale Of Security": NaN,
        "Net Non Operating Interest Income Expense": NaN,
        "Interest Expense Non Operating": NaN,
        "Operating Income": NaN,
        "Operating Expense": NaN,
        "Depreciation Amortization Depletion Income Statement": NaN,
        "Depreciation And Amortization In Income Statement": NaN,
        "Selling General And Administration": NaN,
        "General And Administrative Expense": 12187000.0,
        "Other Gand A": 12187000.0,
        "Salaries And Wages": -1256000.0,
        "Gross Profit": NaN,
        "Cost Of Revenue": NaN,
        "Total Revenue": NaN,
        "Operating Revenue": NaN
    },
    "2022-12-31": {
        "Tax Effect Of Unusual Items": 108293.364377,
        "Tax Rate For Calcs": 0.167637,
        "Normalized EBITDA": 6238000.0,
        "Total Unusual Items": 646000.0,
        "Total Unusual Items Excluding Goodwill": 646000.0,
        "Net Income From Continuing Operation Net Minority Interest": 522000.0,
        "Reconciled Depreciation": 4275000.0,
        "Reconciled Cost Of Revenue": 77311000.0,
        "EBITDA": 6884000.0,
        "EBIT": 2609000.0,
        "Net Interest Income": -1750000.0,
        "Interest Expense": 1750000.0,
        "Normalized Income": -15706.635623,
        "Net Income From Continuing And Discontinued Operation": 522000.0,
        "Total Expenses": 93172000.0,
        "Total Operating Income As Reported": 1929000.0,
        "Diluted Average Shares": NaN,
        "Basic Average Shares": NaN,
        "Diluted EPS": NaN,
        "Basic EPS": NaN,
        "Diluted NI Availto Com Stockholders": 522000.0,
        "Net Income Common Stockholders": 522000.0,
        "Net Income": 522000.0,
        "Minority Interests": -193000.0,
        "Net Income Including Noncontrolling Interests": 715000.0,
        "Net Income Continuous Operations": 715000.0,
        "Tax Provision": 144000.0,
        "Pretax Income": 859000.0,
        "Other Income Expense": 2247000.0,
        "Other Non Operating Income Expenses": 1601000.0,
        "Special Income Charges": 1567000.0,
        "Gain On Sale Of Ppe": -659000.0,
        "Other Special Charges": NaN,
        "Gain On Sale Of Security": -921000.0,
        "Net Non Operating Interest Income Expense": -1750000.0,
        "Interest Expense Non Operating": 1750000.0,
        "Operating Income": 362000.0,
        "Operating Expense": 15861000.0,
        "Depreciation Amortization Depletion Income Statement": 4275000.0,
        "Depreciation And Amortization In Income Statement": 4275000.0,
        "Selling General And Administration": 11586000.0,
        "Gross Profit": 16223000.0,
        "Cost Of Revenue": 77311000.0,
        "Total Revenue": 93534000.0,
        "Operating Revenue": 93534000.0
    },
    "2022-09-30": {
        "Tax Effect Of Unusual Items": NaN,
        "Tax Rate For Calcs": NaN,
        "Normalized EBITDA": NaN,
        "Total Unusual Items": NaN,
        "Total Unusual Items Excluding Goodwill": NaN,
        "Net Income From Continuing Operation Net Minority Interest": NaN,
        "Reconciled Depreciation": NaN,
        "Reconciled Cost Of Revenue": NaN,
        "EBITDA": NaN,
        "EBIT": NaN,
        "Net Interest Income": NaN,
        "Interest Expense": NaN,
        "Normalized Income": NaN,
        "Net Income From Continuing And Discontinued Operation": NaN,
        "Total Expenses": NaN,
        "Total Operating Income As Reported": NaN,
        "Diluted Average Shares": 19522000.0,
        "Basic Average Shares": 19396000.0,
        "Diluted EPS": 0.06,
        "Basic EPS": 0.06,
        "Diluted NI Availto Com Stockholders": NaN,
        "Net Income Common Stockholders": NaN,
        "Net Income": NaN,
        "Minority Interests": NaN,
        "Net Income Including Noncontrolling Interests": NaN,
        "Net Income Continuous Operations": NaN,
        "Tax Provision": NaN,
        "Pretax Income": NaN,
        "Other Income Expense": NaN,
        "Other Non Operating Income Expenses": NaN,
        "Special Income Charges": NaN,
        "Gain On Sale Of Ppe": NaN,
        "Other Special Charges": NaN,
        "Gain On Sale Of Security": NaN,
        "Net Non Operating Interest Income Expense": NaN,
        "Interest Expense Non Operating": NaN,
        "Operating Income": NaN,
        "Operating Expense": NaN,
        "Depreciation Amortization Depletion Income Statement": NaN,
        "Depreciation And Amortization In Income Statement": NaN,
        "Selling General And Administration": NaN,
        "General And Administrative Expense": NaN,
        "Other Gand A": NaN,
        "Salaries And Wages": NaN,
        "Gross Profit": NaN,
        "Cost Of Revenue": NaN,
        "Total Revenue": NaN,
        "Operating Revenue": NaN
    },
    "2022-06-30": {
        "Tax Effect Of Unusual Items": 247600.0,
        "Tax Rate For Calcs": 0.4,
        "Normalized EBITDA": 5936000.0,
        "Total Unusual Items": 619000.0,
        "Total Unusual Items Excluding Goodwill": 619000.0,
        "Net Income From Continuing Operation Net Minority Interest": 403000.0,
        "Reconciled Depreciation": 4440000.0,
        "Reconciled Cost Of Revenue": 87487000.0,
        "EBITDA": 6555000.0,
        "EBIT": 2115000.0,
        "Net Interest Income": -1204000.0,
        "Interest Expense": 1204000.0,
        "Normalized Income": 31600.0,
        "Net Income From Continuing And Discontinued Operation": 403000.0,
        "Total Expenses": 102901000.0,
        "Total Operating Income As Reported": -320000.0,
        "Diluted Average Shares": 19434000.0,
        "Basic Average Shares": 19285000.0,
        "Diluted EPS": 0.14,
        "Basic EPS": 0.15,
        "Diluted NI Availto Com Stockholders": 403000.0,
        "Net Income Common Stockholders": 403000.0,
        "Net Income": 403000.0,
        "Minority Interests": -119000.0,
        "Net Income Including Noncontrolling Interests": 522000.0,
        "Net Income Continuous Operations": 522000.0,
        "Tax Provision": 389000.0,
        "Pretax Income": 911000.0,
        "Other Income Expense": 2434000.0,
        "Other Non Operating Income Expenses": 1815000.0,
        "Special Income Charges": -1000.0,
        "Gain On Sale Of Ppe": -1000.0,
        "Gain On Sale Of Security": 620000.0,
        "Net Non Operating Interest Income Expense": -1204000.0,
        "Interest Expense Non Operating": 1204000.0,
        "Operating Income": -319000.0,
        "Operating Expense": 15414000.0,
        "Depreciation Amortization Depletion Income Statement": 4440000.0,
        "Depreciation And Amortization In Income Statement": 4440000.0,
        "Selling General And Administration": 10974000.0,
        "Gross Profit": 15095000.0,
        "Cost Of Revenue": 87487000.0,
        "Total Revenue": 102582000.0,
        "Operating Revenue": 102582000.0
    },
    "2023-06-30": {
        "Tax Effect Of Unusual Items": NaN,
        "Tax Rate For Calcs": NaN,
        "Normalized EBITDA": NaN,
        "Total Unusual Items": NaN,
        "Total Unusual Items Excluding Goodwill": NaN,
        "Net Income From Continuing Operation Net Minority Interest": NaN,
        "Reconciled Depreciation": NaN,
        "Reconciled Cost Of Revenue": NaN,
        "EBITDA": NaN,
        "EBIT": NaN,
        "Net Interest Income": NaN,
        "Interest Expense": NaN,
        "Normalized Income": NaN,
        "Net Income From Continuing And Discontinued Operation": NaN,
        "Total Expenses": NaN,
        "Total Operating Income As Reported": NaN,
        "Diluted Average Shares": 19590000.0,
        "Basic Average Shares": 19541000.0,
        "Diluted EPS": 0.02,
        "Basic EPS": 0.02,
        "Diluted NI Availto Com Stockholders": NaN,
        "Net Income Common Stockholders": NaN,
        "Net Income": NaN,
        "Minority Interests": NaN,
        "Net Income Including Noncontrolling Interests": NaN,
        "Net Income Continuous Operations": NaN,
        "Tax Provision": NaN,
        "Pretax Income": NaN,
        "Other Income Expense": NaN,
        "Other Non Operating Income Expenses": NaN,
        "Special Income Charges": NaN,
        "Gain On Sale Of Ppe": NaN,
        "Other Special Charges": NaN,
        "Gain On Sale Of Security": NaN,
        "Net Non Operating Interest Income Expense": NaN,
        "Interest Expense Non Operating": NaN,
        "Operating Income": NaN,
        "Operating Expense": NaN,
        "Depreciation Amortization Depletion Income Statement": NaN,
        "Depreciation And Amortization In Income Statement": NaN,
        "Selling General And Administration": NaN,
        "General And Administrative Expense": NaN,
        "Other Gand A": NaN,
        "Salaries And Wages": NaN,
        "Gross Profit": NaN,
        "Cost Of Revenue": NaN,
        "Total Revenue": NaN,
        "Operating Revenue": NaN
    },
    "2023-09-30": {
        "Tax Effect Of Unusual Items": NaN,
        "Tax Rate For Calcs": NaN,
        "Normalized EBITDA": NaN,
        "Total Unusual Items": NaN,
        "Total Unusual Items Excluding Goodwill": NaN,
        "Net Income From Continuing Operation Net Minority Interest": NaN,
        "Reconciled Depreciation": NaN,
        "Reconciled Cost Of Revenue": NaN,
        "EBITDA": NaN,
        "EBIT": NaN,
        "Net Interest Income": NaN,
        "Interest Expense": NaN,
        "Normalized Income": NaN,
        "Net Income From Continuing And Discontinued Operation": NaN,
        "Total Expenses": NaN,
        "Total Operating Income As Reported": NaN,
        "Diluted Average Shares": NaN,
        "Basic Average Shares": NaN,
        "Diluted EPS": NaN,
        "Basic EPS": NaN,
        "Diluted NI Availto Com Stockholders": NaN,
        "Net Income Common Stockholders": NaN,
        "Net Income": NaN,
        "Minority Interests": NaN,
        "Net Income Including Noncontrolling Interests": NaN,
        "Net Income Continuous Operations": NaN,
        "Tax Provision": NaN,
        "Pretax Income": NaN,
        "Other Income Expense": NaN,
        "Other Non Operating Income Expenses": NaN,
        "Special Income Charges": NaN,
        "Gain On Sale Of Ppe": NaN,
        "Other Special Charges": -191000.0,
        "Gain On Sale Of Security": NaN,
        "Net Non Operating Interest Income Expense": NaN,
        "Interest Expense Non Operating": NaN,
        "Operating Income": NaN,
        "Operating Expense": NaN,
        "Depreciation Amortization Depletion Income Statement": NaN,
        "Depreciation And Amortization In Income Statement": NaN,
        "Selling General And Administration": NaN,
        "General And Administrative Expense": NaN,
        "Other Gand A": NaN,
        "Salaries And Wages": NaN,
        "Gross Profit": NaN,
        "Cost Of Revenue": NaN,
        "Total Revenue": NaN,
        "Operating Revenue": NaN
    },
    "2023-12-31": {
        "Tax Effect Of Unusual Items": NaN,
        "Tax Rate For Calcs": NaN,
        "Normalized EBITDA": NaN,
        "Total Unusual Items": NaN,
        "Total Unusual Items Excluding Goodwill": NaN,
        "Net Income From Continuing Operation Net Minority Interest": NaN,
        "Reconciled Depreciation": NaN,
        "Reconciled Cost Of Revenue": NaN,
        "EBITDA": NaN,
        "EBIT": NaN,
        "Net Interest Income": NaN,
        "Interest Expense": NaN,
        "Normalized Income": NaN,
        "Net Income From Continuing And Discontinued Operation": NaN,
        "Total Expenses": NaN,
        "Total Operating Income As Reported": NaN,
        "Diluted Average Shares": NaN,
        "Basic Average Shares": NaN,
        "Diluted EPS": NaN,
        "Basic EPS": NaN,
        "Diluted NI Availto Com Stockholders": NaN,
        "Net Income Common Stockholders": NaN,
        "Net Income": NaN,
        "Minority Interests": NaN,
        "Net Income Including Noncontrolling Interests": NaN,
        "Net Income Continuous Operations": NaN,
        "Tax Provision": NaN,
        "Pretax Income": NaN,
        "Other Income Expense": NaN,
        "Other Non Operating Income Expenses": NaN,
        "Special Income Charges": NaN,
        "Gain On Sale Of Ppe": NaN,
        "Other Special Charges": 40887000.0,
        "Restructuring And Mergern Acquisition": NaN,
        "Gain On Sale Of Security": NaN,
        "Net Non Operating Interest Income Expense": NaN,
        "Interest Expense Non Operating": NaN,
        "Operating Income": NaN,
        "Operating Expense": NaN,
        "Depreciation Amortization Depletion Income Statement": NaN,
        "Depreciation And Amortization In Income Statement": NaN,
        "Selling General And Administration": NaN,
        "General And Administrative Expense": NaN,
        "Other Gand A": NaN,
        "Salaries And Wages": NaN,
        "Gross Profit": NaN,
        "Cost Of Revenue": NaN,
        "Total Revenue": NaN,
        "Operating Revenue": NaN
    },
    "2024-03-31": {
        "Tax Effect Of Unusual Items": NaN,
        "Tax Rate For Calcs": NaN,
        "Normalized EBITDA": NaN,
        "Total Unusual Items": NaN,
        "Total Unusual Items Excluding Goodwill": NaN,
        "Net Income From Continuing Operation Net Minority Interest": NaN,
        "Reconciled Depreciation": NaN,
        "Reconciled Cost Of Revenue": NaN,
        "EBITDA": NaN,
        "EBIT": NaN,
        "Net Interest Income": NaN,
        "Interest Expense": NaN,
        "Normalized Income": NaN,
        "Net Income From Continuing And Discontinued Operation": NaN,
        "Total Expenses": NaN,
        "Total Operating Income As Reported": NaN,
        "Diluted Average Shares": NaN,
        "Basic Average Shares": NaN,
        "Diluted EPS": NaN,
        "Basic EPS": NaN,
        "Diluted NI Availto Com Stockholders": NaN,
        "Net Income Common Stockholders": NaN,
        "Net Income": NaN,
        "Minority Interests": NaN,
        "Net Income Including Noncontrolling Interests": NaN,
        "Net Income Continuous Operations": NaN,
        "Tax Provision": NaN,
        "Pretax Income": NaN,
        "Other Income Expense": NaN,
        "Other Non Operating Income Expenses": NaN,
        "Special Income Charges": NaN,
        "Gain On Sale Of Ppe": NaN,
        "Other Special Charges": NaN,
        "Restructuring And Mergern Acquisition": NaN,
        "Gain On Sale Of Security": NaN,
        "Net Non Operating Interest Income Expense": NaN,
        "Interest Expense Non Operating": NaN,
        "Operating Income": NaN,
        "Operating Expense": NaN,
        "Depreciation Amortization Depletion Income Statement": NaN,
        "Depreciation And Amortization In Income Statement": NaN,
        "Selling General And Administration": NaN,
        "General And Administrative Expense": 12973000.0,
        "Other Gand A": 12973000.0,
        "Salaries And Wages": -1179000.0,
        "Gross Profit": NaN,
        "Cost Of Revenue": NaN,
        "Total Revenue": NaN,
        "Operating Revenue": NaN
    },
    "2024-06-30": {
        "Tax Effect Of Unusual Items": 45740.263543,
        "Tax Rate For Calcs": 0.252709,
        "Normalized EBITDA": 10949000.0,
        "Total Unusual Items": 181000.0,
        "Total Unusual Items Excluding Goodwill": 181000.0,
        "Net Income From Continuing Operation Net Minority Interest": 2012000.0,
        "Reconciled Depreciation": 4698000.0,
        "Reconciled Cost Of Revenue": 87684000.0,
        "EBITDA": 11130000.0,
        "EBIT": 6432000.0,
        "Net Interest Income": -3017000.0,
        "Interest Expense": 3017000.0,
        "Normalized Income": 1876740.263543,
        "Net Income From Continuing And Discontinued Operation": 2012000.0,
        "Total Expenses": 105932000.0,
        "Total Operating Income As Reported": 5043000.0,
        "Diluted Average Shares": 19875000.0,
        "Basic Average Shares": 19859000.0,
        "Diluted EPS": 0.1,
        "Basic EPS": 0.1,
        "Diluted NI Availto Com Stockholders": 2012000.0,
        "Net Income Common Stockholders": 2012000.0,
        "Net Income": 2012000.0,
        "Minority Interests": -540000.0,
        "Net Income Including Noncontrolling Interests": 2552000.0,
        "Net Income Continuous Operations": 2552000.0,
        "Tax Provision": 863000.0,
        "Pretax Income": 3415000.0,
        "Other Income Expense": 1376000.0,
        "Other Non Operating Income Expenses": 1195000.0,
        "Special Income Charges": -13000.0,
        "Gain On Sale Of Ppe": -13000.0,
        "Other Special Charges": NaN,
        "Restructuring And Mergern Acquisition": 0.0,
        "Gain On Sale Of Security": 194000.0,
        "Net Non Operating Interest Income Expense": -3017000.0,
        "Interest Expense Non Operating": 3017000.0,
        "Operating Income": 5056000.0,
        "Operating Expense": 18248000.0,
        "Depreciation Amortization Depletion Income Statement": 4698000.0,
        "Depreciation And Amortization In Income Statement": 4698000.0,
        "Selling General And Administration": 13550000.0,
        "General And Administrative Expense": NaN,
        "Other Gand A": NaN,
        "Salaries And Wages": NaN,
        "Gross Profit": 23304000.0,
        "Cost Of Revenue": 87684000.0,
        "Total Revenue": 110988000.0,
        "Operating Revenue": 110988000.0
    },
    "2024-09-30": {
        "Tax Effect Of Unusual Items": -200970.0,
        "Tax Rate For Calcs": 0.21,
        "Normalized EBITDA": 7701000.0,
        "Total Unusual Items": -957000.0,
        "Total Unusual Items Excluding Goodwill": -957000.0,
        "Net Income From Continuing Operation Net Minority Interest": -1959000.0,
        "Reconciled Depreciation": 4586000.0,
        "Reconciled Cost Of Revenue": 76389000.0,
        "EBITDA": 6744000.0,
        "EBIT": 2158000.0,
        "Net Interest Income": -2976000.0,
        "Interest Expense": 2976000.0,
        "Normalized Income": -1202970.0,
        "Net Income From Continuing And Discontinued Operation": -1959000.0,
        "Total Expenses": 94307000.0,
        "Total Operating Income As Reported": 1870000.0,
        "Diluted Average Shares": 19980000.0,
        "Basic Average Shares": 19980000.0,
        "Diluted EPS": -0.1,
        "Basic EPS": -0.1,
        "Diluted NI Availto Com Stockholders": -1959000.0,
        "Net Income Common Stockholders": -1959000.0,
        "Net Income": -1959000.0,
        "Minority Interests": -505000.0,
        "Net Income Including Noncontrolling Interests": -1454000.0,
        "Net Income Continuous Operations": -1454000.0,
        "Tax Provision": 636000.0,
        "Pretax Income": -818000.0,
        "Other Income Expense": 299000.0,
        "Other Non Operating Income Expenses": 1256000.0,
        "Special Income Charges": 11000.0,
        "Gain On Sale Of Ppe": 11000.0,
        "Other Special Charges": NaN,
        "Restructuring And Mergern Acquisition": NaN,
        "Gain On Sale Of Security": -968000.0,
        "Net Non Operating Interest Income Expense": -2976000.0,
        "Interest Expense Non Operating": 2976000.0,
        "Operating Income": 1859000.0,
        "Operating Expense": 17918000.0,
        "Depreciation Amortization Depletion Income Statement": 4586000.0,
        "Depreciation And Amortization In Income Statement": 4586000.0,
        "Selling General And Administration": 13332000.0,
        "General And Administrative Expense": NaN,
        "Other Gand A": NaN,
        "Salaries And Wages": NaN,
        "Gross Profit": 19777000.0,
        "Cost Of Revenue": 76389000.0,
        "Total Revenue": 96166000.0,
        "Operating Revenue": 96166000.0
    },
    "2024-12-31": {
        "Tax Effect Of Unusual Items": 864577.481552,
        "Tax Rate For Calcs": 0.176625,
        "Normalized EBITDA": 6833000.0,
        "Total Unusual Items": 4895000.0,
        "Total Unusual Items Excluding Goodwill": 4895000.0,
        "Net Income From Continuing Operation Net Minority Interest": 3102000.0,
        "Reconciled Depreciation": 4657000.0,
        "Reconciled Cost Of Revenue": 80246000.0,
        "EBITDA": 11728000.0,
        "EBIT": 7071000.0,
        "Net Interest Income": -2870000.0,
        "Interest Expense": 2870000.0,
        "Normalized Income": -928422.518448,
        "Net Income From Continuing And Discontinued Operation": 3102000.0,
        "Total Expenses": 99926000.0,
        "Total Operating Income As Reported": 5174000.0,
        "Diluted Average Shares": 19995000.0,
        "Basic Average Shares": 19980000.0,
        "Diluted EPS": 0.16,
        "Basic EPS": 0.16,
        "Diluted NI Availto Com Stockholders": 3102000.0,
        "Net Income Common Stockholders": 3102000.0,
        "Net Income": 3102000.0,
        "Minority Interests": -357000.0,
        "Net Income Including Noncontrolling Interests": 3459000.0,
        "Net Income Continuous Operations": 3459000.0,
        "Tax Provision": 742000.0,
        "Pretax Income": 4201000.0,
        "Other Income Expense": 6061000.0,
        "Other Non Operating Income Expenses": 1166000.0,
        "Special Income Charges": 4164000.0,
        "Gain On Sale Of Ppe": -20000.0,
        "Other Special Charges": NaN,
        "Restructuring And Mergern Acquisition": NaN,
        "Gain On Sale Of Security": 731000.0,
        "Net Non Operating Interest Income Expense": -2870000.0,
        "Interest Expense Non Operating": 2870000.0,
        "Operating Income": 1010000.0,
        "Operating Expense": 19680000.0,
        "Depreciation Amortization Depletion Income Statement": 4657000.0,
        "Depreciation And Amortization In Income Statement": 4657000.0,
        "Selling General And Administration": 15023000.0,
        "General And Administrative Expense": NaN,
        "Other Gand A": NaN,
        "Salaries And Wages": NaN,
        "Gross Profit": 20690000.0,
        "Cost Of Revenue": 80246000.0,
        "Total Revenue": 100936000.0,
        "Operating Revenue": 100936000.0
    },
    "2025-03-31": {
        "Tax Effect Of Unusual Items": 4235.897436,
        "Tax Rate For Calcs": 0.030256,
        "Normalized EBITDA": 9172000.0,
        "Total Unusual Items": 140000.0,
        "Total Unusual Items Excluding Goodwill": 140000.0,
        "Net Income From Continuing Operation Net Minority Interest": 1142000.0,
        "Reconciled Depreciation": 4636000.0,
        "Reconciled Cost Of Revenue": 82104000.0,
        "EBITDA": 9312000.0,
        "EBIT": 4676000.0,
        "Net Interest Income": -2726000.0,
        "Interest Expense": 2726000.0,
        "Normalized Income": 1006235.897436,
        "Net Income From Continuing And Discontinued Operation": 1142000.0,
        "Total Expenses": 100399000.0,
        "Total Operating Income As Reported": 3850000.0,
        "Diluted Average Shares": 20167000.0,
        "Basic Average Shares": 19980000.0,
        "Diluted EPS": 0.06,
        "Basic EPS": 0.06,
        "Diluted NI Availto Com Stockholders": 1142000.0,
        "Net Income Common Stockholders": 1142000.0,
        "Net Income": 1142000.0,
        "Minority Interests": -749000.0,
        "Net Income Including Noncontrolling Interests": 1891000.0,
        "Net Income Continuous Operations": 1891000.0,
        "Tax Provision": 59000.0,
        "Pretax Income": 1950000.0,
        "Other Income Expense": 810000.0,
        "Other Non Operating Income Expenses": 670000.0,
        "Special Income Charges": -16000.0,
        "Gain On Sale Of Ppe": -16000.0,
        "Other Special Charges": NaN,
        "Restructuring And Mergern Acquisition": NaN,
        "Gain On Sale Of Security": 156000.0,
        "Net Non Operating Interest Income Expense": -2726000.0,
        "Interest Expense Non Operating": 2726000.0,
        "Operating Income": 3866000.0,
        "Operating Expense": 18295000.0,
        "Depreciation Amortization Depletion Income Statement": 4636000.0,
        "Depreciation And Amortization In Income Statement": 4636000.0,
        "Selling General And Administration": 13659000.0,
        "General And Administrative Expense": NaN,
        "Other Gand A": NaN,
        "Salaries And Wages": NaN,
        "Gross Profit": 22161000.0,
        "Cost Of Revenue": 82104000.0,
        "Total Revenue": 104265000.0,
        "Operating Revenue": 104265000.0
    },
    "2025-06-30": {
        "Tax Effect Of Unusual Items": -1444170.0,
        "Tax Rate For Calcs": 0.21,
        "Normalized EBITDA": 8942000.0,
        "Total Unusual Items": -6877000.0,
        "Total Unusual Items Excluding Goodwill": -6877000.0,
        "Net Income From Continuing Operation Net Minority Interest": -7335000.0,
        "Reconciled Depreciation": 5368000.0,
        "Reconciled Cost Of Revenue": 91981000.0,
        "EBITDA": 2065000.0,
        "EBIT": -3303000.0,
        "Net Interest Income": -2825000.0,
        "Interest Expense": 2825000.0,
        "Normalized Income": -1902170.0,
        "Net Income From Continuing And Discontinued Operation": -7335000.0,
        "Total Expenses": 110317000.0,
        "Total Operating Income As Reported": -3078000.0,
        "Diluted Average Shares": 20108000.0,
        "Basic Average Shares": 20108000.0,
        "Diluted EPS": -0.36,
        "Basic EPS": -0.36,
        "Diluted NI Availto Com Stockholders": -7335000.0,
        "Net Income Common Stockholders": -7335000.0,
        "Net Income": -7335000.0,
        "Minority Interests": -615000.0,
        "Net Income Including Noncontrolling Interests": -6720000.0,
        "Net Income Continuous Operations": -6720000.0,
        "Tax Provision": 592000.0,
        "Pretax Income": -6128000.0,
        "Other Income Expense": -6090000.0,
        "Other Non Operating Income Expenses": 787000.0,
        "Special Income Charges": -5865000.0,
        "Gain On Sale Of Ppe": -11000.0,
        "Other Special Charges": NaN,
        "Restructuring And Mergern Acquisition": 5854000.0,
        "Gain On Sale Of Security": -1012000.0,
        "Net Non Operating Interest Income Expense": -2825000.0,
        "Interest Expense Non Operating": 2825000.0,
        "Operating Income": 2787000.0,
        "Operating Expense": 18336000.0,
        "Depreciation Amortization Depletion Income Statement": 5368000.0,
        "Depreciation And Amortization In Income Statement": 5368000.0,
        "Selling General And Administration": 12968000.0,
        "General And Administrative Expense": NaN,
        "Other Gand A": NaN,
        "Salaries And Wages": NaN,
        "Gross Profit": 21123000.0,
        "Cost Of Revenue": 91981000.0,
        "Total Revenue": 113104000.0,
        "Operating Revenue": 113104000.0
    }
}