{
    "2023-03-31": {
        "Tax Effect Of Unusual Items": NaN,
        "Tax Rate For Calcs": NaN,
        "Normalized EBITDA": NaN,
        "Total Unusual Items": NaN,
        "Total Unusual Items Excluding Goodwill": NaN,
        "Net Income From Continuing Operation Net Minority Interest": NaN,
        "Reconciled Depreciation": NaN,
        "Reconciled Cost Of Revenue": NaN,
        "EBITDA": NaN,
        "EBIT": NaN,
        "Net Interest Income": NaN,
        "Interest Expense": NaN,
        "Interest Income": NaN,
        "Normalized Income": NaN,
        "Net Income From Continuing And Discontinued Operation": NaN,
        "Total Expenses": NaN,
        "Diluted Average Shares": NaN,
        "Basic Average Shares": NaN,
        "Diluted EPS": NaN,
        "Basic EPS": NaN,
        "Diluted NI Availto Com Stockholders": NaN,
        "Average Dilution Earnings": NaN,
        "Net Income Common Stockholders": NaN,
        "Otherunder Preferred Stock Dividend": 0.0,
        "Net Income": NaN,
        "Minority Interests": NaN,
        "Net Income Including Noncontrolling Interests": NaN,
        "Net Income Continuous Operations": NaN,
        "Tax Provision": NaN,
        "Pretax Income": NaN,
        "Other Income Expense": NaN,
        "Other Non Operating Income Expenses": NaN,
        "Special Income Charges": NaN,
        "Gain On Sale Of Business": NaN,
        "Other Special Charges": -9000000.0,
        "Write Off": NaN,
        "Restructuring And Mergern Acquisition": NaN,
        "Gain On Sale Of Security": NaN,
        "Net Non Operating Interest Income Expense": NaN,
        "Total Other Finance Cost": NaN,
        "Interest Expense Non Operating": NaN,
        "Interest Income Non Operating": NaN,
        "Operating Income": NaN,
        "Operating Expense": NaN,
        "Other Operating Expenses": NaN,
        "Other Taxes": NaN,
        "Selling General And Administration": NaN,
        "General And Administrative Expense": NaN,
        "Other Gand A": NaN,
        "Gross Profit": NaN,
        "Cost Of Revenue": NaN,
        "Total Revenue": NaN,
        "Operating Revenue": NaN
    },
    "2022-12-31": {
        "Tax Effect Of Unusual Items": NaN,
        "Tax Rate For Calcs": NaN,
        "Normalized EBITDA": NaN,
        "Total Unusual Items": NaN,
        "Total Unusual Items Excluding Goodwill": NaN,
        "Net Income From Continuing Operation Net Minority Interest": NaN,
        "Reconciled Depreciation": NaN,
        "Reconciled Cost Of Revenue": NaN,
        "EBITDA": NaN,
        "EBIT": NaN,
        "Net Interest Income": NaN,
        "Interest Expense": NaN,
        "Interest Income": NaN,
        "Normalized Income": NaN,
        "Net Income From Continuing And Discontinued Operation": NaN,
        "Total Expenses": NaN,
        "Diluted Average Shares": NaN,
        "Basic Average Shares": NaN,
        "Diluted EPS": NaN,
        "Basic EPS": NaN,
        "Diluted NI Availto Com Stockholders": NaN,
        "Average Dilution Earnings": NaN,
        "Net Income Common Stockholders": NaN,
        "Otherunder Preferred Stock Dividend": 0.0,
        "Net Income": NaN,
        "Minority Interests": NaN,
        "Net Income Including Noncontrolling Interests": NaN,
        "Net Income Continuous Operations": NaN,
        "Tax Provision": NaN,
        "Pretax Income": NaN,
        "Other Income Expense": NaN,
        "Special Income Charges": NaN,
        "Gain On Sale Of Ppe": -157000000.0,
        "Gain On Sale Of Business": NaN,
        "Other Special Charges": 0.0,
        "Write Off": 0.0,
        "Restructuring And Mergern Acquisition": NaN,
        "Gain On Sale Of Security": NaN,
        "Net Non Operating Interest Income Expense": NaN,
        "Total Other Finance Cost": NaN,
        "Interest Expense Non Operating": NaN,
        "Interest Income Non Operating": NaN,
        "Operating Income": NaN,
        "Operating Expense": NaN,
        "Other Operating Expenses": NaN,
        "Other Taxes": NaN,
        "Selling General And Administration": NaN,
        "General And Administrative Expense": NaN,
        "Other Gand A": NaN,
        "Gross Profit": NaN,
        "Cost Of Revenue": NaN,
        "Total Revenue": NaN,
        "Operating Revenue": NaN
    },
    "2022-09-30": {
        "Tax Effect Of Unusual Items": NaN,
        "Tax Rate For Calcs": NaN,
        "Normalized EBITDA": NaN,
        "Total Unusual Items": NaN,
        "Total Unusual Items Excluding Goodwill": NaN,
        "Net Income From Continuing Operation Net Minority Interest": NaN,
        "Reconciled Depreciation": NaN,
        "Reconciled Cost Of Revenue": NaN,
        "EBITDA": NaN,
        "EBIT": NaN,
        "Net Interest Income": NaN,
        "Interest Expense": NaN,
        "Interest Income": NaN,
        "Normalized Income": NaN,
        "Net Income From Continuing And Discontinued Operation": NaN,
        "Total Expenses": NaN,
        "Diluted Average Shares": NaN,
        "Basic Average Shares": NaN,
        "Diluted EPS": NaN,
        "Basic EPS": NaN,
        "Diluted NI Availto Com Stockholders": NaN,
        "Average Dilution Earnings": 0.0,
        "Net Income Common Stockholders": NaN,
        "Otherunder Preferred Stock Dividend": NaN,
        "Net Income": NaN,
        "Minority Interests": NaN,
        "Net Income Including Noncontrolling Interests": NaN,
        "Net Income Continuous Operations": NaN,
        "Tax Provision": NaN,
        "Pretax Income": NaN,
        "Other Income Expense": NaN,
        "Other Non Operating Income Expenses": -2000000.0,
        "Special Income Charges": NaN,
        "Gain On Sale Of Ppe": 0.0,
        "Gain On Sale Of Business": NaN,
        "Other Special Charges": NaN,
        "Write Off": 0.0,
        "Restructuring And Mergern Acquisition": NaN,
        "Gain On Sale Of Security": NaN,
        "Net Non Operating Interest Income Expense": NaN,
        "Total Other Finance Cost": NaN,
        "Interest Expense Non Operating": NaN,
        "Interest Income Non Operating": NaN,
        "Operating Income": NaN,
        "Operating Expense": NaN,
        "Other Operating Expenses": NaN,
        "Other Taxes": NaN,
        "Selling General And Administration": NaN,
        "General And Administrative Expense": NaN,
        "Other Gand A": NaN,
        "Gross Profit": NaN,
        "Cost Of Revenue": NaN,
        "Total Revenue": NaN,
        "Operating Revenue": NaN
    },
    "2022-06-30": {
        "Tax Effect Of Unusual Items": -16751025.991792,
        "Tax Rate For Calcs": 0.270178,
        "Normalized EBITDA": 1876000000.0,
        "Total Unusual Items": -62000000.0,
        "Total Unusual Items Excluding Goodwill": -62000000.0,
        "Net Income From Continuing Operation Net Minority Interest": 926000000.0,
        "Reconciled Depreciation": 278000000.0,
        "Reconciled Cost Of Revenue": 1259000000.0,
        "EBITDA": 1814000000.0,
        "EBIT": 1536000000.0,
        "Net Interest Income": -76000000.0,
        "Interest Expense": 74000000.0,
        "Interest Income": 3000000.0,
        "Normalized Income": 971248974.008208,
        "Net Income From Continuing And Discontinued Operation": 926000000.0,
        "Total Expenses": 1447000000.0,
        "Diluted Average Shares": 342000000.0,
        "Basic Average Shares": 341000000.0,
        "Diluted EPS": 2.71,
        "Basic EPS": 2.72,
        "Diluted NI Availto Com Stockholders": 926000000.0,
        "Average Dilution Earnings": NaN,
        "Net Income Common Stockholders": 926000000.0,
        "Otherunder Preferred Stock Dividend": 0.0,
        "Net Income": 926000000.0,
        "Minority Interests": -141000000.0,
        "Net Income Including Noncontrolling Interests": 1067000000.0,
        "Net Income Continuous Operations": 1067000000.0,
        "Tax Provision": 395000000.0,
        "Pretax Income": 1462000000.0,
        "Other Income Expense": -62000000.0,
        "Special Income Charges": -30000000.0,
        "Gain On Sale Of Ppe": NaN,
        "Gain On Sale Of Business": -27000000.0,
        "Other Special Charges": NaN,
        "Write Off": NaN,
        "Restructuring And Mergern Acquisition": 3000000.0,
        "Gain On Sale Of Security": -32000000.0,
        "Net Non Operating Interest Income Expense": -76000000.0,
        "Total Other Finance Cost": 5000000.0,
        "Interest Expense Non Operating": 74000000.0,
        "Interest Income Non Operating": 3000000.0,
        "Operating Income": 1600000000.0,
        "Operating Expense": 188000000.0,
        "Other Operating Expenses": 21000000.0,
        "Other Taxes": 78000000.0,
        "Selling General And Administration": 89000000.0,
        "General And Administrative Expense": 89000000.0,
        "Other Gand A": 89000000.0,
        "Gross Profit": 1788000000.0,
        "Cost Of Revenue": 1259000000.0,
        "Total Revenue": 3047000000.0,
        "Operating Revenue": 3047000000.0
    },
    "2023-06-30": {
        "Tax Effect Of Unusual Items": NaN,
        "Tax Rate For Calcs": NaN,
        "Normalized EBITDA": NaN,
        "Total Unusual Items": NaN,
        "Total Unusual Items Excluding Goodwill": NaN,
        "Net Income From Continuing Operation Net Minority Interest": NaN,
        "Reconciled Depreciation": NaN,
        "Reconciled Cost Of Revenue": NaN,
        "EBITDA": NaN,
        "EBIT": NaN,
        "Net Interest Income": NaN,
        "Interest Expense": NaN,
        "Interest Income": NaN,
        "Normalized Income": NaN,
        "Net Income From Continuing And Discontinued Operation": NaN,
        "Total Expenses": NaN,
        "Diluted Average Shares": NaN,
        "Basic Average Shares": NaN,
        "Diluted EPS": NaN,
        "Basic EPS": NaN,
        "Diluted NI Availto Com Stockholders": NaN,
        "Average Dilution Earnings": 0.0,
        "Net Income Common Stockholders": NaN,
        "Otherunder Preferred Stock Dividend": 0.0,
        "Net Income": NaN,
        "Minority Interests": NaN,
        "Net Income Including Noncontrolling Interests": NaN,
        "Net Income Continuous Operations": NaN,
        "Tax Provision": NaN,
        "Pretax Income": NaN,
        "Other Income Expense": NaN,
        "Other Non Operating Income Expenses": 109000000.0,
        "Special Income Charges": NaN,
        "Gain On Sale Of Business": NaN,
        "Other Special Charges": NaN,
        "Write Off": NaN,
        "Restructuring And Mergern Acquisition": NaN,
        "Gain On Sale Of Security": NaN,
        "Net Non Operating Interest Income Expense": NaN,
        "Total Other Finance Cost": NaN,
        "Interest Expense Non Operating": NaN,
        "Interest Income Non Operating": NaN,
        "Operating Income": NaN,
        "Operating Expense": NaN,
        "Other Operating Expenses": NaN,
        "Other Taxes": NaN,
        "Selling General And Administration": NaN,
        "General And Administrative Expense": NaN,
        "Other Gand A": NaN,
        "Gross Profit": NaN,
        "Cost Of Revenue": NaN,
        "Total Revenue": NaN,
        "Operating Revenue": NaN
    },
    "2022-03-31": {
        "Diluted EPS": 5.43,
        "Total Revenue": NaN,
        "Gross Profit": NaN,
        "Operating Income": NaN,
        "EBIT": NaN,
        "Net Income": NaN
    },
    "2021-12-31": {
        "Diluted EPS": 1.05,
        "Total Revenue": NaN,
        "Gross Profit": NaN,
        "Operating Income": 654,
        "EBIT": 986,
        "Net Income": 382
    },
    "2021-09-30": {
        "Diluted EPS": -0.3,
        "Total Revenue": NaN,
        "Gross Profit": NaN,
        "Operating Income": 122,
        "EBIT": 457,
        "Net Income": -113
    },
    "2021-06-30": {
        "Diluted EPS": 0.82,
        "Total Revenue": NaN,
        "Gross Profit": NaN,
        "Operating Income": 495,
        "EBIT": 846,
        "Net Income": 316
    },
    "2021-03-31": {
        "Diluted EPS": 1.02,
        "Total Revenue": NaN,
        "Gross Profit": NaN,
        "Operating Income": 620,
        "EBIT": 962,
        "Net Income": 388
    },
    "2020-12-31": {
        "Diluted EPS": 0.04,
        "Total Revenue": NaN,
        "Gross Profit": NaN,
        "Operating Income": 70,
        "EBIT": 460,
        "Net Income": 10
    },
    "2020-09-30": {
        "Diluted EPS": -0.02,
        "Total Revenue": NaN,
        "Gross Profit": NaN,
        "Operating Income": 72,
        "EBIT": 470,
        "Net Income": -4
    },
    "2020-06-30": {
        "Diluted EPS": -1.02,
        "Total Revenue": 596,
        "Gross Profit": 478,
        "Operating Income": -416,
        "EBIT": 2,
        "Net Income": -386
    },
    "2020-03-31": {
        "Diluted EPS": -11.86,
        "Total Revenue": NaN,
        "Gross Profit": NaN,
        "Operating Income": NaN,
        "EBIT": NaN,
        "Net Income": NaN
    },
    "2019-12-31": {
        "Diluted EPS": -7.9,
        "Total Revenue": NaN,
        "Gross Profit": NaN,
        "Operating Income": NaN,
        "EBIT": NaN,
        "Net Income": NaN
    },
    "2019-09-30": {
        "Diluted EPS": -0.45,
        "Total Revenue": NaN,
        "Gross Profit": NaN,
        "Operating Income": 14,
        "EBIT": 725,
        "Net Income": -170
    },
    "2019-06-30": {
        "Diluted EPS": -0.96,
        "Total Revenue": NaN,
        "Gross Profit": NaN,
        "Operating Income": -152,
        "EBIT": 450,
        "Net Income": -360
    },
    "2019-03-31": {
        "Diluted EPS": -0.12,
        "Total Revenue": NaN,
        "Gross Profit": NaN,
        "Operating Income": 165,
        "EBIT": 811,
        "Net Income": -47
    },
    "2018-12-31": {
        "Diluted EPS": -0.99,
        "Total Revenue": NaN,
        "Gross Profit": NaN,
        "Operating Income": -344,
        "EBIT": 290,
        "Net Income": -381
    },
    "2018-09-30": {
        "Diluted EPS": 0.21,
        "Total Revenue": NaN,
        "Gross Profit": NaN,
        "Operating Income": 406,
        "EBIT": NaN,
        "Net Income": 81
    },
    "2018-06-30": {
        "Diluted EPS": 0.51,
        "Total Revenue": NaN,
        "Gross Profit": NaN,
        "Operating Income": 508,
        "EBIT": NaN,
        "Net Income": 195
    },
    "2018-03-31": {
        "Diluted EPS": 0.38,
        "Total Revenue": NaN,
        "Gross Profit": NaN,
        "Operating Income": 388,
        "EBIT": 941,
        "Net Income": 145
    },
    "2017-12-31": {
        "Diluted EPS": 1.19,
        "Total Revenue": NaN,
        "Gross Profit": NaN,
        "Operating Income": 278,
        "EBIT": 851,
        "Net Income": 456
    },
    "2017-09-30": {
        "Diluted EPS": 0.16,
        "Total Revenue": NaN,
        "Gross Profit": NaN,
        "Operating Income": 93,
        "EBIT": 652,
        "Net Income": 63
    },
    "2017-06-30": {
        "Diluted EPS": 1.5,
        "Total Revenue": NaN,
        "Gross Profit": NaN,
        "Operating Income": 9,
        "EBIT": 581,
        "Net Income": 572
    },
    "2017-03-31": {
        "Diluted EPS": 0.56,
        "Total Revenue": NaN,
        "Gross Profit": NaN,
        "Operating Income": 538,
        "EBIT": NaN,
        "Net Income": 213
    },
    "2016-12-31": {
        "Diluted EPS": -0.48,
        "Total Revenue": NaN,
        "Gross Profit": NaN,
        "Operating Income": -114,
        "EBIT": 509,
        "Net Income": -182
    },
    "2016-09-30": {
        "Diluted EPS": -1.6,
        "Total Revenue": NaN,
        "Gross Profit": NaN,
        "Operating Income": -905,
        "EBIT": -257,
        "Net Income": -607
    },
    "2016-06-30": {
        "Diluted EPS": -0.65,
        "Total Revenue": NaN,
        "Gross Profit": NaN,
        "Operating Income": -281,
        "EBIT": 388,
        "Net Income": -244
    },
    "2016-03-31": {
        "Diluted EPS": -0.98,
        "Total Revenue": NaN,
        "Gross Profit": NaN,
        "Operating Income": -382,
        "EBIT": 296,
        "Net Income": -372
    },
    "2015-12-31": {
        "Diluted EPS": -1.83,
        "Total Revenue": NaN,
        "Gross Profit": NaN,
        "Operating Income": -89,
        "EBIT": 719,
        "Net Income": -698
    },
    "2015-09-30": {
        "Diluted EPS": -10.95,
        "Total Revenue": NaN,
        "Gross Profit": NaN,
        "Operating Income": NaN,
        "EBIT": NaN,
        "Net Income": NaN
    },
    "2015-06-30": {
        "Diluted EPS": -2.28,
        "Total Revenue": NaN,
        "Gross Profit": NaN,
        "Operating Income": -186,
        "EBIT": NaN,
        "Net Income": -860
    },
    "2015-03-31": {
        "Diluted EPS": -12.34,
        "Total Revenue": NaN,
        "Gross Profit": NaN,
        "Operating Income": NaN,
        "EBIT": 778,
        "Net Income": NaN
    },
    "2014-12-31": {
        "Diluted EPS": -20.17,
        "Total Revenue": NaN,
        "Gross Profit": 997,
        "Operating Income": NaN,
        "EBIT": NaN,
        "Net Income": NaN
    },
    "2014-09-30": {
        "Diluted EPS": -3.5,
        "Total Revenue": NaN,
        "Gross Profit": NaN,
        "Operating Income": -317,
        "EBIT": NaN,
        "Net Income": NaN
    },
    "2014-06-30": {
        "Diluted EPS": 1.31,
        "Total Revenue": NaN,
        "Gross Profit": NaN,
        "Operating Income": 911,
        "EBIT": NaN,
        "Net Income": 505
    },
    "2014-03-31": {
        "Diluted EPS": 0.6,
        "Total Revenue": NaN,
        "Gross Profit": NaN,
        "Operating Income": NaN,
        "EBIT": NaN,
        "Net Income": 236
    },
    "2013-12-31": {
        "Diluted EPS": 0.45,
        "Total Revenue": NaN,
        "Gross Profit": NaN,
        "Operating Income": 239,
        "EBIT": NaN,
        "Net Income": 174
    },
    "2013-09-30": {
        "Diluted EPS": 0.75,
        "Total Revenue": NaN,
        "Gross Profit": NaN,
        "Operating Income": 641,
        "EBIT": NaN,
        "Net Income": 300
    },
    "2013-06-30": {
        "Diluted EPS": 2.54,
        "Total Revenue": NaN,
        "Gross Profit": NaN,
        "Operating Income": NaN,
        "EBIT": NaN,
        "Net Income": NaN
    },
    "2013-03-31": {
        "Diluted EPS": 1.76,
        "Total Revenue": NaN,
        "Gross Profit": NaN,
        "Operating Income": NaN,
        "EBIT": NaN,
        "Net Income": 698
    },
    "2012-12-31": {
        "Diluted EPS": 1.65,
        "Total Revenue": NaN,
        "Gross Profit": NaN,
        "Operating Income": NaN,
        "EBIT": NaN,
        "Net Income": 649
    },
    "2012-09-30": {
        "Diluted EPS": 0.41,
        "Total Revenue": NaN,
        "Gross Profit": NaN,
        "Operating Income": 865,
        "EBIT": NaN,
        "Net Income": 161
    },
    "2012-06-30": {
        "Diluted EPS": 0.86,
        "Total Revenue": NaN,
        "Gross Profit": NaN,
        "Operating Income": 811,
        "EBIT": NaN,
        "Net Income": 337
    },
    "2012-03-31": {
        "Diluted EPS": 2.0,
        "Total Revenue": NaN,
        "Gross Profit": NaN,
        "Operating Income": NaN,
        "EBIT": NaN,
        "Net Income": 778
    },
    "2011-12-31": {
        "Diluted EPS": 2.94,
        "Total Revenue": NaN,
        "Gross Profit": NaN,
        "Operating Income": NaN,
        "EBIT": NaN,
        "Net Income": NaN
    },
    "2011-09-30": {
        "Diluted EPS": 2.5,
        "Total Revenue": NaN,
        "Gross Profit": NaN,
        "Operating Income": NaN,
        "EBIT": NaN,
        "Net Income": 983
    },
    "2011-06-30": {
        "Diluted EPS": 3.17,
        "Total Revenue": NaN,
        "Gross Profit": NaN,
        "Operating Income": NaN,
        "EBIT": NaN,
        "Net Income": NaN
    },
    "2011-03-31": {
        "Diluted EPS": 2.86,
        "Total Revenue": NaN,
        "Gross Profit": NaN,
        "Operating Income": NaN,
        "EBIT": NaN,
        "Net Income": NaN
    },
    "2010-12-31": {
        "Diluted EPS": 1.73,
        "Total Revenue": NaN,
        "Gross Profit": NaN,
        "Operating Income": NaN,
        "EBIT": NaN,
        "Net Income": 670
    },
    "2010-09-30": {
        "Diluted EPS": 2.12,
        "Total Revenue": NaN,
        "Gross Profit": NaN,
        "Operating Income": NaN,
        "EBIT": NaN,
        "Net Income": 765
    },
    "2010-06-30": {
        "Diluted EPS": 2.53,
        "Total Revenue": NaN,
        "Gross Profit": NaN,
        "Operating Income": NaN,
        "EBIT": NaN,
        "Net Income": 860
    },
    "2010-03-31": {
        "Diluted EPS": 2.08,
        "Total Revenue": NaN,
        "Gross Profit": NaN,
        "Operating Income": NaN,
        "EBIT": NaN,
        "Net Income": 705
    },
    "2009-12-31": {
        "Diluted EPS": 1.77,
        "Total Revenue": NaN,
        "Gross Profit": NaN,
        "Operating Income": NaN,
        "EBIT": NaN,
        "Net Income": 582
    },
    "2009-09-30": {
        "Diluted EPS": 1.3,
        "Total Revenue": NaN,
        "Gross Profit": NaN,
        "Operating Income": 871,
        "EBIT": NaN,
        "Net Income": 441
    },
    "2009-06-30": {
        "Diluted EPS": 1.31,
        "Total Revenue": NaN,
        "Gross Profit": NaN,
        "Operating Income": 787,
        "EBIT": NaN,
        "Net Income": 443
    },
    "2009-03-31": {
        "Diluted EPS": -5.25,
        "Total Revenue": NaN,
        "Gross Profit": NaN,
        "Operating Income": NaN,
        "EBIT": 945,
        "Net Income": NaN
    },
    "2023-09-30": {
        "Tax Effect Of Unusual Items": NaN,
        "Tax Rate For Calcs": NaN,
        "Normalized EBITDA": NaN,
        "Total Unusual Items": NaN,
        "Total Unusual Items Excluding Goodwill": NaN,
        "Net Income From Continuing Operation Net Minority Interest": NaN,
        "Reconciled Depreciation": NaN,
        "Reconciled Cost Of Revenue": NaN,
        "EBITDA": NaN,
        "EBIT": NaN,
        "Net Interest Income": NaN,
        "Interest Expense": NaN,
        "Interest Income": NaN,
        "Normalized Income": NaN,
        "Net Income From Continuing And Discontinued Operation": NaN,
        "Total Expenses": NaN,
        "Diluted Average Shares": NaN,
        "Basic Average Shares": NaN,
        "Diluted EPS": NaN,
        "Basic EPS": NaN,
        "Diluted NI Availto Com Stockholders": NaN,
        "Net Income Common Stockholders": NaN,
        "Otherunder Preferred Stock Dividend": 0.0,
        "Net Income": NaN,
        "Minority Interests": NaN,
        "Net Income Including Noncontrolling Interests": NaN,
        "Net Income Continuous Operations": NaN,
        "Tax Provision": NaN,
        "Pretax Income": NaN,
        "Other Income Expense": NaN,
        "Other Non Operating Income Expenses": NaN,
        "Special Income Charges": NaN,
        "Gain On Sale Of Business": NaN,
        "Other Special Charges": NaN,
        "Write Off": 0.0,
        "Restructuring And Mergern Acquisition": NaN,
        "Gain On Sale Of Security": NaN,
        "Net Non Operating Interest Income Expense": NaN,
        "Total Other Finance Cost": NaN,
        "Interest Expense Non Operating": NaN,
        "Interest Income Non Operating": NaN,
        "Operating Income": NaN,
        "Operating Expense": NaN,
        "Other Operating Expenses": NaN,
        "Other Taxes": NaN,
        "Selling General And Administration": NaN,
        "General And Administrative Expense": NaN,
        "Other Gand A": NaN,
        "Gross Profit": NaN,
        "Cost Of Revenue": NaN,
        "Total Revenue": NaN,
        "Operating Revenue": NaN
    },
    "2023-12-31": {
        "Tax Effect Of Unusual Items": -49350000.0,
        "Tax Rate For Calcs": 0.21,
        "Normalized EBITDA": 1277000000.0,
        "Total Unusual Items": -235000000.0,
        "Total Unusual Items Excluding Goodwill": -235000000.0,
        "Net Income From Continuing Operation Net Minority Interest": 1773000000.0,
        "Reconciled Depreciation": 423000000.0,
        "Reconciled Cost Of Revenue": 1056000000.0,
        "EBITDA": 1042000000.0,
        "EBIT": 619000000.0,
        "Net Interest Income": -77000000.0,
        "Interest Expense": 79000000.0,
        "Interest Income": 3000000.0,
        "Normalized Income": 1958650000.0,
        "Net Income From Continuing And Discontinued Operation": 1773000000.0,
        "Total Expenses": 1256000000.0,
        "Diluted Average Shares": 307000000.0,
        "Basic Average Shares": 306000000.0,
        "Diluted EPS": 5.78,
        "Basic EPS": 5.79,
        "Diluted NI Availto Com Stockholders": 1773000000.0,
        "Net Income Common Stockholders": 1773000000.0,
        "Otherunder Preferred Stock Dividend": 0.0,
        "Net Income": 1773000000.0,
        "Minority Interests": -91000000.0,
        "Net Income Including Noncontrolling Interests": 1864000000.0,
        "Net Income Continuous Operations": 1864000000.0,
        "Tax Provision": -1324000000.0,
        "Pretax Income": 540000000.0,
        "Other Income Expense": -294000000.0,
        "Other Non Operating Income Expenses": -59000000.0,
        "Special Income Charges": -18000000.0,
        "Gain On Sale Of Business": 1000000.0,
        "Other Special Charges": 0.0,
        "Write Off": 15000000.0,
        "Restructuring And Mergern Acquisition": 4000000.0,
        "Gain On Sale Of Security": -217000000.0,
        "Net Non Operating Interest Income Expense": -77000000.0,
        "Total Other Finance Cost": 1000000.0,
        "Interest Expense Non Operating": 79000000.0,
        "Interest Income Non Operating": 3000000.0,
        "Operating Income": 911000000.0,
        "Operating Expense": 200000000.0,
        "Other Operating Expenses": 81000000.0,
        "Other Taxes": 44000000.0,
        "Selling General And Administration": 75000000.0,
        "General And Administrative Expense": 75000000.0,
        "Other Gand A": 75000000.0,
        "Gross Profit": 1111000000.0,
        "Cost Of Revenue": 1056000000.0,
        "Total Revenue": 2167000000.0,
        "Operating Revenue": 2167000000.0
    },
    "2024-03-31": {
        "Tax Effect Of Unusual Items": -18900000.0,
        "Tax Rate For Calcs": 0.21,
        "Normalized EBITDA": 1045000000.0,
        "Total Unusual Items": -90000000.0,
        "Total Unusual Items Excluding Goodwill": -90000000.0,
        "Net Income From Continuing Operation Net Minority Interest": 132000000.0,
        "Reconciled Depreciation": 430000000.0,
        "Reconciled Cost Of Revenue": 1015000000.0,
        "EBITDA": 955000000.0,
        "EBIT": 525000000.0,
        "Net Interest Income": -76000000.0,
        "Interest Expense": 78000000.0,
        "Interest Income": 3000000.0,
        "Normalized Income": 203100000.0,
        "Net Income From Continuing And Discontinued Operation": 132000000.0,
        "Total Expenses": 1338000000.0,
        "Diluted Average Shares": 302000000.0,
        "Basic Average Shares": 302000000.0,
        "Diluted EPS": 0.44,
        "Basic EPS": 0.44,
        "Diluted NI Availto Com Stockholders": 132000000.0,
        "Net Income Common Stockholders": 132000000.0,
        "Otherunder Preferred Stock Dividend": NaN,
        "Net Income": 132000000.0,
        "Minority Interests": -80000000.0,
        "Net Income Including Noncontrolling Interests": 212000000.0,
        "Net Income Continuous Operations": 212000000.0,
        "Tax Provision": 235000000.0,
        "Pretax Income": 447000000.0,
        "Other Income Expense": -90000000.0,
        "Other Non Operating Income Expenses": NaN,
        "Special Income Charges": -20000000.0,
        "Gain On Sale Of Business": 7000000.0,
        "Other Special Charges": NaN,
        "Write Off": NaN,
        "Restructuring And Mergern Acquisition": 27000000.0,
        "Gain On Sale Of Security": -70000000.0,
        "Net Non Operating Interest Income Expense": -76000000.0,
        "Total Other Finance Cost": 1000000.0,
        "Interest Expense Non Operating": 78000000.0,
        "Interest Income Non Operating": 3000000.0,
        "Operating Income": 613000000.0,
        "Operating Expense": 323000000.0,
        "Other Operating Expenses": 173000000.0,
        "Other Taxes": 57000000.0,
        "Selling General And Administration": 93000000.0,
        "General And Administrative Expense": 93000000.0,
        "Other Gand A": 93000000.0,
        "Gross Profit": 936000000.0,
        "Cost Of Revenue": 1015000000.0,
        "Total Revenue": 1951000000.0,
        "Operating Revenue": 1951000000.0
    },
    "2024-06-30": {
        "Tax Effect Of Unusual Items": 46797413.793103,
        "Tax Rate For Calcs": 0.331897,
        "Normalized EBITDA": 1476000000.0,
        "Total Unusual Items": 141000000.0,
        "Total Unusual Items Excluding Goodwill": 141000000.0,
        "Net Income From Continuing Operation Net Minority Interest": 541000000.0,
        "Reconciled Depreciation": 588000000.0,
        "Reconciled Cost Of Revenue": 1379000000.0,
        "EBITDA": 1617000000.0,
        "EBIT": 1029000000.0,
        "Net Interest Income": -100000000.0,
        "Interest Expense": 101000000.0,
        "Interest Income": 3000000.0,
        "Normalized Income": 446797413.793103,
        "Net Income From Continuing And Discontinued Operation": 541000000.0,
        "Total Expenses": 1649000000.0,
        "Diluted Average Shares": 372000000.0,
        "Basic Average Shares": 371000000.0,
        "Diluted EPS": 1.46,
        "Basic EPS": 1.46,
        "Diluted NI Availto Com Stockholders": 541000000.0,
        "Net Income Common Stockholders": 541000000.0,
        "Otherunder Preferred Stock Dividend": NaN,
        "Net Income": 541000000.0,
        "Minority Interests": -79000000.0,
        "Net Income Including Noncontrolling Interests": 620000000.0,
        "Net Income Continuous Operations": 620000000.0,
        "Tax Provision": 308000000.0,
        "Pretax Income": 928000000.0,
        "Other Income Expense": 134000000.0,
        "Other Non Operating Income Expenses": -7000000.0,
        "Special Income Charges": 161000000.0,
        "Gain On Sale Of Business": 276000000.0,
        "Other Special Charges": NaN,
        "Write Off": 0.0,
        "Restructuring And Mergern Acquisition": 115000000.0,
        "Gain On Sale Of Security": -20000000.0,
        "Net Non Operating Interest Income Expense": -100000000.0,
        "Total Other Finance Cost": 2000000.0,
        "Interest Expense Non Operating": 101000000.0,
        "Interest Income Non Operating": 3000000.0,
        "Operating Income": 894000000.0,
        "Operating Expense": 270000000.0,
        "Other Operating Expenses": 107000000.0,
        "Other Taxes": 78000000.0,
        "Selling General And Administration": 85000000.0,
        "General And Administrative Expense": 85000000.0,
        "Other Gand A": 85000000.0,
        "Gross Profit": 1164000000.0,
        "Cost Of Revenue": 1379000000.0,
        "Total Revenue": 2543000000.0,
        "Operating Revenue": 2543000000.0
    },
    "2024-09-30": {
        "Tax Effect Of Unusual Items": -238140000.0,
        "Tax Rate For Calcs": 0.21,
        "Normalized EBITDA": 1490000000.0,
        "Total Unusual Items": -1134000000.0,
        "Total Unusual Items Excluding Goodwill": -1134000000.0,
        "Net Income From Continuing Operation Net Minority Interest": -223000000.0,
        "Reconciled Depreciation": 595000000.0,
        "Reconciled Cost Of Revenue": 1428000000.0,
        "EBITDA": 356000000.0,
        "EBIT": -239000000.0,
        "Net Interest Income": -100000000.0,
        "Interest Expense": 101000000.0,
        "Interest Income": 2000000.0,
        "Normalized Income": 672860000.0,
        "Net Income From Continuing And Discontinued Operation": -223000000.0,
        "Total Expenses": 1655000000.0,
        "Diluted Average Shares": 370000000.0,
        "Basic Average Shares": 370000000.0,
        "Diluted EPS": -0.6,
        "Basic EPS": -0.6,
        "Diluted NI Availto Com Stockholders": -223000000.0,
        "Net Income Common Stockholders": -223000000.0,
        "Otherunder Preferred Stock Dividend": NaN,
        "Net Income": -223000000.0,
        "Minority Interests": -84000000.0,
        "Net Income Including Noncontrolling Interests": -139000000.0,
        "Net Income Continuous Operations": -139000000.0,
        "Tax Provision": -201000000.0,
        "Pretax Income": -340000000.0,
        "Other Income Expense": -1116000000.0,
        "Other Non Operating Income Expenses": 18000000.0,
        "Special Income Charges": -1124000000.0,
        "Gain On Sale Of Business": 1000000.0,
        "Other Special Charges": NaN,
        "Write Off": 1111000000.0,
        "Restructuring And Mergern Acquisition": 14000000.0,
        "Gain On Sale Of Security": -10000000.0,
        "Net Non Operating Interest Income Expense": -100000000.0,
        "Total Other Finance Cost": 1000000.0,
        "Interest Expense Non Operating": 101000000.0,
        "Interest Income Non Operating": 2000000.0,
        "Operating Income": 876000000.0,
        "Operating Expense": 227000000.0,
        "Other Operating Expenses": 65000000.0,
        "Other Taxes": 70000000.0,
        "Selling General And Administration": 92000000.0,
        "General And Administrative Expense": 92000000.0,
        "Other Gand A": 92000000.0,
        "Gross Profit": 1103000000.0,
        "Cost Of Revenue": 1428000000.0,
        "Total Revenue": 2531000000.0,
        "Operating Revenue": 2531000000.0
    },
    "2024-12-31": {
        "Tax Effect Of Unusual Items": -31200000.0,
        "Tax Rate For Calcs": 0.15,
        "Normalized EBITDA": 1454000000.0,
        "Total Unusual Items": -208000000.0,
        "Total Unusual Items Excluding Goodwill": -208000000.0,
        "Net Income From Continuing Operation Net Minority Interest": 354000000.0,
        "Reconciled Depreciation": 653000000.0,
        "Reconciled Cost Of Revenue": 1613000000.0,
        "EBITDA": 1246000000.0,
        "EBIT": 593000000.0,
        "Net Interest Income": -91000000.0,
        "Interest Expense": 93000000.0,
        "Interest Income": 4000000.0,
        "Normalized Income": 530800000.0,
        "Net Income From Continuing And Discontinued Operation": 354000000.0,
        "Total Expenses": 1881000000.0,
        "Diluted Average Shares": 369000000.0,
        "Basic Average Shares": 369000000.0,
        "Diluted EPS": 0.96,
        "Basic EPS": 0.96,
        "Diluted NI Availto Com Stockholders": 354000000.0,
        "Net Income Common Stockholders": 354000000.0,
        "Otherunder Preferred Stock Dividend": NaN,
        "Net Income": 354000000.0,
        "Minority Interests": -71000000.0,
        "Net Income Including Noncontrolling Interests": 425000000.0,
        "Net Income Continuous Operations": 425000000.0,
        "Tax Provision": 75000000.0,
        "Pretax Income": 500000000.0,
        "Other Income Expense": -240000000.0,
        "Other Non Operating Income Expenses": -32000000.0,
        "Special Income Charges": -25000000.0,
        "Gain On Sale Of Business": 5000000.0,
        "Other Special Charges": NaN,
        "Write Off": 18000000.0,
        "Restructuring And Mergern Acquisition": 12000000.0,
        "Gain On Sale Of Security": -183000000.0,
        "Net Non Operating Interest Income Expense": -91000000.0,
        "Total Other Finance Cost": 2000000.0,
        "Interest Expense Non Operating": 93000000.0,
        "Interest Income Non Operating": 4000000.0,
        "Operating Income": 831000000.0,
        "Operating Expense": 268000000.0,
        "Other Operating Expenses": 101000000.0,
        "Other Taxes": 65000000.0,
        "Selling General And Administration": 102000000.0,
        "General And Administrative Expense": 102000000.0,
        "Other Gand A": 102000000.0,
        "Gross Profit": 1099000000.0,
        "Cost Of Revenue": 1613000000.0,
        "Total Revenue": 2712000000.0,
        "Operating Revenue": 2712000000.0
    }
}