{
    "2023-06-30": {
        "Tax Effect Of Unusual Items": 306830.005034,
        "Tax Rate For Calcs": 0.219164,
        "Normalized EBITDA": 723600000.0,
        "Total Unusual Items": 1400000.0,
        "Total Unusual Items Excluding Goodwill": 1400000.0,
        "Net Income From Continuing Operation Net Minority Interest": 460500000.0,
        "Reconciled Depreciation": 94100000.0,
        "Reconciled Cost Of Revenue": 2062200000.0,
        "EBITDA": 725000000.0,
        "EBIT": 630900000.0,
        "Net Interest Income": -35000000.0,
        "Interest Expense": 35000000.0,
        "Normalized Income": 459406830.005034,
        "Net Income From Continuing And Discontinued Operation": 460500000.0,
        "Total Expenses": 2430000000.0,
        "Total Operating Income As Reported": 619900000.0,
        "Diluted Average Shares": 1236500000.0,
        "Basic Average Shares": 1189900000.0,
        "Diluted EPS": 0.37,
        "Basic EPS": 0.387007,
        "Diluted NI Availto Com Stockholders": 460500000.0,
        "Net Income Common Stockholders": 460500000.0,
        "Net Income": 460500000.0,
        "Minority Interests": -4800000.0,
        "Net Income Including Noncontrolling Interests": 465300000.0,
        "Net Income Continuous Operations": 465300000.0,
        "Tax Provision": 130600000.0,
        "Pretax Income": 595900000.0,
        "Other Income Expense": 7000000.0,
        "Other Non Operating Income Expenses": 5600000.0,
        "Special Income Charges": 1400000.0,
        "Restructuring And Mergern Acquisition": -1400000.0,
        "Net Non Operating Interest Income Expense": -35000000.0,
        "Interest Expense Non Operating": 35000000.0,
        "Operating Income": 623900000.0,
        "Operating Expense": 367800000.0,
        "Selling General And Administration": 367800000.0,
        "Gross Profit": 991700000.0,
        "Cost Of Revenue": 2062200000.0,
        "Total Revenue": 3053900000.0,
        "Operating Revenue": 3053900000.0
    },
    "2023-03-31": {
        "Tax Effect Of Unusual Items": -1128600.0,
        "Tax Rate For Calcs": 0.209,
        "Normalized EBITDA": 697500000.0,
        "Total Unusual Items": -5400000.0,
        "Total Unusual Items Excluding Goodwill": -5400000.0,
        "Net Income From Continuing Operation Net Minority Interest": 439200000.0,
        "Reconciled Depreciation": 96300000.0,
        "Reconciled Cost Of Revenue": 2030600000.0,
        "EBITDA": 692100000.0,
        "EBIT": 595800000.0,
        "Net Interest Income": -35900000.0,
        "Interest Expense": 35900000.0,
        "Normalized Income": 443471400.0,
        "Net Income From Continuing And Discontinued Operation": 439200000.0,
        "Total Expenses": 2376900000.0,
        "Total Operating Income As Reported": 591700000.0,
        "Diluted Average Shares": 619900000.0,
        "Basic Average Shares": 595100000.0,
        "Diluted EPS": 0.71,
        "Basic EPS": 0.74,
        "Diluted NI Availto Com Stockholders": 439200000.0,
        "Net Income Common Stockholders": 439200000.0,
        "Net Income": 439200000.0,
        "Minority Interests": -3500000.0,
        "Net Income Including Noncontrolling Interests": 442700000.0,
        "Net Income Discontinuous Operations": NaN,
        "Net Income Continuous Operations": 442700000.0,
        "Tax Provision": 117200000.0,
        "Pretax Income": 559900000.0,
        "Other Income Expense": -1300000.0,
        "Other Non Operating Income Expenses": 4100000.0,
        "Special Income Charges": -5400000.0,
        "Restructuring And Mergern Acquisition": 5400000.0,
        "Net Non Operating Interest Income Expense": -35900000.0,
        "Interest Expense Non Operating": 35900000.0,
        "Operating Income": 597100000.0,
        "Operating Expense": 346300000.0,
        "Selling General And Administration": 346300000.0,
        "Gross Profit": 943400000.0,
        "Cost Of Revenue": 2030600000.0,
        "Total Revenue": 2974000000.0,
        "Operating Revenue": 2974000000.0
    },
    "2022-12-31": {
        "Tax Effect Of Unusual Items": NaN,
        "Tax Rate For Calcs": NaN,
        "Normalized EBITDA": NaN,
        "Total Unusual Items": NaN,
        "Total Unusual Items Excluding Goodwill": NaN,
        "Net Income From Continuing Operation Net Minority Interest": NaN,
        "Reconciled Depreciation": NaN,
        "Reconciled Cost Of Revenue": NaN,
        "EBITDA": NaN,
        "EBIT": NaN,
        "Net Interest Income": NaN,
        "Interest Expense": NaN,
        "Normalized Income": NaN,
        "Net Income From Continuing And Discontinued Operation": NaN,
        "Total Expenses": NaN,
        "Total Operating Income As Reported": NaN,
        "Diluted Average Shares": NaN,
        "Basic Average Shares": NaN,
        "Diluted EPS": NaN,
        "Basic EPS": NaN,
        "Diluted NI Availto Com Stockholders": NaN,
        "Net Income Common Stockholders": NaN,
        "Net Income": NaN,
        "Minority Interests": NaN,
        "Net Income Including Noncontrolling Interests": NaN,
        "Net Income Discontinuous Operations": 0.0,
        "Net Income Continuous Operations": NaN,
        "Tax Provision": NaN,
        "Pretax Income": NaN,
        "Other Income Expense": NaN,
        "Other Non Operating Income Expenses": NaN,
        "Special Income Charges": NaN,
        "Restructuring And Mergern Acquisition": NaN,
        "Net Non Operating Interest Income Expense": NaN,
        "Interest Expense Non Operating": NaN,
        "Operating Income": NaN,
        "Operating Expense": NaN,
        "Selling General And Administration": NaN,
        "Gross Profit": NaN,
        "Cost Of Revenue": NaN,
        "Total Revenue": NaN,
        "Operating Revenue": NaN
    },
    "2022-09-30": {
        "Tax Effect Of Unusual Items": NaN,
        "Tax Rate For Calcs": NaN,
        "Normalized EBITDA": NaN,
        "Total Unusual Items": NaN,
        "Total Unusual Items Excluding Goodwill": NaN,
        "Net Income From Continuing Operation Net Minority Interest": NaN,
        "Reconciled Depreciation": NaN,
        "Reconciled Cost Of Revenue": NaN,
        "EBITDA": NaN,
        "EBIT": NaN,
        "Net Interest Income": NaN,
        "Interest Expense": NaN,
        "Normalized Income": NaN,
        "Net Income From Continuing And Discontinued Operation": NaN,
        "Total Expenses": NaN,
        "Total Operating Income As Reported": NaN,
        "Diluted Average Shares": NaN,
        "Basic Average Shares": NaN,
        "Diluted EPS": NaN,
        "Basic EPS": NaN,
        "Diluted NI Availto Com Stockholders": NaN,
        "Net Income Common Stockholders": NaN,
        "Net Income": NaN,
        "Minority Interests": NaN,
        "Net Income Including Noncontrolling Interests": NaN,
        "Net Income Discontinuous Operations": 0.0,
        "Net Income Continuous Operations": NaN,
        "Tax Provision": NaN,
        "Pretax Income": NaN,
        "Other Income Expense": NaN,
        "Other Non Operating Income Expenses": NaN,
        "Special Income Charges": NaN,
        "Restructuring And Mergern Acquisition": NaN,
        "Net Non Operating Interest Income Expense": NaN,
        "Interest Expense Non Operating": NaN,
        "Operating Income": NaN,
        "Operating Expense": NaN,
        "Selling General And Administration": NaN,
        "Gross Profit": NaN,
        "Cost Of Revenue": NaN,
        "Total Revenue": NaN,
        "Operating Revenue": NaN
    },
    "2022-06-30": {
        "Tax Effect Of Unusual Items": 0.0,
        "Tax Rate For Calcs": 0.233,
        "Normalized EBITDA": 741900000.0,
        "Total Unusual Items": 0.0,
        "Total Unusual Items Excluding Goodwill": 0.0,
        "Net Income From Continuing Operation Net Minority Interest": 472500000.0,
        "Reconciled Depreciation": 90800000.0,
        "Reconciled Cost Of Revenue": 2132600000.0,
        "EBITDA": 741900000.0,
        "EBIT": 651100000.0,
        "Net Interest Income": -30500000.0,
        "Interest Expense": 30500000.0,
        "Normalized Income": 472500000.0,
        "Net Income From Continuing And Discontinued Operation": 472500000.0,
        "Total Expenses": 2488000000.0,
        "Total Operating Income As Reported": 648800000.0,
        "Diluted Average Shares": 619700000.0,
        "Basic Average Shares": 596200000.0,
        "Diluted EPS": 0.76,
        "Basic EPS": 0.79,
        "Diluted NI Availto Com Stockholders": 472500000.0,
        "Net Income Common Stockholders": 472500000.0,
        "Net Income": 472500000.0,
        "Minority Interests": -3600000.0,
        "Net Income Including Noncontrolling Interests": 476100000.0,
        "Net Income Discontinuous Operations": 0.0,
        "Net Income Continuous Operations": 476100000.0,
        "Tax Provision": 144500000.0,
        "Pretax Income": 620600000.0,
        "Other Income Expense": 2300000.0,
        "Other Non Operating Income Expenses": 2300000.0,
        "Special Income Charges": 0.0,
        "Restructuring And Mergern Acquisition": 0.0,
        "Net Non Operating Interest Income Expense": -30500000.0,
        "Interest Expense Non Operating": 30500000.0,
        "Operating Income": 648800000.0,
        "Operating Expense": 355400000.0,
        "Selling General And Administration": 355400000.0,
        "Gross Profit": 1004200000.0,
        "Cost Of Revenue": 2132600000.0,
        "Total Revenue": 3136800000.0,
        "Operating Revenue": 3136800000.0
    },
    "2022-03-31": {
        "Diluted EPS": 0.68,
        "Total Revenue": NaN,
        "Gross Profit": 927,
        "Operating Income": 590,
        "EBIT": 681,
        "Net Income": 426
    },
    "2021-12-31": {
        "Diluted EPS": 0.74,
        "Total Revenue": NaN,
        "Gross Profit": 941,
        "Operating Income": 593,
        "EBIT": 714,
        "Net Income": 465
    },
    "2021-09-30": {
        "Diluted EPS": 0.68,
        "Total Revenue": NaN,
        "Gross Profit": 890,
        "Operating Income": 571,
        "EBIT": 666,
        "Net Income": 427
    },
    "2021-06-30": {
        "Diluted EPS": 0.59,
        "Total Revenue": NaN,
        "Gross Profit": 843,
        "Operating Income": 476,
        "EBIT": 579,
        "Net Income": 370
    },
    "2021-03-31": {
        "Diluted EPS": 0.53,
        "Total Revenue": NaN,
        "Gross Profit": 728,
        "Operating Income": 465,
        "EBIT": 542,
        "Net Income": 330
    },
    "2020-12-31": {
        "Diluted EPS": 0.58,
        "Total Revenue": NaN,
        "Gross Profit": 766,
        "Operating Income": 488,
        "EBIT": 578,
        "Net Income": 357
    },
    "2020-09-30": {
        "Diluted EPS": 0.56,
        "Total Revenue": NaN,
        "Gross Profit": 735,
        "Operating Income": 476,
        "EBIT": 550,
        "Net Income": 347
    },
    "2020-06-30": {
        "Diluted EPS": 0.42,
        "Total Revenue": NaN,
        "Gross Profit": 604,
        "Operating Income": 357,
        "EBIT": 429,
        "Net Income": 258
    },
    "2020-03-31": {
        "Diluted EPS": 0.4,
        "Total Revenue": NaN,
        "Gross Profit": 560,
        "Operating Income": 317,
        "EBIT": 389,
        "Net Income": 242
    },
    "2019-12-31": {
        "Diluted EPS": 0.52,
        "Total Revenue": NaN,
        "Gross Profit": 679,
        "Operating Income": 430,
        "EBIT": 507,
        "Net Income": 319
    },
    "2019-09-30": {
        "Diluted EPS": 0.46,
        "Total Revenue": NaN,
        "Gross Profit": 662,
        "Operating Income": 414,
        "EBIT": 486,
        "Net Income": 280
    },
    "2019-06-30": {
        "Diluted EPS": 0.47,
        "Total Revenue": NaN,
        "Gross Profit": 648,
        "Operating Income": 400,
        "EBIT": 477,
        "Net Income": 288
    },
    "2019-03-31": {
        "Diluted EPS": 0.44,
        "Total Revenue": NaN,
        "Gross Profit": 628,
        "Operating Income": 376,
        "EBIT": 462,
        "Net Income": 268
    },
    "2018-12-31": {
        "Diluted EPS": 0.55,
        "Total Revenue": NaN,
        "Gross Profit": 715,
        "Operating Income": 458,
        "EBIT": 563,
        "Net Income": 338
    },
    "2018-09-30": {
        "Diluted EPS": 0.51,
        "Total Revenue": NaN,
        "Gross Profit": 688,
        "Operating Income": 444,
        "EBIT": 517,
        "Net Income": 317
    },
    "2018-06-30": {
        "Diluted EPS": 0.46,
        "Total Revenue": NaN,
        "Gross Profit": 645,
        "Operating Income": 408,
        "EBIT": 470,
        "Net Income": 285
    },
    "2018-03-31": {
        "Diluted EPS": 0.42,
        "Total Revenue": NaN,
        "Gross Profit": 607,
        "Operating Income": 377,
        "EBIT": 437,
        "Net Income": 266
    },
    "2017-12-31": {
        "Diluted EPS": -0.17,
        "Total Revenue": NaN,
        "Gross Profit": 635,
        "Operating Income": 399,
        "EBIT": 458,
        "Net Income": -103
    },
    "2017-09-30": {
        "Diluted EPS": 0.44,
        "Total Revenue": NaN,
        "Gross Profit": 606,
        "Operating Income": 378,
        "EBIT": 436,
        "Net Income": 278
    },
    "2017-06-30": {
        "Diluted EPS": 0.4,
        "Total Revenue": NaN,
        "Gross Profit": 553,
        "Operating Income": 336,
        "EBIT": 393,
        "Net Income": 252
    },
    "2017-03-31": {
        "Diluted EPS": 0.36,
        "Total Revenue": NaN,
        "Gross Profit": 516,
        "Operating Income": 314,
        "EBIT": 368,
        "Net Income": 225
    },
    "2016-12-31": {
        "Diluted EPS": 0.38,
        "Total Revenue": NaN,
        "Gross Profit": 546,
        "Operating Income": 339,
        "EBIT": 393,
        "Net Income": 236
    },
    "2016-09-30": {
        "Diluted EPS": 0.36,
        "Total Revenue": NaN,
        "Gross Profit": 537,
        "Operating Income": 326,
        "EBIT": 378,
        "Net Income": 224
    },
    "2016-06-30": {
        "Diluted EPS": 0.33,
        "Total Revenue": NaN,
        "Gross Profit": 497,
        "Operating Income": 300,
        "EBIT": 351,
        "Net Income": 207
    },
    "2016-03-31": {
        "Diluted EPS": 0.25,
        "Total Revenue": NaN,
        "Gross Profit": 459,
        "Operating Income": 239,
        "EBIT": 301,
        "Net Income": 157
    },
    "2015-12-31": {
        "Diluted EPS": 0.32,
        "Total Revenue": NaN,
        "Gross Profit": 458,
        "Operating Income": 289,
        "EBIT": 333,
        "Net Income": 200
    },
    "2015-09-30": {
        "Diluted EPS": 0.33,
        "Total Revenue": NaN,
        "Gross Profit": 464,
        "Operating Income": 295,
        "EBIT": 339,
        "Net Income": 205
    },
    "2015-06-30": {
        "Diluted EPS": 0.28,
        "Total Revenue": NaN,
        "Gross Profit": 433,
        "Operating Income": 261,
        "EBIT": 304,
        "Net Income": 179
    },
    "2015-03-31": {
        "Diluted EPS": 0.29,
        "Total Revenue": NaN,
        "Gross Profit": 425,
        "Operating Income": 260,
        "EBIT": 300,
        "Net Income": 180
    },
    "2014-12-31": {
        "Diluted EPS": 0.31,
        "Total Revenue": NaN,
        "Gross Profit": 457,
        "Operating Income": 279,
        "EBIT": 329,
        "Net Income": 194
    },
    "2014-09-30": {
        "Diluted EPS": 0.29,
        "Total Revenue": NaN,
        "Gross Profit": 432,
        "Operating Income": 268,
        "EBIT": 308,
        "Net Income": 182
    },
    "2014-06-30": {
        "Diluted EPS": 0.27,
        "Total Revenue": NaN,
        "Gross Profit": 417,
        "Operating Income": 256,
        "EBIT": 294,
        "Net Income": 175
    },
    "2014-03-31": {
        "Diluted EPS": 0.25,
        "Total Revenue": NaN,
        "Gross Profit": 389,
        "Operating Income": 232,
        "EBIT": 272,
        "Net Income": 159
    },
    "2013-12-31": {
        "Diluted EPS": 0.26,
        "Total Revenue": NaN,
        "Gross Profit": 389,
        "Operating Income": 241,
        "EBIT": 276,
        "Net Income": 168
    },
    "2013-09-30": {
        "Diluted EPS": 0.25,
        "Total Revenue": NaN,
        "Gross Profit": 364,
        "Operating Income": 224,
        "EBIT": 259,
        "Net Income": 161
    },
    "2013-06-30": {
        "Diluted EPS": 0.24,
        "Total Revenue": NaN,
        "Gross Profit": 360,
        "Operating Income": 224,
        "EBIT": 258,
        "Net Income": 154
    },
    "2013-03-31": {
        "Diluted EPS": 0.24,
        "Total Revenue": NaN,
        "Gross Profit": 338,
        "Operating Income": 207,
        "EBIT": 240,
        "Net Income": 153
    },
    "2012-12-31": {
        "Diluted EPS": 0.21,
        "Total Revenue": NaN,
        "Gross Profit": 355,
        "Operating Income": 221,
        "EBIT": 254,
        "Net Income": 140
    },
    "2012-09-30": {
        "Diluted EPS": 0.23,
        "Total Revenue": NaN,
        "Gross Profit": 344,
        "Operating Income": 216,
        "EBIT": 246,
        "Net Income": 147
    },
    "2012-06-30": {
        "Diluted EPS": 0.22,
        "Total Revenue": NaN,
        "Gross Profit": 334,
        "Operating Income": 206,
        "EBIT": 236,
        "Net Income": 141
    },
    "2012-03-31": {
        "Diluted EPS": 0.19,
        "Total Revenue": 982,
        "Gross Profit": 309,
        "Operating Income": 185,
        "EBIT": 214,
        "Net Income": 127
    },
    "2011-12-31": {
        "Diluted EPS": 0.17,
        "Total Revenue": 949,
        "Gross Profit": 295,
        "Operating Income": 165,
        "EBIT": 196,
        "Net Income": 114
    },
    "2011-09-30": {
        "Diluted EPS": 0.2,
        "Total Revenue": NaN,
        "Gross Profit": 323,
        "Operating Income": 186,
        "EBIT": 217,
        "Net Income": 135
    },
    "2011-06-30": {
        "Diluted EPS": 0.21,
        "Total Revenue": NaN,
        "Gross Profit": 321,
        "Operating Income": 215,
        "EBIT": 245,
        "Net Income": 148
    },
    "2011-03-31": {
        "Diluted EPS": 0.18,
        "Total Revenue": 941,
        "Gross Profit": 304,
        "Operating Income": 186,
        "EBIT": 213,
        "Net Income": 128
    },
    "2010-12-31": {
        "Diluted EPS": 0.19,
        "Total Revenue": 950,
        "Gross Profit": 310,
        "Operating Income": 191,
        "EBIT": 217,
        "Net Income": 131
    },
    "2010-09-30": {
        "Diluted EPS": 0.2,
        "Total Revenue": 948,
        "Gross Profit": 310,
        "Operating Income": 189,
        "EBIT": 216,
        "Net Income": 137
    },
    "2010-06-30": {
        "Diluted EPS": 0.19,
        "Total Revenue": 885,
        "Gross Profit": 289,
        "Operating Income": 176,
        "EBIT": 201,
        "Net Income": 130
    },
    "2010-03-31": {
        "Diluted EPS": 0.14,
        "Total Revenue": 771,
        "Gross Profit": 249,
        "Operating Income": 145,
        "EBIT": 169,
        "Net Income": 98
    },
    "2009-12-31": {
        "Diluted EPS": 0.13,
        "Total Revenue": 758,
        "Gross Profit": 242,
        "Operating Income": 138,
        "EBIT": 164,
        "Net Income": 88
    },
    "2009-09-30": {
        "Diluted EPS": 0.12,
        "Total Revenue": 717,
        "Gross Profit": 224,
        "Operating Income": 124,
        "EBIT": 149,
        "Net Income": 81
    },
    "2009-06-30": {
        "Diluted EPS": 0.11,
        "Total Revenue": 685,
        "Gross Profit": 214,
        "Operating Income": 115,
        "EBIT": 140,
        "Net Income": 75
    },
    "2009-03-31": {
        "Diluted EPS": 0.11,
        "Total Revenue": 660,
        "Gross Profit": 206,
        "Operating Income": 111,
        "EBIT": 134,
        "Net Income": 74
    },
    "2023-09-30": {
        "Tax Effect Of Unusual Items": NaN,
        "Tax Rate For Calcs": NaN,
        "Normalized EBITDA": NaN,
        "Total Unusual Items": NaN,
        "Total Unusual Items Excluding Goodwill": NaN,
        "Net Income From Continuing Operation Net Minority Interest": NaN,
        "Reconciled Depreciation": NaN,
        "Reconciled Cost Of Revenue": NaN,
        "EBITDA": NaN,
        "EBIT": NaN,
        "Net Interest Income": NaN,
        "Interest Expense": NaN,
        "Normalized Income": NaN,
        "Net Income From Continuing And Discontinued Operation": NaN,
        "Total Expenses": NaN,
        "Total Operating Income As Reported": NaN,
        "Diluted Average Shares": 1244100000.0,
        "Basic Average Shares": 1195400000.0,
        "Diluted EPS": 0.41,
        "Basic EPS": 0.43,
        "Diluted NI Availto Com Stockholders": NaN,
        "Net Income Common Stockholders": NaN,
        "Net Income": NaN,
        "Minority Interests": NaN,
        "Net Income Including Noncontrolling Interests": NaN,
        "Net Income Continuous Operations": NaN,
        "Tax Provision": NaN,
        "Pretax Income": NaN,
        "Other Income Expense": NaN,
        "Other Non Operating Income Expenses": NaN,
        "Special Income Charges": NaN,
        "Restructuring And Mergern Acquisition": NaN,
        "Net Non Operating Interest Income Expense": NaN,
        "Interest Expense Non Operating": NaN,
        "Operating Income": NaN,
        "Operating Expense": NaN,
        "Selling General And Administration": NaN,
        "Gross Profit": NaN,
        "Cost Of Revenue": NaN,
        "Total Revenue": NaN,
        "Operating Revenue": NaN
    },
    "2023-12-31": {
        "Tax Effect Of Unusual Items": -3561857.529306,
        "Tax Rate For Calcs": 0.219868,
        "Normalized EBITDA": 831600000.0,
        "Total Unusual Items": -16200000.0,
        "Total Unusual Items Excluding Goodwill": -16200000.0,
        "Net Income From Continuing Operation Net Minority Interest": 514400000.0,
        "Reconciled Depreciation": 115000000.0,
        "Reconciled Cost Of Revenue": 2227100000.0,
        "EBITDA": 815400000.0,
        "EBIT": 700400000.0,
        "Net Interest Income": -35000000.0,
        "Interest Expense": 35000000.0,
        "Normalized Income": 527038142.470694,
        "Net Income From Continuing And Discontinued Operation": 514400000.0,
        "Total Expenses": 2621300000.0,
        "Total Operating Income As Reported": 690000000.0,
        "Diluted Average Shares": 1244600000.0,
        "Basic Average Shares": 1196400000.0,
        "Diluted EPS": 0.415,
        "Basic EPS": 0.43,
        "Diluted NI Availto Com Stockholders": 514400000.0,
        "Net Income Common Stockholders": 514400000.0,
        "Net Income": 514400000.0,
        "Minority Interests": -4700000.0,
        "Net Income Including Noncontrolling Interests": 519100000.0,
        "Net Income Continuous Operations": 519100000.0,
        "Tax Provision": 146300000.0,
        "Pretax Income": 665400000.0,
        "Other Income Expense": -5800000.0,
        "Other Non Operating Income Expenses": 10400000.0,
        "Special Income Charges": -16200000.0,
        "Restructuring And Mergern Acquisition": 16200000.0,
        "Net Non Operating Interest Income Expense": -35000000.0,
        "Interest Expense Non Operating": 35000000.0,
        "Operating Income": 706200000.0,
        "Operating Expense": 394200000.0,
        "Selling General And Administration": 394200000.0,
        "Gross Profit": 1100400000.0,
        "Cost Of Revenue": 2227100000.0,
        "Total Revenue": 3327500000.0,
        "Operating Revenue": 3327500000.0
    },
    "2024-03-31": {
        "Tax Effect Of Unusual Items": 0.0,
        "Tax Rate For Calcs": 0.167,
        "Normalized EBITDA": 804600000.0,
        "Total Unusual Items": 0.0,
        "Total Unusual Items Excluding Goodwill": 0.0,
        "Net Income From Continuing Operation Net Minority Interest": 548700000.0,
        "Reconciled Depreciation": 103800000.0,
        "Reconciled Cost Of Revenue": 2167300000.0,
        "EBITDA": 804600000.0,
        "EBIT": 700800000.0,
        "Net Interest Income": -38100000.0,
        "Interest Expense": 38100000.0,
        "Normalized Income": 548700000.0,
        "Net Income From Continuing And Discontinued Operation": 548700000.0,
        "Total Expenses": 2571500000.0,
        "Total Operating Income As Reported": 684800000.0,
        "Diluted Average Shares": 1255800000.0,
        "Basic Average Shares": 1200000000.0,
        "Diluted EPS": 0.435,
        "Basic EPS": 0.455,
        "Diluted NI Availto Com Stockholders": 548700000.0,
        "Net Income Common Stockholders": 548700000.0,
        "Net Income": 548700000.0,
        "Minority Interests": -3300000.0,
        "Net Income Including Noncontrolling Interests": 552000000.0,
        "Net Income Continuous Operations": 552000000.0,
        "Tax Provision": 110700000.0,
        "Pretax Income": 662700000.0,
        "Other Income Expense": 16000000.0,
        "Other Non Operating Income Expenses": 16000000.0,
        "Special Income Charges": 0.0,
        "Restructuring And Mergern Acquisition": 0.0,
        "Net Non Operating Interest Income Expense": -38100000.0,
        "Interest Expense Non Operating": 38100000.0,
        "Operating Income": 684800000.0,
        "Operating Expense": 404200000.0,
        "Selling General And Administration": 404200000.0,
        "Gross Profit": 1089000000.0,
        "Cost Of Revenue": 2167300000.0,
        "Total Revenue": 3256300000.0,
        "Operating Revenue": 3256300000.0
    },
    "2024-06-30": {
        "Tax Effect Of Unusual Items": -14280000.0,
        "Tax Rate For Calcs": 0.204,
        "Normalized EBITDA": 913700000.0,
        "Total Unusual Items": -70000000.0,
        "Total Unusual Items Excluding Goodwill": -70000000.0,
        "Net Income From Continuing Operation Net Minority Interest": 524800000.0,
        "Reconciled Depreciation": 123600000.0,
        "Reconciled Cost Of Revenue": 2396600000.0,
        "EBITDA": 843700000.0,
        "EBIT": 720100000.0,
        "Net Interest Income": -56300000.0,
        "Interest Expense": 56300000.0,
        "Normalized Income": 580520000.0,
        "Net Income From Continuing And Discontinued Operation": 524800000.0,
        "Total Expenses": 2840900000.0,
        "Total Operating Income As Reported": 698800000.0,
        "Diluted Average Shares": 1264900000.0,
        "Basic Average Shares": 1202300000.0,
        "Diluted EPS": 0.41,
        "Basic EPS": 0.436497,
        "Diluted NI Availto Com Stockholders": 524800000.0,
        "Net Income Common Stockholders": 524800000.0,
        "Net Income": 524800000.0,
        "Minority Interests": -3900000.0,
        "Net Income Including Noncontrolling Interests": 528700000.0,
        "Net Income Continuous Operations": 528700000.0,
        "Tax Provision": 135100000.0,
        "Pretax Income": 663800000.0,
        "Other Income Expense": -48700000.0,
        "Other Non Operating Income Expenses": 21300000.0,
        "Special Income Charges": -70000000.0,
        "Restructuring And Mergern Acquisition": 70000000.0,
        "Net Non Operating Interest Income Expense": -56300000.0,
        "Interest Expense Non Operating": 56300000.0,
        "Operating Income": 768800000.0,
        "Operating Expense": 444300000.0,
        "Selling General And Administration": 444300000.0,
        "Gross Profit": 1213100000.0,
        "Cost Of Revenue": 2396600000.0,
        "Total Revenue": 3609700000.0,
        "Operating Revenue": 3609700000.0
    },
    "2024-09-30": {
        "Tax Effect Of Unusual Items": -9715600.0,
        "Tax Rate For Calcs": 0.214,
        "Normalized EBITDA": 1077400000.0,
        "Total Unusual Items": -45400000.0,
        "Total Unusual Items Excluding Goodwill": -45400000.0,
        "Net Income From Continuing Operation Net Minority Interest": 604400000.0,
        "Reconciled Depreciation": 201300000.0,
        "Reconciled Cost Of Revenue": 2681900000.0,
        "EBITDA": 1032000000.0,
        "EBIT": 830700000.0,
        "Net Interest Income": -55700000.0,
        "Interest Expense": 55700000.0,
        "Normalized Income": 640084400.0,
        "Net Income From Continuing And Discontinued Operation": 604400000.0,
        "Total Expenses": 3173900000.0,
        "Total Operating Income As Reported": 819500000.0,
        "Diluted Average Shares": 1265500000.0,
        "Basic Average Shares": 1204900000.0,
        "Diluted EPS": 0.48,
        "Basic EPS": 0.5,
        "Diluted NI Availto Com Stockholders": 604400000.0,
        "Net Income Common Stockholders": 604400000.0,
        "Net Income": 604400000.0,
        "Minority Interests": -4500000.0,
        "Net Income Including Noncontrolling Interests": 608900000.0,
        "Net Income Continuous Operations": 608900000.0,
        "Tax Provision": 166100000.0,
        "Pretax Income": 775000000.0,
        "Other Income Expense": -34200000.0,
        "Other Non Operating Income Expenses": 11200000.0,
        "Special Income Charges": -45400000.0,
        "Restructuring And Mergern Acquisition": 45400000.0,
        "Net Non Operating Interest Income Expense": -55700000.0,
        "Interest Expense Non Operating": 55700000.0,
        "Operating Income": 864900000.0,
        "Operating Expense": 492000000.0,
        "Selling General And Administration": 492000000.0,
        "Gross Profit": 1356900000.0,
        "Cost Of Revenue": 2681900000.0,
        "Total Revenue": 4038800000.0,
        "Operating Revenue": 4038800000.0
    },
    "2024-12-31": {
        "Tax Effect Of Unusual Items": -2086784.576513,
        "Tax Rate For Calcs": 0.173899,
        "Normalized EBITDA": 1133000000.0,
        "Total Unusual Items": -12000000.0,
        "Total Unusual Items Excluding Goodwill": -12000000.0,
        "Net Income From Continuing Operation Net Minority Interest": 746200000.0,
        "Reconciled Depreciation": 143800000.0,
        "Reconciled Cost Of Revenue": 2837100000.0,
        "EBITDA": 1121000000.0,
        "EBIT": 977200000.0,
        "Net Interest Income": -66900000.0,
        "Interest Expense": 66900000.0,
        "Normalized Income": 756113215.423487,
        "Net Income From Continuing And Discontinued Operation": 746200000.0,
        "Total Expenses": 3352100000.0,
        "Total Operating Income As Reported": 953700000.0,
        "Diluted Average Shares": NaN,
        "Basic Average Shares": NaN,
        "Diluted EPS": NaN,
        "Basic EPS": NaN,
        "Diluted NI Availto Com Stockholders": 746200000.0,
        "Net Income Common Stockholders": 746200000.0,
        "Net Income": 746200000.0,
        "Minority Interests": -5800000.0,
        "Net Income Including Noncontrolling Interests": 752000000.0,
        "Net Income Continuous Operations": 752000000.0,
        "Tax Provision": 158300000.0,
        "Pretax Income": 910300000.0,
        "Other Income Expense": 11500000.0,
        "Other Non Operating Income Expenses": 23500000.0,
        "Special Income Charges": -12000000.0,
        "Restructuring And Mergern Acquisition": 12000000.0,
        "Net Non Operating Interest Income Expense": -66900000.0,
        "Interest Expense Non Operating": 66900000.0,
        "Operating Income": 965700000.0,
        "Operating Expense": 515000000.0,
        "Selling General And Administration": 515000000.0,
        "Gross Profit": 1480700000.0,
        "Cost Of Revenue": 2837100000.0,
        "Total Revenue": 4317800000.0,
        "Operating Revenue": 4317800000.0
    }
}