{
    "2023-06-30": {
        "Tax Effect Of Unusual Items": NaN,
        "Tax Rate For Calcs": NaN,
        "Normalized EBITDA": NaN,
        "Total Unusual Items": NaN,
        "Total Unusual Items Excluding Goodwill": NaN,
        "Net Income From Continuing Operation Net Minority Interest": NaN,
        "Reconciled Depreciation": NaN,
        "Reconciled Cost Of Revenue": NaN,
        "EBITDA": NaN,
        "EBIT": NaN,
        "Net Interest Income": NaN,
        "Interest Expense": NaN,
        "Interest Income": NaN,
        "Normalized Income": NaN,
        "Net Income From Continuing And Discontinued Operation": NaN,
        "Total Expenses": NaN,
        "Total Operating Income As Reported": NaN,
        "Diluted Average Shares": NaN,
        "Basic Average Shares": NaN,
        "Diluted EPS": NaN,
        "Basic EPS": NaN,
        "Diluted NI Availto Com Stockholders": NaN,
        "Net Income Common Stockholders": NaN,
        "Net Income": NaN,
        "Net Income Including Noncontrolling Interests": NaN,
        "Net Income Continuous Operations": NaN,
        "Tax Provision": NaN,
        "Pretax Income": NaN,
        "Other Income Expense": NaN,
        "Other Non Operating Income Expenses": NaN,
        "Special Income Charges": NaN,
        "Other Special Charges": NaN,
        "Net Non Operating Interest Income Expense": NaN,
        "Interest Expense Non Operating": NaN,
        "Interest Income Non Operating": NaN,
        "Operating Income": NaN,
        "Operating Expense": NaN,
        "Research And Development": NaN,
        "Selling General And Administration": NaN,
        "General And Administrative Expense": 111373000.0,
        "Other Gand A": 111373000.0,
        "Gross Profit": NaN,
        "Cost Of Revenue": NaN,
        "Total Revenue": NaN,
        "Operating Revenue": NaN
    },
    "2023-03-31": {
        "Tax Effect Of Unusual Items": NaN,
        "Tax Rate For Calcs": NaN,
        "Normalized EBITDA": NaN,
        "Total Unusual Items": NaN,
        "Total Unusual Items Excluding Goodwill": NaN,
        "Net Income From Continuing Operation Net Minority Interest": NaN,
        "Reconciled Depreciation": NaN,
        "Reconciled Cost Of Revenue": NaN,
        "EBITDA": NaN,
        "EBIT": NaN,
        "Net Interest Income": NaN,
        "Interest Expense": NaN,
        "Interest Income": NaN,
        "Normalized Income": NaN,
        "Net Income From Continuing And Discontinued Operation": NaN,
        "Total Expenses": NaN,
        "Total Operating Income As Reported": NaN,
        "Diluted Average Shares": NaN,
        "Basic Average Shares": NaN,
        "Diluted EPS": NaN,
        "Basic EPS": NaN,
        "Diluted NI Availto Com Stockholders": NaN,
        "Net Income Common Stockholders": NaN,
        "Net Income": NaN,
        "Net Income Including Noncontrolling Interests": NaN,
        "Net Income Continuous Operations": NaN,
        "Tax Provision": NaN,
        "Pretax Income": NaN,
        "Other Income Expense": NaN,
        "Other Non Operating Income Expenses": NaN,
        "Special Income Charges": NaN,
        "Other Special Charges": NaN,
        "Net Non Operating Interest Income Expense": NaN,
        "Interest Expense Non Operating": NaN,
        "Interest Income Non Operating": NaN,
        "Operating Income": NaN,
        "Operating Expense": NaN,
        "Research And Development": NaN,
        "Selling General And Administration": NaN,
        "General And Administrative Expense": 102093000.0,
        "Other Gand A": 102093000.0,
        "Gross Profit": NaN,
        "Cost Of Revenue": NaN,
        "Total Revenue": NaN,
        "Operating Revenue": NaN
    },
    "2022-12-31": {
        "Tax Effect Of Unusual Items": NaN,
        "Tax Rate For Calcs": NaN,
        "Normalized EBITDA": NaN,
        "Total Unusual Items": 0.0,
        "Total Unusual Items Excluding Goodwill": 0.0,
        "Net Income From Continuing Operation Net Minority Interest": NaN,
        "Reconciled Depreciation": NaN,
        "Reconciled Cost Of Revenue": NaN,
        "EBITDA": NaN,
        "EBIT": NaN,
        "Net Interest Income": NaN,
        "Interest Expense": NaN,
        "Interest Income": NaN,
        "Normalized Income": NaN,
        "Net Income From Continuing And Discontinued Operation": NaN,
        "Total Expenses": NaN,
        "Total Operating Income As Reported": NaN,
        "Diluted Average Shares": NaN,
        "Basic Average Shares": NaN,
        "Diluted EPS": NaN,
        "Basic EPS": NaN,
        "Diluted NI Availto Com Stockholders": NaN,
        "Net Income Common Stockholders": NaN,
        "Net Income": NaN,
        "Net Income Including Noncontrolling Interests": NaN,
        "Net Income Continuous Operations": NaN,
        "Tax Provision": NaN,
        "Pretax Income": NaN,
        "Other Income Expense": NaN,
        "Other Non Operating Income Expenses": NaN,
        "Special Income Charges": 0.0,
        "Other Special Charges": 0.0,
        "Net Non Operating Interest Income Expense": NaN,
        "Interest Expense Non Operating": NaN,
        "Interest Income Non Operating": NaN,
        "Operating Income": NaN,
        "Operating Expense": NaN,
        "Research And Development": NaN,
        "Selling General And Administration": NaN,
        "General And Administrative Expense": 84368000.0,
        "Other Gand A": 84368000.0,
        "Gross Profit": NaN,
        "Cost Of Revenue": NaN,
        "Total Revenue": NaN,
        "Operating Revenue": NaN
    },
    "2022-09-30": {
        "Tax Effect Of Unusual Items": NaN,
        "Tax Rate For Calcs": NaN,
        "Normalized EBITDA": NaN,
        "Total Unusual Items": -32890000.0,
        "Total Unusual Items Excluding Goodwill": -32890000.0,
        "Net Income From Continuing Operation Net Minority Interest": NaN,
        "Reconciled Depreciation": NaN,
        "Reconciled Cost Of Revenue": NaN,
        "EBITDA": NaN,
        "EBIT": NaN,
        "Net Interest Income": NaN,
        "Interest Expense": NaN,
        "Interest Income": NaN,
        "Normalized Income": NaN,
        "Net Income From Continuing And Discontinued Operation": NaN,
        "Total Expenses": NaN,
        "Total Operating Income As Reported": NaN,
        "Diluted Average Shares": NaN,
        "Basic Average Shares": NaN,
        "Diluted EPS": NaN,
        "Basic EPS": NaN,
        "Diluted NI Availto Com Stockholders": NaN,
        "Net Income Common Stockholders": NaN,
        "Net Income": NaN,
        "Net Income Including Noncontrolling Interests": NaN,
        "Net Income Continuous Operations": NaN,
        "Tax Provision": NaN,
        "Pretax Income": NaN,
        "Other Income Expense": NaN,
        "Other Non Operating Income Expenses": NaN,
        "Special Income Charges": -32890000.0,
        "Other Special Charges": 32890000.0,
        "Net Non Operating Interest Income Expense": NaN,
        "Interest Expense Non Operating": NaN,
        "Interest Income Non Operating": NaN,
        "Operating Income": NaN,
        "Operating Expense": NaN,
        "Research And Development": NaN,
        "Selling General And Administration": NaN,
        "General And Administrative Expense": NaN,
        "Other Gand A": NaN,
        "Gross Profit": NaN,
        "Cost Of Revenue": NaN,
        "Total Revenue": NaN,
        "Operating Revenue": NaN
    },
    "2022-06-30": {
        "Tax Effect Of Unusual Items": 0.0,
        "Tax Rate For Calcs": 0.4,
        "Normalized EBITDA": -146701000.0,
        "Total Unusual Items": 0.0,
        "Total Unusual Items Excluding Goodwill": 0.0,
        "Net Income From Continuing Operation Net Minority Interest": -155977000.0,
        "Reconciled Depreciation": 342000.0,
        "Reconciled Cost Of Revenue": 82000.0,
        "EBITDA": -146701000.0,
        "EBIT": -147043000.0,
        "Net Interest Income": -7016000.0,
        "Interest Expense": 8448000.0,
        "Interest Income": 1432000.0,
        "Normalized Income": -155977000.0,
        "Net Income From Continuing And Discontinued Operation": -155977000.0,
        "Total Expenses": 164946000.0,
        "Total Operating Income As Reported": -148624000.0,
        "Diluted Average Shares": 106630000.0,
        "Basic Average Shares": 106630000.0,
        "Diluted EPS": -1.46,
        "Basic EPS": -1.46,
        "Diluted NI Availto Com Stockholders": -155977000.0,
        "Net Income Common Stockholders": -155977000.0,
        "Net Income": -155977000.0,
        "Net Income Including Noncontrolling Interests": -155977000.0,
        "Net Income Continuous Operations": -155977000.0,
        "Tax Provision": 486000.0,
        "Pretax Income": -155491000.0,
        "Other Income Expense": 149000.0,
        "Other Non Operating Income Expenses": 149000.0,
        "Special Income Charges": 0.0,
        "Other Special Charges": NaN,
        "Net Non Operating Interest Income Expense": -7016000.0,
        "Interest Expense Non Operating": 8448000.0,
        "Interest Income Non Operating": 1432000.0,
        "Operating Income": -148624000.0,
        "Operating Expense": 164864000.0,
        "Research And Development": 101661000.0,
        "Selling General And Administration": 63203000.0,
        "General And Administrative Expense": 63203000.0,
        "Other Gand A": 63203000.0,
        "Gross Profit": 16240000.0,
        "Cost Of Revenue": 82000.0,
        "Total Revenue": 16322000.0,
        "Operating Revenue": 16322000.0
    },
    "2022-03-31": {
        "Diluted EPS": -1.42,
        "Total Revenue": 14,
        "Gross Profit": 13,
        "Operating Income": -129,
        "EBIT": -128,
        "Net Income": -139
    },
    "2021-12-31": {
        "Diluted EPS": -1.52,
        "Total Revenue": 60,
        "Gross Profit": 30,
        "Operating Income": -89,
        "EBIT": -89,
        "Net Income": -148
    },
    "2021-09-30": {
        "Diluted EPS": -2.28,
        "Total Revenue": 6,
        "Gross Profit": 6,
        "Operating Income": -128,
        "EBIT": -128,
        "Net Income": -196
    },
    "2021-06-30": {
        "Diluted EPS": -2.72,
        "Total Revenue": 1,
        "Gross Profit": -49,
        "Operating Income": -194,
        "EBIT": -194,
        "Net Income": -219
    },
    "2021-03-31": {
        "Diluted EPS": -2.32,
        "Total Revenue": NaN,
        "Gross Profit": NaN,
        "Operating Income": -125,
        "EBIT": -124,
        "Net Income": -184
    },
    "2020-12-31": {
        "Diluted EPS": 1.06,
        "Total Revenue": 250,
        "Gross Profit": 250,
        "Operating Income": 130,
        "EBIT": 135,
        "Net Income": 78
    },
    "2020-09-30": {
        "Diluted EPS": -1.79,
        "Total Revenue": 1,
        "Gross Profit": 1,
        "Operating Income": -130,
        "EBIT": -124,
        "Net Income": -136
    },
    "2020-06-30": {
        "Diluted EPS": -1.57,
        "Total Revenue": NaN,
        "Gross Profit": NaN,
        "Operating Income": -116,
        "EBIT": -112,
        "Net Income": -119
    },
    "2020-03-31": {
        "Diluted EPS": -2.29,
        "Total Revenue": NaN,
        "Gross Profit": NaN,
        "Operating Income": -99,
        "EBIT": -97,
        "Net Income": -169
    },
    "2019-12-31": {
        "Diluted EPS": -1.81,
        "Total Revenue": NaN,
        "Gross Profit": NaN,
        "Operating Income": -106,
        "EBIT": -104,
        "Net Income": -113
    },
    "2019-09-30": {
        "Diluted EPS": -1.1,
        "Total Revenue": NaN,
        "Gross Profit": NaN,
        "Operating Income": -70,
        "EBIT": -70,
        "Net Income": -70
    },
    "2019-06-30": {
        "Diluted EPS": -1.12,
        "Total Revenue": NaN,
        "Gross Profit": NaN,
        "Operating Income": -63,
        "EBIT": -63,
        "Net Income": -71
    },
    "2019-03-31": {
        "Diluted EPS": -0.87,
        "Total Revenue": NaN,
        "Gross Profit": NaN,
        "Operating Income": -49,
        "EBIT": -48,
        "Net Income": -51
    },
    "2018-12-31": {
        "Diluted EPS": -0.66,
        "Total Revenue": NaN,
        "Gross Profit": NaN,
        "Operating Income": -37,
        "EBIT": -37,
        "Net Income": -37
    },
    "2018-09-30": {
        "Diluted EPS": -0.64,
        "Total Revenue": NaN,
        "Gross Profit": NaN,
        "Operating Income": -36,
        "EBIT": -36,
        "Net Income": -36
    },
    "2018-06-30": {
        "Diluted EPS": -0.61,
        "Total Revenue": NaN,
        "Gross Profit": NaN,
        "Operating Income": -33,
        "EBIT": -33,
        "Net Income": -33
    },
    "2018-03-31": {
        "Diluted EPS": -0.43,
        "Total Revenue": NaN,
        "Gross Profit": NaN,
        "Operating Income": -21,
        "EBIT": -21,
        "Net Income": -22
    },
    "2017-12-31": {
        "Diluted EPS": 0.2,
        "Total Revenue": NaN,
        "Gross Profit": NaN,
        "Operating Income": -18,
        "EBIT": -18,
        "Net Income": -18
    },
    "2017-09-30": {
        "Diluted EPS": -1.37,
        "Total Revenue": NaN,
        "Gross Profit": NaN,
        "Operating Income": -12,
        "EBIT": -12,
        "Net Income": -12
    },
    "2017-06-30": {
        "Diluted EPS": -1.44,
        "Total Revenue": NaN,
        "Gross Profit": NaN,
        "Operating Income": -12,
        "EBIT": -12,
        "Net Income": -12
    },
    "2017-03-31": {
        "Diluted EPS": -1.07,
        "Total Revenue": NaN,
        "Gross Profit": NaN,
        "Operating Income": -9,
        "EBIT": -9,
        "Net Income": -9
    },
    "2016-12-31": {
        "Diluted EPS": 0.0,
        "Total Revenue": NaN,
        "Gross Profit": NaN,
        "Operating Income": NaN,
        "EBIT": NaN,
        "Net Income": NaN
    },
    "2016-09-30": {
        "Diluted EPS": -0.86,
        "Total Revenue": NaN,
        "Gross Profit": NaN,
        "Operating Income": -7,
        "EBIT": -7,
        "Net Income": -7
    },
    "2015-12-31": {
        "Diluted EPS": 0.0,
        "Total Revenue": NaN,
        "Gross Profit": NaN,
        "Operating Income": NaN,
        "EBIT": NaN,
        "Net Income": NaN
    },
    "2023-09-30": {
        "Tax Effect Of Unusual Items": NaN,
        "Tax Rate For Calcs": NaN,
        "Normalized EBITDA": NaN,
        "Total Unusual Items": 0.0,
        "Total Unusual Items Excluding Goodwill": 0.0,
        "Net Income From Continuing Operation Net Minority Interest": NaN,
        "Reconciled Depreciation": NaN,
        "Reconciled Cost Of Revenue": NaN,
        "EBITDA": NaN,
        "EBIT": NaN,
        "Net Interest Income": NaN,
        "Interest Expense": NaN,
        "Interest Income": NaN,
        "Normalized Income": NaN,
        "Net Income From Continuing And Discontinued Operation": NaN,
        "Total Expenses": NaN,
        "Total Operating Income As Reported": NaN,
        "Diluted Average Shares": NaN,
        "Basic Average Shares": NaN,
        "Diluted EPS": NaN,
        "Basic EPS": NaN,
        "Diluted NI Availto Com Stockholders": NaN,
        "Net Income Common Stockholders": NaN,
        "Net Income": NaN,
        "Net Income Including Noncontrolling Interests": NaN,
        "Net Income Continuous Operations": NaN,
        "Tax Provision": NaN,
        "Pretax Income": NaN,
        "Other Income Expense": NaN,
        "Other Non Operating Income Expenses": NaN,
        "Special Income Charges": 0.0,
        "Other Special Charges": NaN,
        "Net Non Operating Interest Income Expense": NaN,
        "Interest Expense Non Operating": NaN,
        "Interest Income Non Operating": NaN,
        "Operating Income": NaN,
        "Operating Expense": NaN,
        "Research And Development": NaN,
        "Selling General And Administration": NaN,
        "General And Administrative Expense": 145648000.0,
        "Other Gand A": 145648000.0,
        "Gross Profit": NaN,
        "Cost Of Revenue": NaN,
        "Total Revenue": NaN,
        "Operating Revenue": NaN
    },
    "2023-12-31": {
        "Tax Effect Of Unusual Items": NaN,
        "Tax Rate For Calcs": NaN,
        "Normalized EBITDA": NaN,
        "Total Unusual Items": 0.0,
        "Total Unusual Items Excluding Goodwill": 0.0,
        "Net Income From Continuing Operation Net Minority Interest": NaN,
        "Reconciled Depreciation": NaN,
        "Reconciled Cost Of Revenue": NaN,
        "EBITDA": NaN,
        "EBIT": NaN,
        "Net Interest Income": NaN,
        "Interest Expense": NaN,
        "Interest Income": NaN,
        "Normalized Income": NaN,
        "Net Income From Continuing And Discontinued Operation": NaN,
        "Total Expenses": NaN,
        "Total Operating Income As Reported": NaN,
        "Diluted Average Shares": 121232000.0,
        "Basic Average Shares": 121232000.0,
        "Diluted EPS": -0.73,
        "Basic EPS": -0.73,
        "Diluted NI Availto Com Stockholders": NaN,
        "Net Income Common Stockholders": NaN,
        "Net Income": NaN,
        "Net Income Including Noncontrolling Interests": NaN,
        "Net Income Continuous Operations": NaN,
        "Tax Provision": NaN,
        "Pretax Income": NaN,
        "Other Income Expense": NaN,
        "Other Non Operating Income Expenses": NaN,
        "Special Income Charges": 0.0,
        "Other Special Charges": NaN,
        "Net Non Operating Interest Income Expense": NaN,
        "Interest Expense Non Operating": NaN,
        "Interest Income Non Operating": NaN,
        "Operating Income": NaN,
        "Operating Expense": NaN,
        "Research And Development": NaN,
        "Selling General And Administration": NaN,
        "General And Administrative Expense": 141701000.0,
        "Other Gand A": 141701000.0,
        "Gross Profit": NaN,
        "Cost Of Revenue": NaN,
        "Total Revenue": NaN,
        "Operating Revenue": NaN
    },
    "2024-03-31": {
        "Tax Effect Of Unusual Items": NaN,
        "Tax Rate For Calcs": NaN,
        "Normalized EBITDA": NaN,
        "Total Unusual Items": NaN,
        "Total Unusual Items Excluding Goodwill": NaN,
        "Net Income From Continuing Operation Net Minority Interest": NaN,
        "Reconciled Depreciation": NaN,
        "Reconciled Cost Of Revenue": NaN,
        "EBITDA": NaN,
        "EBIT": NaN,
        "Net Interest Income": NaN,
        "Interest Expense": NaN,
        "Interest Income": NaN,
        "Normalized Income": NaN,
        "Net Income From Continuing And Discontinued Operation": NaN,
        "Total Expenses": NaN,
        "Total Operating Income As Reported": NaN,
        "Diluted Average Shares": 122957000.0,
        "Basic Average Shares": 122957000.0,
        "Diluted EPS": -0.54,
        "Basic EPS": -0.54,
        "Diluted NI Availto Com Stockholders": NaN,
        "Net Income Common Stockholders": NaN,
        "Net Income": NaN,
        "Net Income Including Noncontrolling Interests": NaN,
        "Net Income Continuous Operations": NaN,
        "Tax Provision": NaN,
        "Pretax Income": NaN,
        "Other Income Expense": NaN,
        "Other Non Operating Income Expenses": NaN,
        "Special Income Charges": NaN,
        "Other Special Charges": NaN,
        "Net Non Operating Interest Income Expense": NaN,
        "Interest Expense Non Operating": NaN,
        "Interest Income Non Operating": NaN,
        "Operating Income": NaN,
        "Operating Expense": NaN,
        "Research And Development": NaN,
        "Selling General And Administration": NaN,
        "General And Administrative Expense": NaN,
        "Other Gand A": NaN,
        "Gross Profit": NaN,
        "Cost Of Revenue": NaN,
        "Total Revenue": NaN,
        "Operating Revenue": NaN
    },
    "2024-06-30": {
        "Tax Effect Of Unusual Items": -409290.0,
        "Tax Rate For Calcs": 0.21,
        "Normalized EBITDA": -25957000.0,
        "Total Unusual Items": -1949000.0,
        "Total Unusual Items Excluding Goodwill": -1949000.0,
        "Net Income From Continuing Operation Net Minority Interest": -37657000.0,
        "Reconciled Depreciation": 278000.0,
        "Reconciled Cost Of Revenue": 23100000.0,
        "EBITDA": -27906000.0,
        "EBIT": -28184000.0,
        "Net Interest Income": -6175000.0,
        "Interest Expense": 9359000.0,
        "Interest Income": 3184000.0,
        "Normalized Income": -36117290.0,
        "Net Income From Continuing And Discontinued Operation": -37657000.0,
        "Total Expenses": 229128000.0,
        "Total Operating Income As Reported": -29443000.0,
        "Diluted Average Shares": 123904000.0,
        "Basic Average Shares": 123904000.0,
        "Diluted EPS": -0.3,
        "Basic EPS": -0.3,
        "Diluted NI Availto Com Stockholders": -37657000.0,
        "Net Income Common Stockholders": -37657000.0,
        "Net Income": -37657000.0,
        "Net Income Including Noncontrolling Interests": -37657000.0,
        "Net Income Continuous Operations": -37657000.0,
        "Tax Provision": 114000.0,
        "Pretax Income": -37543000.0,
        "Other Income Expense": -1925000.0,
        "Other Non Operating Income Expenses": 24000.0,
        "Special Income Charges": -1949000.0,
        "Other Special Charges": 1949000.0,
        "Net Non Operating Interest Income Expense": -6175000.0,
        "Interest Expense Non Operating": 9359000.0,
        "Interest Income Non Operating": 3184000.0,
        "Operating Income": -29443000.0,
        "Operating Expense": 206028000.0,
        "Research And Development": 77947000.0,
        "Selling General And Administration": 128081000.0,
        "General And Administrative Expense": NaN,
        "Other Gand A": NaN,
        "Gross Profit": 176585000.0,
        "Cost Of Revenue": 23100000.0,
        "Total Revenue": 199685000.0,
        "Operating Revenue": 199685000.0
    },
    "2024-09-30": {
        "Tax Effect Of Unusual Items": 0.0,
        "Tax Rate For Calcs": 0.21,
        "Normalized EBITDA": -43700000.0,
        "Total Unusual Items": 0.0,
        "Total Unusual Items Excluding Goodwill": 0.0,
        "Net Income From Continuing Operation Net Minority Interest": -57445000.0,
        "Reconciled Depreciation": 621000.0,
        "Reconciled Cost Of Revenue": 33557000.0,
        "EBITDA": -43700000.0,
        "EBIT": -44321000.0,
        "Net Interest Income": -9643000.0,
        "Interest Expense": 12532000.0,
        "Interest Income": 2889000.0,
        "Normalized Income": -57445000.0,
        "Net Income From Continuing And Discontinued Operation": -57445000.0,
        "Total Expenses": 244110000.0,
        "Total Operating Income As Reported": -47280000.0,
        "Diluted Average Shares": 124234000.0,
        "Basic Average Shares": 124234000.0,
        "Diluted EPS": -0.46,
        "Basic EPS": -0.46,
        "Diluted NI Availto Com Stockholders": -57445000.0,
        "Net Income Common Stockholders": -57445000.0,
        "Net Income": -57445000.0,
        "Net Income Including Noncontrolling Interests": -57445000.0,
        "Net Income Continuous Operations": -57445000.0,
        "Tax Provision": 592000.0,
        "Pretax Income": -56853000.0,
        "Other Income Expense": 70000.0,
        "Other Non Operating Income Expenses": 70000.0,
        "Special Income Charges": 0.0,
        "Other Special Charges": NaN,
        "Net Non Operating Interest Income Expense": -9643000.0,
        "Interest Expense Non Operating": 12532000.0,
        "Interest Income Non Operating": 2889000.0,
        "Operating Income": -47280000.0,
        "Operating Expense": 210553000.0,
        "Research And Development": 88569000.0,
        "Selling General And Administration": 121984000.0,
        "General And Administrative Expense": NaN,
        "Other Gand A": NaN,
        "Gross Profit": 163273000.0,
        "Cost Of Revenue": 33557000.0,
        "Total Revenue": 196830000.0,
        "Operating Revenue": 196830000.0
    },
    "2024-12-31": {
        "Tax Effect Of Unusual Items": 0.0,
        "Tax Rate For Calcs": 0.21,
        "Normalized EBITDA": -24079000.0,
        "Total Unusual Items": 0.0,
        "Total Unusual Items Excluding Goodwill": 0.0,
        "Net Income From Continuing Operation Net Minority Interest": -36353000.0,
        "Reconciled Depreciation": 454000.0,
        "Reconciled Cost Of Revenue": 40856000.0,
        "EBITDA": -24079000.0,
        "EBIT": -24533000.0,
        "Net Interest Income": -8138000.0,
        "Interest Expense": 11534000.0,
        "Interest Income": 3396000.0,
        "Normalized Income": -36353000.0,
        "Net Income From Continuing And Discontinued Operation": -36353000.0,
        "Total Expenses": 238692000.0,
        "Total Operating Income As Reported": -26164000.0,
        "Diluted Average Shares": NaN,
        "Basic Average Shares": NaN,
        "Diluted EPS": NaN,
        "Basic EPS": NaN,
        "Diluted NI Availto Com Stockholders": -36353000.0,
        "Net Income Common Stockholders": -36353000.0,
        "Net Income": -36353000.0,
        "Net Income Including Noncontrolling Interests": -36353000.0,
        "Net Income Continuous Operations": -36353000.0,
        "Tax Provision": 286000.0,
        "Pretax Income": -36067000.0,
        "Other Income Expense": -1765000.0,
        "Other Non Operating Income Expenses": -1765000.0,
        "Special Income Charges": 0.0,
        "Other Special Charges": 0.0,
        "Net Non Operating Interest Income Expense": -8138000.0,
        "Interest Expense Non Operating": 11534000.0,
        "Interest Income Non Operating": 3396000.0,
        "Operating Income": -26164000.0,
        "Operating Expense": 197836000.0,
        "Research And Development": 76354000.0,
        "Selling General And Administration": 121482000.0,
        "General And Administrative Expense": NaN,
        "Other Gand A": NaN,
        "Gross Profit": 171672000.0,
        "Cost Of Revenue": 40856000.0,
        "Total Revenue": 212528000.0,
        "Operating Revenue": 212528000.0
    },
    "2025-03-31": {
        "Tax Effect Of Unusual Items": 0.0,
        "Tax Rate For Calcs": 0.21,
        "Normalized EBITDA": -80389000.0,
        "Total Unusual Items": NaN,
        "Total Unusual Items Excluding Goodwill": NaN,
        "Net Income From Continuing Operation Net Minority Interest": -92225000.0,
        "Reconciled Depreciation": 446000.0,
        "Reconciled Cost Of Revenue": 34360000.0,
        "EBITDA": -80389000.0,
        "EBIT": -80835000.0,
        "Net Interest Income": -8391000.0,
        "Interest Expense": 11049000.0,
        "Interest Income": 2658000.0,
        "Normalized Income": -92225000.0,
        "Net Income From Continuing And Discontinued Operation": -92225000.0,
        "Total Expenses": 250125000.0,
        "Total Operating Income As Reported": -83328000.0,
        "Diluted Average Shares": 125453000.0,
        "Basic Average Shares": 125453000.0,
        "Diluted EPS": -0.74,
        "Basic EPS": -0.74,
        "Diluted NI Availto Com Stockholders": -92225000.0,
        "Net Income Common Stockholders": -92225000.0,
        "Net Income": -92225000.0,
        "Net Income Including Noncontrolling Interests": -92225000.0,
        "Net Income Continuous Operations": -92225000.0,
        "Tax Provision": 341000.0,
        "Pretax Income": -91884000.0,
        "Other Income Expense": -165000.0,
        "Other Non Operating Income Expenses": -165000.0,
        "Special Income Charges": NaN,
        "Other Special Charges": NaN,
        "Net Non Operating Interest Income Expense": -8391000.0,
        "Interest Expense Non Operating": 11049000.0,
        "Interest Income Non Operating": 2658000.0,
        "Operating Income": -83328000.0,
        "Operating Expense": 215765000.0,
        "Research And Development": 86420000.0,
        "Selling General And Administration": 129345000.0,
        "General And Administrative Expense": NaN,
        "Other Gand A": NaN,
        "Gross Profit": 132437000.0,
        "Cost Of Revenue": 34360000.0,
        "Total Revenue": 166797000.0,
        "Operating Revenue": 166797000.0
    },
    "2025-06-30": {
        "Tax Effect Of Unusual Items": 0.0,
        "Tax Rate For Calcs": 0.21,
        "Normalized EBITDA": -30087000.0,
        "Total Unusual Items": 0.0,
        "Total Unusual Items Excluding Goodwill": 0.0,
        "Net Income From Continuing Operation Net Minority Interest": -42151000.0,
        "Reconciled Depreciation": 446000.0,
        "Reconciled Cost Of Revenue": 13626000.0,
        "EBITDA": -30087000.0,
        "EBIT": -30533000.0,
        "Net Interest Income": -8545000.0,
        "Interest Expense": 11152000.0,
        "Interest Income": 2607000.0,
        "Normalized Income": -42151000.0,
        "Net Income From Continuing And Discontinued Operation": -42151000.0,
        "Total Expenses": 211780000.0,
        "Total Operating Income As Reported": -33286000.0,
        "Diluted Average Shares": NaN,
        "Basic Average Shares": NaN,
        "Diluted EPS": NaN,
        "Basic EPS": NaN,
        "Diluted NI Availto Com Stockholders": -42151000.0,
        "Net Income Common Stockholders": -42151000.0,
        "Net Income": -42151000.0,
        "Net Income Including Noncontrolling Interests": -42151000.0,
        "Net Income Continuous Operations": -42151000.0,
        "Tax Provision": 466000.0,
        "Pretax Income": -41685000.0,
        "Other Income Expense": 146000.0,
        "Other Non Operating Income Expenses": 146000.0,
        "Special Income Charges": 0.0,
        "Other Special Charges": NaN,
        "Net Non Operating Interest Income Expense": -8545000.0,
        "Interest Expense Non Operating": 11152000.0,
        "Interest Income Non Operating": 2607000.0,
        "Operating Income": -33286000.0,
        "Operating Expense": 198154000.0,
        "Research And Development": 67015000.0,
        "Selling General And Administration": 131139000.0,
        "General And Administrative Expense": NaN,
        "Other Gand A": NaN,
        "Gross Profit": 164868000.0,
        "Cost Of Revenue": 13626000.0,
        "Total Revenue": 178494000.0,
        "Operating Revenue": 178494000.0
    }
}