{
    "2023-03-31": {
        "Tax Effect Of Unusual Items": NaN,
        "Tax Rate For Calcs": NaN,
        "Normalized EBITDA": NaN,
        "Total Unusual Items": NaN,
        "Total Unusual Items Excluding Goodwill": NaN,
        "Net Income From Continuing Operation Net Minority Interest": NaN,
        "Reconciled Depreciation": NaN,
        "EBITDA": NaN,
        "EBIT": NaN,
        "Net Interest Income": NaN,
        "Interest Income": NaN,
        "Normalized Income": NaN,
        "Net Income From Continuing And Discontinued Operation": NaN,
        "Total Expenses": NaN,
        "Total Operating Income As Reported": NaN,
        "Diluted Average Shares": 56357983.0,
        "Basic Average Shares": 56357983.0,
        "Diluted EPS": -0.18,
        "Basic EPS": -0.18,
        "Diluted NI Availto Com Stockholders": NaN,
        "Average Dilution Earnings": NaN,
        "Net Income Common Stockholders": NaN,
        "Net Income": NaN,
        "Net Income Including Noncontrolling Interests": NaN,
        "Net Income Continuous Operations": NaN,
        "Pretax Income": NaN,
        "Other Income Expense": NaN,
        "Other Non Operating Income Expenses": NaN,
        "Gain On Sale Of Security": NaN,
        "Net Non Operating Interest Income Expense": NaN,
        "Interest Income Non Operating": NaN,
        "Operating Income": NaN,
        "Operating Expense": NaN,
        "Research And Development": NaN,
        "Selling General And Administration": NaN,
        "General And Administrative Expense": NaN,
        "Other Gand A": NaN,
        "Insurance And Claims": NaN,
        "Salaries And Wages": NaN,
        "Total Revenue": NaN,
        "Operating Revenue": NaN
    },
    "2022-12-31": {
        "Tax Effect Of Unusual Items": 0.0,
        "Tax Rate For Calcs": 0.0,
        "Normalized EBITDA": -23113000.0,
        "Total Unusual Items": 4255000.0,
        "Total Unusual Items Excluding Goodwill": 4255000.0,
        "Net Income From Continuing Operation Net Minority Interest": -14429000.0,
        "Reconciled Depreciation": 114000.0,
        "EBITDA": -18858000.0,
        "EBIT": -18972000.0,
        "Net Interest Income": 271000.0,
        "Interest Income": NaN,
        "Normalized Income": -18684000.0,
        "Net Income From Continuing And Discontinued Operation": -14429000.0,
        "Total Expenses": 18972000.0,
        "Total Operating Income As Reported": -18972000.0,
        "Diluted Average Shares": NaN,
        "Basic Average Shares": NaN,
        "Diluted EPS": NaN,
        "Basic EPS": NaN,
        "Diluted NI Availto Com Stockholders": -14429000.0,
        "Net Income Common Stockholders": -14429000.0,
        "Net Income": -14429000.0,
        "Net Income Including Noncontrolling Interests": -14429000.0,
        "Net Income Continuous Operations": -14429000.0,
        "Pretax Income": -14429000.0,
        "Other Income Expense": 4272000.0,
        "Other Non Operating Income Expenses": 17000.0,
        "Gain On Sale Of Security": 4255000.0,
        "Net Non Operating Interest Income Expense": 271000.0,
        "Interest Income Non Operating": NaN,
        "Operating Income": -18972000.0,
        "Operating Expense": 18972000.0,
        "Research And Development": 12092000.0,
        "Selling General And Administration": 6880000.0,
        "General And Administrative Expense": 6880000.0,
        "Other Gand A": 3560000.0,
        "Insurance And Claims": 801000.0,
        "Salaries And Wages": 2519000.0,
        "Total Revenue": 0.0,
        "Operating Revenue": 0.0
    },
    "2022-09-30": {
        "Tax Effect Of Unusual Items": NaN,
        "Tax Rate For Calcs": NaN,
        "Normalized EBITDA": NaN,
        "Total Unusual Items": NaN,
        "Total Unusual Items Excluding Goodwill": NaN,
        "Net Income From Continuing Operation Net Minority Interest": NaN,
        "Reconciled Depreciation": NaN,
        "EBITDA": NaN,
        "EBIT": NaN,
        "Net Interest Income": NaN,
        "Interest Income": NaN,
        "Normalized Income": NaN,
        "Net Income From Continuing And Discontinued Operation": NaN,
        "Total Expenses": NaN,
        "Total Operating Income As Reported": NaN,
        "Diluted Average Shares": 48000183.0,
        "Basic Average Shares": 48000183.0,
        "Diluted EPS": -0.4,
        "Basic EPS": -0.4,
        "Diluted NI Availto Com Stockholders": NaN,
        "Net Income Common Stockholders": NaN,
        "Net Income": NaN,
        "Net Income Including Noncontrolling Interests": NaN,
        "Net Income Continuous Operations": NaN,
        "Pretax Income": NaN,
        "Other Income Expense": NaN,
        "Other Non Operating Income Expenses": NaN,
        "Gain On Sale Of Security": NaN,
        "Net Non Operating Interest Income Expense": NaN,
        "Interest Income Non Operating": NaN,
        "Operating Income": NaN,
        "Operating Expense": NaN,
        "Research And Development": NaN,
        "Selling General And Administration": NaN,
        "General And Administrative Expense": NaN,
        "Other Gand A": NaN,
        "Insurance And Claims": NaN,
        "Salaries And Wages": NaN,
        "Total Revenue": NaN,
        "Operating Revenue": NaN
    },
    "2022-06-30": {
        "Tax Effect Of Unusual Items": 0.0,
        "Tax Rate For Calcs": 0.0,
        "Normalized EBITDA": -17164000.0,
        "Total Unusual Items": -4357000.0,
        "Total Unusual Items Excluding Goodwill": -4357000.0,
        "Net Income From Continuing Operation Net Minority Interest": -25857000.0,
        "Reconciled Depreciation": 109000.0,
        "EBITDA": -21521000.0,
        "EBIT": -21521000.0,
        "Net Interest Income": 111000.0,
        "Interest Income": 111000.0,
        "Normalized Income": -21500000.0,
        "Net Income From Continuing And Discontinued Operation": -25857000.0,
        "Total Expenses": 21521000.0,
        "Total Operating Income As Reported": -21521000.0,
        "Diluted Average Shares": 26901069.0,
        "Basic Average Shares": 26901069.0,
        "Diluted EPS": -0.96,
        "Basic EPS": -0.96,
        "Diluted NI Availto Com Stockholders": -25857000.0,
        "Net Income Common Stockholders": -25857000.0,
        "Net Income": -25857000.0,
        "Net Income Including Noncontrolling Interests": -25857000.0,
        "Net Income Continuous Operations": -25857000.0,
        "Pretax Income": -25857000.0,
        "Other Income Expense": -4447000.0,
        "Other Non Operating Income Expenses": -90000.0,
        "Gain On Sale Of Security": -4357000.0,
        "Net Non Operating Interest Income Expense": 111000.0,
        "Interest Income Non Operating": 111000.0,
        "Operating Income": -21521000.0,
        "Operating Expense": 21521000.0,
        "Research And Development": 15396000.0,
        "Selling General And Administration": 6125000.0,
        "General And Administrative Expense": 6125000.0,
        "Other Gand A": 6125000.0,
        "Insurance And Claims": 945000.0,
        "Salaries And Wages": 2737000.0,
        "Total Revenue": 0.0,
        "Operating Revenue": 0.0
    },
    "2022-03-31": {
        "Diluted EPS": -0.88,
        "Total Revenue": NaN,
        "Gross Profit": NaN,
        "Operating Income": -23,
        "EBIT": -22,
        "Net Income": -23
    },
    "2021-12-31": {
        "Diluted EPS": -1.04,
        "Total Revenue": NaN,
        "Gross Profit": NaN,
        "Operating Income": -27,
        "EBIT": -26,
        "Net Income": -27
    },
    "2021-09-30": {
        "Diluted EPS": -1.09,
        "Total Revenue": NaN,
        "Gross Profit": NaN,
        "Operating Income": -28,
        "EBIT": -27,
        "Net Income": -28
    },
    "2021-06-30": {
        "Diluted EPS": -0.99,
        "Total Revenue": NaN,
        "Gross Profit": NaN,
        "Operating Income": -26,
        "EBIT": -25,
        "Net Income": -26
    },
    "2021-03-31": {
        "Diluted EPS": -1.0,
        "Total Revenue": NaN,
        "Gross Profit": NaN,
        "Operating Income": -24,
        "EBIT": -23,
        "Net Income": -24
    },
    "2020-12-31": {
        "Diluted EPS": -1.09,
        "Total Revenue": NaN,
        "Gross Profit": NaN,
        "Operating Income": -24,
        "EBIT": -23,
        "Net Income": -24
    },
    "2020-09-30": {
        "Diluted EPS": -1.33,
        "Total Revenue": NaN,
        "Gross Profit": NaN,
        "Operating Income": -30,
        "EBIT": -29,
        "Net Income": -30
    },
    "2020-06-30": {
        "Diluted EPS": -1.27,
        "Total Revenue": NaN,
        "Gross Profit": NaN,
        "Operating Income": -28,
        "EBIT": -28,
        "Net Income": -28
    },
    "2020-03-31": {
        "Diluted EPS": -0.59,
        "Total Revenue": NaN,
        "Gross Profit": NaN,
        "Operating Income": -12,
        "EBIT": -12,
        "Net Income": -12
    },
    "2019-12-31": {
        "Diluted EPS": -1.57,
        "Total Revenue": NaN,
        "Gross Profit": NaN,
        "Operating Income": NaN,
        "EBIT": NaN,
        "Net Income": -18
    },
    "2019-09-30": {
        "Diluted EPS": -0.63,
        "Total Revenue": NaN,
        "Gross Profit": NaN,
        "Operating Income": -11,
        "EBIT": -11,
        "Net Income": -11
    },
    "2019-06-30": {
        "Diluted EPS": -0.6,
        "Total Revenue": NaN,
        "Gross Profit": NaN,
        "Operating Income": NaN,
        "EBIT": NaN,
        "Net Income": -8
    },
    "2019-03-31": {
        "Diluted EPS": -1.58,
        "Total Revenue": NaN,
        "Gross Profit": NaN,
        "Operating Income": NaN,
        "EBIT": NaN,
        "Net Income": -9
    },
    "2023-06-30": {
        "Tax Effect Of Unusual Items": NaN,
        "Tax Rate For Calcs": NaN,
        "Normalized EBITDA": NaN,
        "Total Unusual Items": NaN,
        "Total Unusual Items Excluding Goodwill": NaN,
        "Net Income From Continuing Operation Net Minority Interest": NaN,
        "Reconciled Depreciation": NaN,
        "EBITDA": NaN,
        "EBIT": NaN,
        "Net Interest Income": NaN,
        "Interest Income": NaN,
        "Normalized Income": NaN,
        "Net Income From Continuing And Discontinued Operation": NaN,
        "Total Expenses": NaN,
        "Total Operating Income As Reported": NaN,
        "Diluted Average Shares": 79041695.0,
        "Basic Average Shares": 79041695.0,
        "Diluted EPS": -0.37,
        "Basic EPS": -0.37,
        "Diluted NI Availto Com Stockholders": NaN,
        "Average Dilution Earnings": 0.0,
        "Net Income Common Stockholders": NaN,
        "Net Income": NaN,
        "Net Income Including Noncontrolling Interests": NaN,
        "Net Income Continuous Operations": NaN,
        "Pretax Income": NaN,
        "Other Income Expense": NaN,
        "Other Non Operating Income Expenses": NaN,
        "Gain On Sale Of Security": NaN,
        "Net Non Operating Interest Income Expense": NaN,
        "Interest Income Non Operating": NaN,
        "Operating Income": NaN,
        "Operating Expense": NaN,
        "Research And Development": NaN,
        "Selling General And Administration": NaN,
        "General And Administrative Expense": NaN,
        "Other Gand A": NaN,
        "Insurance And Claims": NaN,
        "Salaries And Wages": NaN,
        "Total Revenue": NaN,
        "Operating Revenue": NaN
    },
    "2023-09-30": {
        "Tax Effect Of Unusual Items": 0.0,
        "Tax Rate For Calcs": 0.0,
        "Normalized EBITDA": 11900000.0,
        "Total Unusual Items": -27277000.0,
        "Total Unusual Items Excluding Goodwill": -27277000.0,
        "Net Income From Continuing Operation Net Minority Interest": -42370000.0,
        "Reconciled Depreciation": 118000.0,
        "EBITDA": -15377000.0,
        "EBIT": -15495000.0,
        "Net Interest Income": 392000.0,
        "Interest Income": 392000.0,
        "Normalized Income": -15093000.0,
        "Net Income From Continuing And Discontinued Operation": -42370000.0,
        "Total Expenses": 15495000.0,
        "Total Operating Income As Reported": -15495000.0,
        "Diluted Average Shares": 90669969.0,
        "Basic Average Shares": 90669969.0,
        "Diluted EPS": -0.47,
        "Basic EPS": -0.47,
        "Diluted NI Availto Com Stockholders": -42370000.0,
        "Average Dilution Earnings": NaN,
        "Net Income Common Stockholders": -42370000.0,
        "Net Income": -42370000.0,
        "Net Income Including Noncontrolling Interests": -42370000.0,
        "Net Income Continuous Operations": -42370000.0,
        "Pretax Income": -42370000.0,
        "Other Income Expense": -27267000.0,
        "Other Non Operating Income Expenses": 10000.0,
        "Gain On Sale Of Security": -27277000.0,
        "Net Non Operating Interest Income Expense": 392000.0,
        "Interest Income Non Operating": 392000.0,
        "Operating Income": -15495000.0,
        "Operating Expense": 15495000.0,
        "Research And Development": 10785000.0,
        "Selling General And Administration": 4710000.0,
        "General And Administrative Expense": 4710000.0,
        "Other Gand A": 2461000.0,
        "Insurance And Claims": 441000.0,
        "Salaries And Wages": 1808000.0,
        "Total Revenue": 0.0,
        "Operating Revenue": 0.0
    },
    "2023-12-31": {
        "Tax Effect Of Unusual Items": 0.0,
        "Tax Rate For Calcs": 0.0,
        "Normalized EBITDA": -4040000.0,
        "Total Unusual Items": -16962000.0,
        "Total Unusual Items Excluding Goodwill": -16962000.0,
        "Net Income From Continuing Operation Net Minority Interest": -37679000.0,
        "Reconciled Depreciation": 6000.0,
        "EBITDA": -21002000.0,
        "EBIT": -21008000.0,
        "Net Interest Income": 352000.0,
        "Interest Income": 352000.0,
        "Normalized Income": -20717000.0,
        "Net Income From Continuing And Discontinued Operation": -37679000.0,
        "Total Expenses": 20341000.0,
        "Total Operating Income As Reported": -21008000.0,
        "Diluted Average Shares": NaN,
        "Basic Average Shares": NaN,
        "Diluted EPS": NaN,
        "Basic EPS": NaN,
        "Diluted NI Availto Com Stockholders": -37679000.0,
        "Average Dilution Earnings": NaN,
        "Net Income Common Stockholders": -37679000.0,
        "Net Income": -37679000.0,
        "Net Income Including Noncontrolling Interests": -37679000.0,
        "Net Income Continuous Operations": -37679000.0,
        "Pretax Income": -37679000.0,
        "Other Income Expense": -17023000.0,
        "Other Non Operating Income Expenses": -61000.0,
        "Gain On Sale Of Security": -16962000.0,
        "Net Non Operating Interest Income Expense": 352000.0,
        "Interest Income Non Operating": 352000.0,
        "Operating Income": -21008000.0,
        "Operating Expense": 20341000.0,
        "Research And Development": 15303000.0,
        "Selling General And Administration": 5038000.0,
        "General And Administrative Expense": 5038000.0,
        "Other Gand A": 2748000.0,
        "Insurance And Claims": 428000.0,
        "Salaries And Wages": 1862000.0,
        "Total Revenue": -667000.0,
        "Operating Revenue": -667000.0
    },
    "2024-03-31": {
        "Tax Effect Of Unusual Items": 0.0,
        "Tax Rate For Calcs": 0.0,
        "Normalized EBITDA": 42432000.0,
        "Total Unusual Items": -63405000.0,
        "Total Unusual Items Excluding Goodwill": -63405000.0,
        "Net Income From Continuing Operation Net Minority Interest": -83938000.0,
        "Reconciled Depreciation": 120000.0,
        "EBITDA": -20973000.0,
        "EBIT": -21093000.0,
        "Net Interest Income": 586000.0,
        "Interest Income": 586000.0,
        "Normalized Income": -20533000.0,
        "Net Income From Continuing And Discontinued Operation": -83938000.0,
        "Total Expenses": 21283000.0,
        "Total Operating Income As Reported": -21093000.0,
        "Diluted Average Shares": 125318993.0,
        "Basic Average Shares": 125318993.0,
        "Diluted EPS": -0.67,
        "Basic EPS": -0.67,
        "Diluted NI Availto Com Stockholders": -83938000.0,
        "Average Dilution Earnings": NaN,
        "Net Income Common Stockholders": -83938000.0,
        "Net Income": -83938000.0,
        "Net Income Including Noncontrolling Interests": -83938000.0,
        "Net Income Continuous Operations": -83938000.0,
        "Pretax Income": -83938000.0,
        "Other Income Expense": -63431000.0,
        "Other Non Operating Income Expenses": -26000.0,
        "Gain On Sale Of Security": -63405000.0,
        "Net Non Operating Interest Income Expense": 586000.0,
        "Interest Income Non Operating": 586000.0,
        "Operating Income": -21093000.0,
        "Operating Expense": 21283000.0,
        "Research And Development": 12217000.0,
        "Selling General And Administration": 9066000.0,
        "General And Administrative Expense": 9066000.0,
        "Other Gand A": 5905000.0,
        "Insurance And Claims": 427000.0,
        "Salaries And Wages": 2734000.0,
        "Total Revenue": 190000.0,
        "Operating Revenue": 190000.0
    },
    "2024-06-30": {
        "Tax Effect Of Unusual Items": 4776240.0,
        "Tax Rate For Calcs": 0.21,
        "Normalized EBITDA": -43062000.0,
        "Total Unusual Items": 22744000.0,
        "Total Unusual Items Excluding Goodwill": 22744000.0,
        "Net Income From Continuing Operation Net Minority Interest": 2898000.0,
        "Reconciled Depreciation": 122000.0,
        "EBITDA": -20318000.0,
        "EBIT": -20440000.0,
        "Net Interest Income": 628000.0,
        "Interest Income": 628000.0,
        "Normalized Income": -15069760.0,
        "Net Income From Continuing And Discontinued Operation": 2898000.0,
        "Total Expenses": 20584000.0,
        "Total Operating Income As Reported": -20440000.0,
        "Diluted Average Shares": 152392748.0,
        "Basic Average Shares": 143934239.0,
        "Diluted EPS": -0.13,
        "Basic EPS": 0.02,
        "Diluted NI Availto Com Stockholders": -19846000.0,
        "Average Dilution Earnings": -22744000.0,
        "Net Income Common Stockholders": 2898000.0,
        "Net Income": 2898000.0,
        "Net Income Including Noncontrolling Interests": 2898000.0,
        "Net Income Continuous Operations": 2898000.0,
        "Pretax Income": 2898000.0,
        "Other Income Expense": 22710000.0,
        "Other Non Operating Income Expenses": -34000.0,
        "Gain On Sale Of Security": 22744000.0,
        "Net Non Operating Interest Income Expense": 628000.0,
        "Interest Income Non Operating": 628000.0,
        "Operating Income": -20440000.0,
        "Operating Expense": 20584000.0,
        "Research And Development": 10004000.0,
        "Selling General And Administration": 10580000.0,
        "General And Administrative Expense": 10580000.0,
        "Other Gand A": 7241000.0,
        "Insurance And Claims": 421000.0,
        "Salaries And Wages": 2918000.0,
        "Total Revenue": 144000.0,
        "Operating Revenue": 144000.0
    },
    "2024-09-30": {
        "Tax Effect Of Unusual Items": 0.0,
        "Tax Rate For Calcs": 0.0,
        "Normalized EBITDA": 10545000.0,
        "Total Unusual Items": -40184000.0,
        "Total Unusual Items Excluding Goodwill": -40184000.0,
        "Net Income From Continuing Operation Net Minority Interest": -68591000.0,
        "Reconciled Depreciation": 104000.0,
        "EBITDA": -29639000.0,
        "EBIT": -29743000.0,
        "Net Interest Income": 1357000.0,
        "Interest Income": 1357000.0,
        "Normalized Income": -28407000.0,
        "Net Income From Continuing And Discontinued Operation": -68591000.0,
        "Total Expenses": 29865000.0,
        "Total Operating Income As Reported": -29743000.0,
        "Diluted Average Shares": 144345781.0,
        "Basic Average Shares": 144345781.0,
        "Diluted EPS": -0.48,
        "Basic EPS": -0.48,
        "Diluted NI Availto Com Stockholders": -68591000.0,
        "Average Dilution Earnings": NaN,
        "Net Income Common Stockholders": -68591000.0,
        "Net Income": -68591000.0,
        "Net Income Including Noncontrolling Interests": -68591000.0,
        "Net Income Continuous Operations": -68591000.0,
        "Pretax Income": -68591000.0,
        "Other Income Expense": -40205000.0,
        "Other Non Operating Income Expenses": -21000.0,
        "Gain On Sale Of Security": -40184000.0,
        "Net Non Operating Interest Income Expense": 1357000.0,
        "Interest Income Non Operating": 1357000.0,
        "Operating Income": -29743000.0,
        "Operating Expense": 29865000.0,
        "Research And Development": 14828000.0,
        "Selling General And Administration": 15037000.0,
        "General And Administrative Expense": 15037000.0,
        "Other Gand A": 11485000.0,
        "Insurance And Claims": 328000.0,
        "Salaries And Wages": 3224000.0,
        "Total Revenue": 122000.0,
        "Operating Revenue": 122000.0
    }
}