{
    "2023-03-31": {
        "Tax Effect Of Unusual Items": NaN,
        "Tax Rate For Calcs": NaN,
        "Normalized EBITDA": NaN,
        "Total Unusual Items": NaN,
        "Total Unusual Items Excluding Goodwill": NaN,
        "Net Income From Continuing Operation Net Minority Interest": NaN,
        "Reconciled Depreciation": NaN,
        "Reconciled Cost Of Revenue": NaN,
        "EBITDA": NaN,
        "EBIT": NaN,
        "Net Interest Income": NaN,
        "Interest Expense": NaN,
        "Interest Income": NaN,
        "Normalized Income": NaN,
        "Net Income From Continuing And Discontinued Operation": NaN,
        "Total Expenses": NaN,
        "Total Operating Income As Reported": NaN,
        "Diluted Average Shares": NaN,
        "Basic Average Shares": NaN,
        "Diluted EPS": NaN,
        "Basic EPS": NaN,
        "Diluted NI Availto Com Stockholders": NaN,
        "Net Income Common Stockholders": NaN,
        "Net Income": NaN,
        "Net Income Including Noncontrolling Interests": NaN,
        "Net Income Continuous Operations": NaN,
        "Tax Provision": NaN,
        "Pretax Income": NaN,
        "Other Income Expense": 20000.0,
        "Special Income Charges": NaN,
        "Gain On Sale Of Ppe": NaN,
        "Net Non Operating Interest Income Expense": NaN,
        "Interest Expense Non Operating": NaN,
        "Interest Income Non Operating": NaN,
        "Operating Income": NaN,
        "Operating Expense": NaN,
        "Research And Development": NaN,
        "Selling General And Administration": NaN,
        "General And Administrative Expense": NaN,
        "Other Gand A": NaN,
        "Gross Profit": NaN,
        "Cost Of Revenue": NaN,
        "Total Revenue": NaN,
        "Operating Revenue": NaN
    },
    "2022-12-31": {
        "Tax Effect Of Unusual Items": NaN,
        "Tax Rate For Calcs": NaN,
        "Normalized EBITDA": NaN,
        "Total Unusual Items": NaN,
        "Total Unusual Items Excluding Goodwill": NaN,
        "Net Income From Continuing Operation Net Minority Interest": NaN,
        "Reconciled Depreciation": NaN,
        "Reconciled Cost Of Revenue": NaN,
        "EBITDA": NaN,
        "EBIT": NaN,
        "Net Interest Income": NaN,
        "Interest Expense": NaN,
        "Interest Income": NaN,
        "Normalized Income": NaN,
        "Net Income From Continuing And Discontinued Operation": NaN,
        "Total Expenses": NaN,
        "Total Operating Income As Reported": NaN,
        "Diluted Average Shares": NaN,
        "Basic Average Shares": NaN,
        "Diluted EPS": NaN,
        "Basic EPS": NaN,
        "Diluted NI Availto Com Stockholders": NaN,
        "Net Income Common Stockholders": NaN,
        "Net Income": NaN,
        "Net Income Including Noncontrolling Interests": NaN,
        "Net Income Continuous Operations": NaN,
        "Tax Provision": NaN,
        "Pretax Income": NaN,
        "Other Income Expense": -578000.0,
        "Special Income Charges": NaN,
        "Gain On Sale Of Ppe": NaN,
        "Net Non Operating Interest Income Expense": NaN,
        "Interest Expense Non Operating": NaN,
        "Interest Income Non Operating": NaN,
        "Operating Income": NaN,
        "Operating Expense": NaN,
        "Research And Development": NaN,
        "Selling General And Administration": NaN,
        "General And Administrative Expense": NaN,
        "Other Gand A": NaN,
        "Gross Profit": NaN,
        "Cost Of Revenue": NaN,
        "Total Revenue": NaN,
        "Operating Revenue": NaN
    },
    "2022-09-30": {
        "Tax Effect Of Unusual Items": NaN,
        "Tax Rate For Calcs": NaN,
        "Normalized EBITDA": NaN,
        "Total Unusual Items": NaN,
        "Total Unusual Items Excluding Goodwill": NaN,
        "Net Income From Continuing Operation Net Minority Interest": NaN,
        "Reconciled Depreciation": NaN,
        "Reconciled Cost Of Revenue": NaN,
        "EBITDA": NaN,
        "EBIT": NaN,
        "Net Interest Income": NaN,
        "Interest Expense": NaN,
        "Interest Income": NaN,
        "Normalized Income": NaN,
        "Net Income From Continuing And Discontinued Operation": NaN,
        "Total Expenses": NaN,
        "Total Operating Income As Reported": NaN,
        "Diluted Average Shares": 77402763.0,
        "Basic Average Shares": 77402763.0,
        "Diluted EPS": -0.05,
        "Basic EPS": -0.05,
        "Diluted NI Availto Com Stockholders": NaN,
        "Net Income Common Stockholders": NaN,
        "Net Income": NaN,
        "Net Income Including Noncontrolling Interests": NaN,
        "Net Income Continuous Operations": NaN,
        "Tax Provision": NaN,
        "Pretax Income": NaN,
        "Other Income Expense": 5000.0,
        "Special Income Charges": NaN,
        "Gain On Sale Of Ppe": NaN,
        "Net Non Operating Interest Income Expense": NaN,
        "Interest Expense Non Operating": NaN,
        "Interest Income Non Operating": NaN,
        "Operating Income": NaN,
        "Operating Expense": NaN,
        "Research And Development": NaN,
        "Selling General And Administration": NaN,
        "General And Administrative Expense": NaN,
        "Other Gand A": NaN,
        "Gross Profit": NaN,
        "Cost Of Revenue": NaN,
        "Total Revenue": NaN,
        "Operating Revenue": NaN
    },
    "2022-06-30": {
        "Tax Effect Of Unusual Items": 0.0,
        "Tax Rate For Calcs": 0.0,
        "Normalized EBITDA": -3665000.0,
        "Total Unusual Items": 739000.0,
        "Total Unusual Items Excluding Goodwill": 739000.0,
        "Net Income From Continuing Operation Net Minority Interest": -3166000.0,
        "Reconciled Depreciation": 228000.0,
        "Reconciled Cost Of Revenue": 1048000.0,
        "EBITDA": -2926000.0,
        "EBIT": -3154000.0,
        "Net Interest Income": 50000.0,
        "Interest Expense": 12000.0,
        "Interest Income": 62000.0,
        "Normalized Income": -3905000.0,
        "Net Income From Continuing And Discontinued Operation": -3166000.0,
        "Total Expenses": 3959000.0,
        "Total Operating Income As Reported": -3955000.0,
        "Diluted Average Shares": 75215009.0,
        "Basic Average Shares": 75215009.0,
        "Diluted EPS": -0.04,
        "Basic EPS": -0.04,
        "Diluted NI Availto Com Stockholders": -3166000.0,
        "Net Income Common Stockholders": -3166000.0,
        "Net Income": -3166000.0,
        "Net Income Including Noncontrolling Interests": -3166000.0,
        "Net Income Continuous Operations": -3166000.0,
        "Tax Provision": 0.0,
        "Pretax Income": -3166000.0,
        "Other Income Expense": 739000.0,
        "Special Income Charges": 739000.0,
        "Gain On Sale Of Ppe": 739000.0,
        "Net Non Operating Interest Income Expense": 50000.0,
        "Interest Expense Non Operating": 12000.0,
        "Interest Income Non Operating": 62000.0,
        "Operating Income": -3955000.0,
        "Operating Expense": 2911000.0,
        "Research And Development": 521000.0,
        "Selling General And Administration": 2390000.0,
        "General And Administrative Expense": 2390000.0,
        "Other Gand A": 2390000.0,
        "Gross Profit": -1044000.0,
        "Cost Of Revenue": 1048000.0,
        "Total Revenue": 4000.0,
        "Operating Revenue": 4000.0
    },
    "2022-03-31": {
        "Diluted EPS": -0.06,
        "Total Revenue": NaN,
        "Gross Profit": -1,
        "Operating Income": -4,
        "EBIT": -4,
        "Net Income": -4
    },
    "2021-12-31": {
        "Diluted EPS": -0.06,
        "Total Revenue": NaN,
        "Gross Profit": -2,
        "Operating Income": -4,
        "EBIT": -4,
        "Net Income": -5
    },
    "2021-09-30": {
        "Diluted EPS": -0.02,
        "Total Revenue": NaN,
        "Gross Profit": -2,
        "Operating Income": -5,
        "EBIT": -4,
        "Net Income": -1
    },
    "2021-06-30": {
        "Diluted EPS": -0.12,
        "Total Revenue": NaN,
        "Gross Profit": -2,
        "Operating Income": -4,
        "EBIT": -4,
        "Net Income": -8
    },
    "2021-03-31": {
        "Diluted EPS": -0.06,
        "Total Revenue": NaN,
        "Gross Profit": -2,
        "Operating Income": -4,
        "EBIT": -4,
        "Net Income": -4
    },
    "2020-12-31": {
        "Diluted EPS": -0.25,
        "Total Revenue": NaN,
        "Gross Profit": -1,
        "Operating Income": -4,
        "EBIT": -3,
        "Net Income": -16
    },
    "2020-09-30": {
        "Diluted EPS": -0.03,
        "Total Revenue": 0,
        "Gross Profit": -2,
        "Operating Income": -3,
        "EBIT": -3,
        "Net Income": -2
    },
    "2020-06-30": {
        "Diluted EPS": -0.07,
        "Total Revenue": NaN,
        "Gross Profit": -1,
        "Operating Income": -4,
        "EBIT": -3,
        "Net Income": -4
    },
    "2020-03-31": {
        "Diluted EPS": -0.07,
        "Total Revenue": 0,
        "Gross Profit": -1,
        "Operating Income": -4,
        "EBIT": -3,
        "Net Income": -4
    },
    "2019-12-31": {
        "Diluted EPS": -0.18,
        "Total Revenue": 1,
        "Gross Profit": -4,
        "Operating Income": -10,
        "EBIT": -9,
        "Net Income": -11
    },
    "2019-09-30": {
        "Diluted EPS": -0.2,
        "Total Revenue": 2,
        "Gross Profit": -6,
        "Operating Income": -11,
        "EBIT": -10,
        "Net Income": -11
    },
    "2019-06-30": {
        "Diluted EPS": -0.21,
        "Total Revenue": 1,
        "Gross Profit": -6,
        "Operating Income": -10,
        "EBIT": -9,
        "Net Income": -11
    },
    "2019-03-31": {
        "Diluted EPS": -0.27,
        "Total Revenue": 0,
        "Gross Profit": -4,
        "Operating Income": -9,
        "EBIT": -8,
        "Net Income": -12
    },
    "2018-12-31": {
        "Diluted EPS": -0.34,
        "Total Revenue": 1,
        "Gross Profit": -5,
        "Operating Income": -12,
        "EBIT": -11,
        "Net Income": -14
    },
    "2018-09-30": {
        "Diluted EPS": -0.24,
        "Total Revenue": 1,
        "Gross Profit": -5,
        "Operating Income": -8,
        "EBIT": -7,
        "Net Income": -9
    },
    "2018-06-30": {
        "Diluted EPS": -0.33,
        "Total Revenue": 0,
        "Gross Profit": -4,
        "Operating Income": -9,
        "EBIT": -8,
        "Net Income": -10
    },
    "2018-03-31": {
        "Diluted EPS": -0.27,
        "Total Revenue": 2,
        "Gross Profit": -4,
        "Operating Income": -7,
        "EBIT": -6,
        "Net Income": -8
    },
    "2017-12-31": {
        "Diluted EPS": -0.32,
        "Total Revenue": 1,
        "Gross Profit": -3,
        "Operating Income": -7,
        "EBIT": -6,
        "Net Income": -7
    },
    "2017-09-30": {
        "Diluted EPS": -0.31,
        "Total Revenue": 1,
        "Gross Profit": -3,
        "Operating Income": -6,
        "EBIT": -5,
        "Net Income": -6
    },
    "2017-06-30": {
        "Diluted EPS": -0.42,
        "Total Revenue": 1,
        "Gross Profit": -2,
        "Operating Income": -8,
        "EBIT": -7,
        "Net Income": -8
    },
    "2017-03-31": {
        "Diluted EPS": -0.26,
        "Total Revenue": NaN,
        "Gross Profit": NaN,
        "Operating Income": -5,
        "EBIT": -4,
        "Net Income": -5
    },
    "2016-12-31": {
        "Diluted EPS": -0.31,
        "Total Revenue": NaN,
        "Gross Profit": NaN,
        "Operating Income": -5,
        "EBIT": -4,
        "Net Income": -5
    },
    "2016-09-30": {
        "Diluted EPS": -0.23,
        "Total Revenue": NaN,
        "Gross Profit": NaN,
        "Operating Income": -3,
        "EBIT": -3,
        "Net Income": -4
    },
    "2016-06-30": {
        "Diluted EPS": -0.2,
        "Total Revenue": NaN,
        "Gross Profit": NaN,
        "Operating Income": -3,
        "EBIT": -3,
        "Net Income": -3
    },
    "2016-03-31": {
        "Diluted EPS": -0.15,
        "Total Revenue": NaN,
        "Gross Profit": NaN,
        "Operating Income": -2,
        "EBIT": -2,
        "Net Income": -2
    },
    "2015-12-31": {
        "Diluted EPS": 0.52,
        "Total Revenue": NaN,
        "Gross Profit": NaN,
        "Operating Income": -2,
        "EBIT": -2,
        "Net Income": -2
    },
    "2015-09-30": {
        "Diluted EPS": -0.19,
        "Total Revenue": NaN,
        "Gross Profit": NaN,
        "Operating Income": -1,
        "EBIT": -1,
        "Net Income": -2
    },
    "2015-06-30": {
        "Diluted EPS": -0.68,
        "Total Revenue": NaN,
        "Gross Profit": NaN,
        "Operating Income": -1,
        "EBIT": -1,
        "Net Income": -3
    },
    "2015-03-31": {
        "Diluted EPS": -1.12,
        "Total Revenue": NaN,
        "Gross Profit": NaN,
        "Operating Income": -1,
        "EBIT": 0,
        "Net Income": -5
    },
    "2014-12-31": {
        "Diluted EPS": 0.0,
        "Total Revenue": NaN,
        "Gross Profit": NaN,
        "Operating Income": NaN,
        "EBIT": NaN,
        "Net Income": NaN
    },
    "2014-09-30": {
        "Diluted EPS": -0.05,
        "Total Revenue": NaN,
        "Gross Profit": NaN,
        "Operating Income": 0,
        "EBIT": 0,
        "Net Income": 0
    },
    "2014-06-30": {
        "Diluted EPS": -0.01,
        "Total Revenue": NaN,
        "Gross Profit": NaN,
        "Operating Income": 0,
        "EBIT": 0,
        "Net Income": 0
    },
    "2023-06-30": {
        "Tax Effect Of Unusual Items": NaN,
        "Tax Rate For Calcs": NaN,
        "Normalized EBITDA": NaN,
        "Total Unusual Items": NaN,
        "Total Unusual Items Excluding Goodwill": NaN,
        "Net Income From Continuing Operation Net Minority Interest": NaN,
        "Reconciled Depreciation": NaN,
        "Reconciled Cost Of Revenue": NaN,
        "EBITDA": NaN,
        "EBIT": NaN,
        "Net Interest Income": NaN,
        "Interest Expense": NaN,
        "Interest Income": NaN,
        "Normalized Income": NaN,
        "Net Income From Continuing And Discontinued Operation": NaN,
        "Total Expenses": NaN,
        "Total Operating Income As Reported": NaN,
        "Diluted Average Shares": 4209244.0,
        "Basic Average Shares": 4209244.0,
        "Diluted EPS": -1.2,
        "Basic EPS": -1.2,
        "Diluted NI Availto Com Stockholders": NaN,
        "Net Income Common Stockholders": NaN,
        "Net Income": NaN,
        "Net Income Including Noncontrolling Interests": NaN,
        "Net Income Continuous Operations": NaN,
        "Tax Provision": 0.0,
        "Pretax Income": NaN,
        "Other Income Expense": 3000.0,
        "Special Income Charges": NaN,
        "Gain On Sale Of Ppe": NaN,
        "Net Non Operating Interest Income Expense": NaN,
        "Interest Expense Non Operating": NaN,
        "Interest Income Non Operating": NaN,
        "Operating Income": NaN,
        "Operating Expense": NaN,
        "Research And Development": NaN,
        "Selling General And Administration": NaN,
        "General And Administrative Expense": NaN,
        "Other Gand A": NaN,
        "Gross Profit": NaN,
        "Cost Of Revenue": NaN,
        "Total Revenue": NaN,
        "Operating Revenue": NaN
    },
    "2023-09-30": {
        "Tax Effect Of Unusual Items": NaN,
        "Tax Rate For Calcs": NaN,
        "Normalized EBITDA": NaN,
        "Total Unusual Items": NaN,
        "Total Unusual Items Excluding Goodwill": NaN,
        "Net Income From Continuing Operation Net Minority Interest": NaN,
        "Reconciled Depreciation": NaN,
        "Reconciled Cost Of Revenue": NaN,
        "EBITDA": NaN,
        "EBIT": NaN,
        "Net Interest Income": NaN,
        "Interest Expense": NaN,
        "Interest Income": NaN,
        "Normalized Income": NaN,
        "Net Income From Continuing And Discontinued Operation": NaN,
        "Total Expenses": NaN,
        "Total Operating Income As Reported": NaN,
        "Diluted Average Shares": 5080889.0,
        "Basic Average Shares": 5080889.0,
        "Diluted EPS": -0.89,
        "Basic EPS": -0.89,
        "Diluted NI Availto Com Stockholders": NaN,
        "Net Income Common Stockholders": NaN,
        "Net Income": NaN,
        "Net Income Including Noncontrolling Interests": NaN,
        "Net Income Continuous Operations": NaN,
        "Tax Provision": 0.0,
        "Pretax Income": NaN,
        "Other Income Expense": NaN,
        "Special Income Charges": NaN,
        "Gain On Sale Of Ppe": NaN,
        "Write Off": NaN,
        "Gain On Sale Of Security": NaN,
        "Net Non Operating Interest Income Expense": NaN,
        "Interest Expense Non Operating": NaN,
        "Interest Income Non Operating": NaN,
        "Operating Income": NaN,
        "Operating Expense": NaN,
        "Research And Development": NaN,
        "Selling General And Administration": NaN,
        "General And Administrative Expense": NaN,
        "Other Gand A": NaN,
        "Gross Profit": NaN,
        "Cost Of Revenue": NaN,
        "Total Revenue": NaN,
        "Operating Revenue": NaN
    },
    "2023-12-31": {
        "Tax Effect Of Unusual Items": NaN,
        "Tax Rate For Calcs": NaN,
        "Normalized EBITDA": NaN,
        "Total Unusual Items": NaN,
        "Total Unusual Items Excluding Goodwill": NaN,
        "Net Income From Continuing Operation Net Minority Interest": NaN,
        "Reconciled Depreciation": NaN,
        "Reconciled Cost Of Revenue": NaN,
        "EBITDA": NaN,
        "EBIT": NaN,
        "Net Interest Income": NaN,
        "Interest Expense": NaN,
        "Interest Income": NaN,
        "Normalized Income": NaN,
        "Net Income From Continuing And Discontinued Operation": NaN,
        "Total Expenses": NaN,
        "Total Operating Income As Reported": NaN,
        "Diluted Average Shares": NaN,
        "Basic Average Shares": NaN,
        "Diluted EPS": NaN,
        "Basic EPS": NaN,
        "Diluted NI Availto Com Stockholders": NaN,
        "Net Income Common Stockholders": NaN,
        "Net Income": NaN,
        "Net Income Including Noncontrolling Interests": NaN,
        "Net Income Continuous Operations": NaN,
        "Tax Provision": 0.0,
        "Pretax Income": NaN,
        "Other Income Expense": -4851000.0,
        "Special Income Charges": NaN,
        "Gain On Sale Of Ppe": 0.0,
        "Write Off": NaN,
        "Gain On Sale Of Security": NaN,
        "Net Non Operating Interest Income Expense": NaN,
        "Interest Expense Non Operating": NaN,
        "Interest Income Non Operating": NaN,
        "Operating Income": NaN,
        "Operating Expense": NaN,
        "Research And Development": NaN,
        "Selling General And Administration": NaN,
        "General And Administrative Expense": NaN,
        "Other Gand A": NaN,
        "Gross Profit": NaN,
        "Cost Of Revenue": NaN,
        "Total Revenue": NaN,
        "Operating Revenue": NaN
    },
    "2024-03-31": {
        "Tax Effect Of Unusual Items": 0.0,
        "Tax Rate For Calcs": 0.0,
        "Normalized EBITDA": -5321000.0,
        "Total Unusual Items": 0.0,
        "Total Unusual Items Excluding Goodwill": 0.0,
        "Net Income From Continuing Operation Net Minority Interest": -5752000.0,
        "Reconciled Depreciation": 325000.0,
        "Reconciled Cost Of Revenue": 2209000.0,
        "EBITDA": -5321000.0,
        "EBIT": -5646000.0,
        "Net Interest Income": 40000.0,
        "Interest Expense": 106000.0,
        "Interest Income": 146000.0,
        "Normalized Income": -5752000.0,
        "Net Income From Continuing And Discontinued Operation": -5752000.0,
        "Total Expenses": 5792000.0,
        "Total Operating Income As Reported": -5792000.0,
        "Diluted Average Shares": 5502730.0,
        "Basic Average Shares": 5502730.0,
        "Diluted EPS": -1.05,
        "Basic EPS": -1.05,
        "Diluted NI Availto Com Stockholders": -5752000.0,
        "Net Income Common Stockholders": -5752000.0,
        "Net Income": -5752000.0,
        "Net Income Including Noncontrolling Interests": -5752000.0,
        "Net Income Continuous Operations": -5752000.0,
        "Tax Provision": NaN,
        "Pretax Income": -5752000.0,
        "Other Income Expense": NaN,
        "Special Income Charges": 0.0,
        "Gain On Sale Of Ppe": 0.0,
        "Write Off": 0.0,
        "Gain On Sale Of Security": NaN,
        "Net Non Operating Interest Income Expense": 40000.0,
        "Interest Expense Non Operating": 106000.0,
        "Interest Income Non Operating": 146000.0,
        "Operating Income": -5792000.0,
        "Operating Expense": 3583000.0,
        "Research And Development": 588000.0,
        "Selling General And Administration": 2995000.0,
        "General And Administrative Expense": 2995000.0,
        "Other Gand A": 2995000.0,
        "Gross Profit": -2209000.0,
        "Cost Of Revenue": 2209000.0,
        "Total Revenue": 0.0,
        "Operating Revenue": 0.0
    },
    "2024-06-30": {
        "Tax Effect Of Unusual Items": 0.0,
        "Tax Rate For Calcs": 0.21,
        "Normalized EBITDA": -5723000.0,
        "Total Unusual Items": 0.0,
        "Total Unusual Items Excluding Goodwill": 0.0,
        "Net Income From Continuing Operation Net Minority Interest": -6150000.0,
        "Reconciled Depreciation": 340000.0,
        "Reconciled Cost Of Revenue": 2373000.0,
        "EBITDA": -5723000.0,
        "EBIT": -6063000.0,
        "Net Interest Income": 15000.0,
        "Interest Expense": 84000.0,
        "Interest Income": 99000.0,
        "Normalized Income": -6150000.0,
        "Net Income From Continuing And Discontinued Operation": -6150000.0,
        "Total Expenses": 6162000.0,
        "Total Operating Income As Reported": -6162000.0,
        "Diluted Average Shares": 6189657.0,
        "Basic Average Shares": 6189657.0,
        "Diluted EPS": -1.0,
        "Basic EPS": -1.0,
        "Diluted NI Availto Com Stockholders": -6150000.0,
        "Net Income Common Stockholders": -6150000.0,
        "Net Income": -6150000.0,
        "Net Income Including Noncontrolling Interests": -6150000.0,
        "Net Income Continuous Operations": -6150000.0,
        "Tax Provision": 3000.0,
        "Pretax Income": -6147000.0,
        "Other Income Expense": NaN,
        "Special Income Charges": 0.0,
        "Gain On Sale Of Ppe": 0.0,
        "Write Off": NaN,
        "Gain On Sale Of Security": NaN,
        "Net Non Operating Interest Income Expense": 15000.0,
        "Interest Expense Non Operating": 84000.0,
        "Interest Income Non Operating": 99000.0,
        "Operating Income": -6162000.0,
        "Operating Expense": 3789000.0,
        "Research And Development": 363000.0,
        "Selling General And Administration": 3426000.0,
        "General And Administrative Expense": 3426000.0,
        "Other Gand A": 3426000.0,
        "Gross Profit": -2373000.0,
        "Cost Of Revenue": 2373000.0,
        "Total Revenue": 0.0,
        "Operating Revenue": 0.0
    },
    "2024-09-30": {
        "Tax Effect Of Unusual Items": 0.0,
        "Tax Rate For Calcs": 0.0,
        "Normalized EBITDA": -4360000.0,
        "Total Unusual Items": -448000.0,
        "Total Unusual Items Excluding Goodwill": -448000.0,
        "Net Income From Continuing Operation Net Minority Interest": -5210000.0,
        "Reconciled Depreciation": 319000.0,
        "Reconciled Cost Of Revenue": 1617000.0,
        "EBITDA": -4808000.0,
        "EBIT": -5127000.0,
        "Net Interest Income": 1000.0,
        "Interest Expense": 83000.0,
        "Interest Income": 84000.0,
        "Normalized Income": -4762000.0,
        "Net Income From Continuing And Discontinued Operation": -5210000.0,
        "Total Expenses": 4763000.0,
        "Total Operating Income As Reported": -5211000.0,
        "Diluted Average Shares": 6816190.0,
        "Basic Average Shares": 6816190.0,
        "Diluted EPS": -0.76,
        "Basic EPS": -0.76,
        "Diluted NI Availto Com Stockholders": -5210000.0,
        "Net Income Common Stockholders": -5210000.0,
        "Net Income": -5210000.0,
        "Net Income Including Noncontrolling Interests": -5210000.0,
        "Net Income Continuous Operations": -5210000.0,
        "Tax Provision": 0.0,
        "Pretax Income": -5210000.0,
        "Other Income Expense": -448000.0,
        "Special Income Charges": -448000.0,
        "Gain On Sale Of Ppe": -448000.0,
        "Write Off": NaN,
        "Gain On Sale Of Security": NaN,
        "Net Non Operating Interest Income Expense": 1000.0,
        "Interest Expense Non Operating": 83000.0,
        "Interest Income Non Operating": 84000.0,
        "Operating Income": -4763000.0,
        "Operating Expense": 3146000.0,
        "Research And Development": 398000.0,
        "Selling General And Administration": 2748000.0,
        "General And Administrative Expense": 2748000.0,
        "Other Gand A": 2748000.0,
        "Gross Profit": -1617000.0,
        "Cost Of Revenue": 1617000.0,
        "Total Revenue": 0.0,
        "Operating Revenue": 0.0
    },
    "2024-12-31": {
        "Tax Effect Of Unusual Items": 0.0,
        "Tax Rate For Calcs": 0.0,
        "Normalized EBITDA": -3713000.0,
        "Total Unusual Items": -3139000.0,
        "Total Unusual Items Excluding Goodwill": -3139000.0,
        "Net Income From Continuing Operation Net Minority Interest": -7443000.0,
        "Reconciled Depreciation": 290000.0,
        "Reconciled Cost Of Revenue": 1015000.0,
        "EBITDA": -6852000.0,
        "EBIT": -7142000.0,
        "Net Interest Income": -254000.0,
        "Interest Expense": 301000.0,
        "Interest Income": 47000.0,
        "Normalized Income": -4304000.0,
        "Net Income From Continuing And Discontinued Operation": -7443000.0,
        "Total Expenses": 4050000.0,
        "Total Operating Income As Reported": -6682000.0,
        "Diluted Average Shares": NaN,
        "Basic Average Shares": NaN,
        "Diluted EPS": NaN,
        "Basic EPS": NaN,
        "Diluted NI Availto Com Stockholders": -7443000.0,
        "Net Income Common Stockholders": -7443000.0,
        "Net Income": -7443000.0,
        "Net Income Including Noncontrolling Interests": -7443000.0,
        "Net Income Continuous Operations": -7443000.0,
        "Tax Provision": 0.0,
        "Pretax Income": -7443000.0,
        "Other Income Expense": -3139000.0,
        "Special Income Charges": -2632000.0,
        "Gain On Sale Of Ppe": 8000.0,
        "Write Off": NaN,
        "Gain On Sale Of Security": NaN,
        "Net Non Operating Interest Income Expense": -254000.0,
        "Interest Expense Non Operating": 301000.0,
        "Interest Income Non Operating": 47000.0,
        "Operating Income": -4050000.0,
        "Operating Expense": 3035000.0,
        "Research And Development": 238000.0,
        "Selling General And Administration": 2797000.0,
        "General And Administrative Expense": 2797000.0,
        "Other Gand A": 2797000.0,
        "Gross Profit": -1015000.0,
        "Cost Of Revenue": 1015000.0,
        "Total Revenue": 0.0,
        "Operating Revenue": 0.0
    },
    "2025-03-31": {
        "Tax Effect Of Unusual Items": 0.0,
        "Tax Rate For Calcs": 0.0,
        "Normalized EBITDA": -2858000.0,
        "Total Unusual Items": -4756000.0,
        "Total Unusual Items Excluding Goodwill": -4756000.0,
        "Net Income From Continuing Operation Net Minority Interest": -8315000.0,
        "Reconciled Depreciation": 298000.0,
        "Reconciled Cost Of Revenue": 724000.0,
        "EBITDA": -7614000.0,
        "EBIT": -7912000.0,
        "Net Interest Income": -123000.0,
        "Interest Expense": 403000.0,
        "Interest Income": 280000.0,
        "Normalized Income": -3559000.0,
        "Net Income From Continuing And Discontinued Operation": -8315000.0,
        "Total Expenses": 3436000.0,
        "Total Operating Income As Reported": -8683000.0,
        "Diluted Average Shares": 8095716.0,
        "Basic Average Shares": 8095716.0,
        "Diluted EPS": -1.03,
        "Basic EPS": -1.03,
        "Diluted NI Availto Com Stockholders": -8315000.0,
        "Net Income Common Stockholders": -8315000.0,
        "Net Income": -8315000.0,
        "Net Income Including Noncontrolling Interests": -8315000.0,
        "Net Income Continuous Operations": -8315000.0,
        "Tax Provision": NaN,
        "Pretax Income": -8315000.0,
        "Other Income Expense": -4756000.0,
        "Special Income Charges": -5247000.0,
        "Gain On Sale Of Ppe": NaN,
        "Write Off": 5247000.0,
        "Gain On Sale Of Security": 491000.0,
        "Net Non Operating Interest Income Expense": -123000.0,
        "Interest Expense Non Operating": 403000.0,
        "Interest Income Non Operating": 280000.0,
        "Operating Income": -3436000.0,
        "Operating Expense": 2712000.0,
        "Research And Development": 336000.0,
        "Selling General And Administration": 2376000.0,
        "General And Administrative Expense": 2376000.0,
        "Other Gand A": 2376000.0,
        "Gross Profit": -724000.0,
        "Cost Of Revenue": 724000.0,
        "Total Revenue": 0.0,
        "Operating Revenue": 0.0
    }
}