{
    "2023-06-30": {
        "Tax Effect Of Unusual Items": NaN,
        "Tax Rate For Calcs": NaN,
        "Normalized EBITDA": NaN,
        "Total Unusual Items": NaN,
        "Total Unusual Items Excluding Goodwill": NaN,
        "Net Income From Continuing Operation Net Minority Interest": NaN,
        "Reconciled Depreciation": NaN,
        "Reconciled Cost Of Revenue": NaN,
        "EBITDA": NaN,
        "EBIT": NaN,
        "Net Interest Income": NaN,
        "Interest Expense": NaN,
        "Normalized Income": NaN,
        "Net Income From Continuing And Discontinued Operation": NaN,
        "Total Expenses": NaN,
        "Total Operating Income As Reported": NaN,
        "Diluted Average Shares": 300141000.0,
        "Basic Average Shares": 300141000.0,
        "Diluted EPS": -0.28,
        "Basic EPS": -0.28,
        "Diluted NI Availto Com Stockholders": NaN,
        "Net Income Common Stockholders": NaN,
        "Net Income": NaN,
        "Minority Interests": NaN,
        "Net Income Including Noncontrolling Interests": NaN,
        "Net Income Continuous Operations": NaN,
        "Tax Provision": NaN,
        "Pretax Income": NaN,
        "Other Income Expense": NaN,
        "Other Non Operating Income Expenses": NaN,
        "Special Income Charges": NaN,
        "Gain On Sale Of Ppe": NaN,
        "Other Special Charges": NaN,
        "Impairment Of Capital Assets": NaN,
        "Earnings From Equity Interest": NaN,
        "Gain On Sale Of Security": NaN,
        "Net Non Operating Interest Income Expense": NaN,
        "Interest Expense Non Operating": NaN,
        "Operating Income": NaN,
        "Operating Expense": NaN,
        "Other Operating Expenses": NaN,
        "Selling General And Administration": NaN,
        "Selling And Marketing Expense": NaN,
        "General And Administrative Expense": NaN,
        "Other Gand A": NaN,
        "Gross Profit": NaN,
        "Cost Of Revenue": NaN,
        "Total Revenue": NaN,
        "Operating Revenue": NaN
    },
    "2023-03-31": {
        "Tax Effect Of Unusual Items": NaN,
        "Tax Rate For Calcs": NaN,
        "Normalized EBITDA": NaN,
        "Total Unusual Items": NaN,
        "Total Unusual Items Excluding Goodwill": NaN,
        "Net Income From Continuing Operation Net Minority Interest": NaN,
        "Reconciled Depreciation": NaN,
        "Reconciled Cost Of Revenue": NaN,
        "EBITDA": NaN,
        "EBIT": NaN,
        "Net Interest Income": NaN,
        "Interest Expense": NaN,
        "Normalized Income": NaN,
        "Net Income From Continuing And Discontinued Operation": NaN,
        "Total Expenses": NaN,
        "Total Operating Income As Reported": NaN,
        "Diluted Average Shares": NaN,
        "Basic Average Shares": NaN,
        "Diluted EPS": NaN,
        "Basic EPS": NaN,
        "Diluted NI Availto Com Stockholders": NaN,
        "Net Income Common Stockholders": NaN,
        "Net Income": NaN,
        "Minority Interests": NaN,
        "Net Income Including Noncontrolling Interests": NaN,
        "Net Income Continuous Operations": NaN,
        "Tax Provision": NaN,
        "Pretax Income": NaN,
        "Other Income Expense": NaN,
        "Other Non Operating Income Expenses": -86000.0,
        "Special Income Charges": NaN,
        "Gain On Sale Of Ppe": NaN,
        "Other Special Charges": NaN,
        "Impairment Of Capital Assets": NaN,
        "Earnings From Equity Interest": NaN,
        "Gain On Sale Of Security": NaN,
        "Net Non Operating Interest Income Expense": NaN,
        "Interest Expense Non Operating": NaN,
        "Operating Income": NaN,
        "Operating Expense": NaN,
        "Other Operating Expenses": NaN,
        "Selling General And Administration": NaN,
        "Selling And Marketing Expense": NaN,
        "General And Administrative Expense": NaN,
        "Other Gand A": NaN,
        "Gross Profit": NaN,
        "Cost Of Revenue": NaN,
        "Total Revenue": NaN,
        "Operating Revenue": NaN
    },
    "2022-12-31": {
        "Tax Effect Of Unusual Items": NaN,
        "Tax Rate For Calcs": NaN,
        "Normalized EBITDA": NaN,
        "Total Unusual Items": NaN,
        "Total Unusual Items Excluding Goodwill": NaN,
        "Net Income From Continuing Operation Net Minority Interest": NaN,
        "Reconciled Depreciation": NaN,
        "Reconciled Cost Of Revenue": NaN,
        "EBITDA": NaN,
        "EBIT": NaN,
        "Net Interest Income": NaN,
        "Interest Expense": NaN,
        "Normalized Income": NaN,
        "Net Income From Continuing And Discontinued Operation": NaN,
        "Total Expenses": NaN,
        "Total Operating Income As Reported": NaN,
        "Diluted Average Shares": NaN,
        "Basic Average Shares": NaN,
        "Diluted EPS": NaN,
        "Basic EPS": NaN,
        "Diluted NI Availto Com Stockholders": NaN,
        "Net Income Common Stockholders": NaN,
        "Net Income": NaN,
        "Minority Interests": NaN,
        "Net Income Including Noncontrolling Interests": NaN,
        "Net Income Continuous Operations": NaN,
        "Tax Provision": NaN,
        "Pretax Income": NaN,
        "Other Income Expense": NaN,
        "Other Non Operating Income Expenses": 0.0,
        "Special Income Charges": NaN,
        "Gain On Sale Of Ppe": NaN,
        "Other Special Charges": NaN,
        "Impairment Of Capital Assets": NaN,
        "Earnings From Equity Interest": NaN,
        "Gain On Sale Of Security": NaN,
        "Net Non Operating Interest Income Expense": NaN,
        "Interest Expense Non Operating": NaN,
        "Operating Income": NaN,
        "Operating Expense": NaN,
        "Other Operating Expenses": NaN,
        "Selling General And Administration": NaN,
        "Selling And Marketing Expense": NaN,
        "General And Administrative Expense": NaN,
        "Other Gand A": NaN,
        "Gross Profit": NaN,
        "Cost Of Revenue": NaN,
        "Total Revenue": NaN,
        "Operating Revenue": NaN
    },
    "2022-09-30": {
        "Tax Effect Of Unusual Items": NaN,
        "Tax Rate For Calcs": NaN,
        "Normalized EBITDA": NaN,
        "Total Unusual Items": NaN,
        "Total Unusual Items Excluding Goodwill": NaN,
        "Net Income From Continuing Operation Net Minority Interest": NaN,
        "Reconciled Depreciation": NaN,
        "Reconciled Cost Of Revenue": NaN,
        "EBITDA": NaN,
        "EBIT": NaN,
        "Net Interest Income": NaN,
        "Interest Expense": NaN,
        "Normalized Income": NaN,
        "Net Income From Continuing And Discontinued Operation": NaN,
        "Total Expenses": NaN,
        "Total Operating Income As Reported": NaN,
        "Diluted Average Shares": NaN,
        "Basic Average Shares": NaN,
        "Diluted EPS": NaN,
        "Basic EPS": NaN,
        "Diluted NI Availto Com Stockholders": NaN,
        "Net Income Common Stockholders": NaN,
        "Net Income": NaN,
        "Minority Interests": NaN,
        "Net Income Including Noncontrolling Interests": NaN,
        "Net Income Continuous Operations": NaN,
        "Tax Provision": NaN,
        "Pretax Income": NaN,
        "Other Income Expense": NaN,
        "Other Non Operating Income Expenses": -169000.0,
        "Special Income Charges": NaN,
        "Gain On Sale Of Ppe": NaN,
        "Other Special Charges": NaN,
        "Impairment Of Capital Assets": NaN,
        "Earnings From Equity Interest": NaN,
        "Gain On Sale Of Security": NaN,
        "Net Non Operating Interest Income Expense": NaN,
        "Interest Expense Non Operating": NaN,
        "Operating Income": NaN,
        "Operating Expense": NaN,
        "Other Operating Expenses": NaN,
        "Selling General And Administration": NaN,
        "Selling And Marketing Expense": NaN,
        "General And Administrative Expense": NaN,
        "Other Gand A": NaN,
        "Gross Profit": NaN,
        "Cost Of Revenue": NaN,
        "Total Revenue": NaN,
        "Operating Revenue": NaN
    },
    "2022-06-30": {
        "Tax Effect Of Unusual Items": -65033320.0,
        "Tax Rate For Calcs": 0.22,
        "Normalized EBITDA": 1541622000.0,
        "Total Unusual Items": -295606000.0,
        "Total Unusual Items Excluding Goodwill": -295606000.0,
        "Net Income From Continuing Operation Net Minority Interest": 765135000.0,
        "Reconciled Depreciation": 174199000.0,
        "Reconciled Cost Of Revenue": 936702000.0,
        "EBITDA": 1246016000.0,
        "EBIT": 1071817000.0,
        "Net Interest Income": -34213000.0,
        "Interest Expense": 34213000.0,
        "Normalized Income": 995707680.0,
        "Net Income From Continuing And Discontinued Operation": 765135000.0,
        "Total Expenses": 997857000.0,
        "Total Operating Income As Reported": 1061518000.0,
        "Diluted Average Shares": 334561000.0,
        "Basic Average Shares": 310535000.0,
        "Diluted EPS": 2.29,
        "Basic EPS": 2.46,
        "Diluted NI Availto Com Stockholders": 765135000.0,
        "Net Income Common Stockholders": 765135000.0,
        "Net Income": 765135000.0,
        "Minority Interests": -46898000.0,
        "Net Income Including Noncontrolling Interests": 812033000.0,
        "Net Income Continuous Operations": 812033000.0,
        "Tax Provision": 225571000.0,
        "Pretax Income": 1037604000.0,
        "Other Income Expense": -280893000.0,
        "Other Non Operating Income Expenses": NaN,
        "Special Income Charges": -29944000.0,
        "Gain On Sale Of Ppe": -71000.0,
        "Other Special Charges": 6510000.0,
        "Impairment Of Capital Assets": 23363000.0,
        "Restructuring And Mergern Acquisition": NaN,
        "Earnings From Equity Interest": 14713000.0,
        "Gain On Sale Of Security": -265662000.0,
        "Net Non Operating Interest Income Expense": -34213000.0,
        "Interest Expense Non Operating": 34213000.0,
        "Operating Income": 1352710000.0,
        "Operating Expense": 61155000.0,
        "Other Operating Expenses": -114582000.0,
        "Selling General And Administration": 175737000.0,
        "Selling And Marketing Expense": 131298000.0,
        "General And Administrative Expense": 44439000.0,
        "Other Gand A": 44439000.0,
        "Gross Profit": 1413865000.0,
        "Cost Of Revenue": 936702000.0,
        "Total Revenue": 2350567000.0,
        "Operating Revenue": 2350567000.0
    },
    "2023-09-30": {
        "Tax Effect Of Unusual Items": NaN,
        "Tax Rate For Calcs": NaN,
        "Normalized EBITDA": NaN,
        "Total Unusual Items": NaN,
        "Total Unusual Items Excluding Goodwill": NaN,
        "Net Income From Continuing Operation Net Minority Interest": NaN,
        "Reconciled Depreciation": NaN,
        "Reconciled Cost Of Revenue": NaN,
        "EBITDA": NaN,
        "EBIT": NaN,
        "Net Interest Income": NaN,
        "Interest Expense": NaN,
        "Normalized Income": NaN,
        "Net Income From Continuing And Discontinued Operation": NaN,
        "Total Expenses": NaN,
        "Total Operating Income As Reported": NaN,
        "Diluted Average Shares": 311534000.0,
        "Basic Average Shares": 300141000.0,
        "Diluted EPS": 0.06,
        "Basic EPS": 0.06,
        "Diluted NI Availto Com Stockholders": NaN,
        "Net Income Common Stockholders": NaN,
        "Net Income": NaN,
        "Minority Interests": NaN,
        "Net Income Including Noncontrolling Interests": NaN,
        "Net Income Continuous Operations": NaN,
        "Tax Provision": NaN,
        "Pretax Income": NaN,
        "Other Income Expense": NaN,
        "Other Non Operating Income Expenses": NaN,
        "Special Income Charges": NaN,
        "Gain On Sale Of Ppe": NaN,
        "Other Special Charges": NaN,
        "Impairment Of Capital Assets": NaN,
        "Earnings From Equity Interest": NaN,
        "Gain On Sale Of Security": NaN,
        "Net Non Operating Interest Income Expense": NaN,
        "Interest Expense Non Operating": NaN,
        "Operating Income": NaN,
        "Operating Expense": NaN,
        "Other Operating Expenses": NaN,
        "Selling General And Administration": NaN,
        "Selling And Marketing Expense": NaN,
        "General And Administrative Expense": NaN,
        "Other Gand A": NaN,
        "Gross Profit": NaN,
        "Cost Of Revenue": NaN,
        "Total Revenue": NaN,
        "Operating Revenue": NaN
    },
    "2023-12-31": {
        "Tax Effect Of Unusual Items": NaN,
        "Tax Rate For Calcs": NaN,
        "Normalized EBITDA": NaN,
        "Total Unusual Items": NaN,
        "Total Unusual Items Excluding Goodwill": NaN,
        "Net Income From Continuing Operation Net Minority Interest": NaN,
        "Reconciled Depreciation": NaN,
        "Reconciled Cost Of Revenue": NaN,
        "EBITDA": NaN,
        "EBIT": NaN,
        "Net Interest Income": NaN,
        "Interest Expense": NaN,
        "Normalized Income": NaN,
        "Net Income From Continuing And Discontinued Operation": NaN,
        "Total Expenses": NaN,
        "Total Operating Income As Reported": NaN,
        "Diluted Average Shares": NaN,
        "Basic Average Shares": NaN,
        "Diluted EPS": NaN,
        "Basic EPS": NaN,
        "Diluted NI Availto Com Stockholders": NaN,
        "Net Income Common Stockholders": NaN,
        "Net Income": NaN,
        "Minority Interests": NaN,
        "Net Income Including Noncontrolling Interests": NaN,
        "Net Income Continuous Operations": NaN,
        "Tax Provision": NaN,
        "Pretax Income": NaN,
        "Other Income Expense": NaN,
        "Other Non Operating Income Expenses": -288000.0,
        "Special Income Charges": NaN,
        "Gain On Sale Of Ppe": NaN,
        "Other Special Charges": NaN,
        "Impairment Of Capital Assets": NaN,
        "Earnings From Equity Interest": NaN,
        "Gain On Sale Of Security": NaN,
        "Net Non Operating Interest Income Expense": NaN,
        "Interest Expense Non Operating": NaN,
        "Operating Income": NaN,
        "Operating Expense": NaN,
        "Other Operating Expenses": NaN,
        "Selling General And Administration": NaN,
        "Selling And Marketing Expense": NaN,
        "General And Administrative Expense": NaN,
        "Other Gand A": NaN,
        "Salaries And Wages": NaN,
        "Gross Profit": NaN,
        "Cost Of Revenue": NaN,
        "Total Revenue": NaN,
        "Operating Revenue": NaN
    },
    "2024-03-31": {
        "Tax Effect Of Unusual Items": 308921.562874,
        "Tax Rate For Calcs": 0.152253,
        "Normalized EBITDA": 260308000.0,
        "Total Unusual Items": 2029000.0,
        "Total Unusual Items Excluding Goodwill": 2029000.0,
        "Net Income From Continuing Operation Net Minority Interest": 22730000.0,
        "Reconciled Depreciation": 191251000.0,
        "Reconciled Cost Of Revenue": 950045000.0,
        "EBITDA": 262337000.0,
        "EBIT": 71086000.0,
        "Net Interest Income": -30187000.0,
        "Interest Expense": 30187000.0,
        "Normalized Income": 21009921.562874,
        "Net Income From Continuing And Discontinued Operation": 22730000.0,
        "Total Expenses": 1011857000.0,
        "Total Operating Income As Reported": 47739000.0,
        "Diluted Average Shares": 312503000.0,
        "Basic Average Shares": 304943000.0,
        "Diluted EPS": 0.07,
        "Basic EPS": 0.07,
        "Diluted NI Availto Com Stockholders": 22730000.0,
        "Net Income Common Stockholders": 22730000.0,
        "Net Income": 22730000.0,
        "Minority Interests": -11942000.0,
        "Net Income Including Noncontrolling Interests": 34672000.0,
        "Net Income Continuous Operations": 34672000.0,
        "Tax Provision": 6227000.0,
        "Pretax Income": 40899000.0,
        "Other Income Expense": 25376000.0,
        "Other Non Operating Income Expenses": NaN,
        "Special Income Charges": -7417000.0,
        "Gain On Sale Of Ppe": -188000.0,
        "Other Special Charges": 2039000.0,
        "Impairment Of Capital Assets": 5190000.0,
        "Earnings From Equity Interest": 23347000.0,
        "Gain On Sale Of Security": 9446000.0,
        "Net Non Operating Interest Income Expense": -30187000.0,
        "Interest Expense Non Operating": 30187000.0,
        "Operating Income": 45710000.0,
        "Operating Expense": 61812000.0,
        "Other Operating Expenses": -53863000.0,
        "Selling General And Administration": 115675000.0,
        "Selling And Marketing Expense": 59813000.0,
        "General And Administrative Expense": 55862000.0,
        "Other Gand A": 55862000.0,
        "Gross Profit": 107522000.0,
        "Cost Of Revenue": 950045000.0,
        "Total Revenue": 1057567000.0,
        "Operating Revenue": 1056712000.0
    },
    "2024-06-30": {
        "Tax Effect Of Unusual Items": -1688910.0,
        "Tax Rate For Calcs": 0.19,
        "Normalized EBITDA": 139097000.0,
        "Total Unusual Items": -8889000.0,
        "Total Unusual Items Excluding Goodwill": -8889000.0,
        "Net Income From Continuing Operation Net Minority Interest": -79806000.0,
        "Reconciled Depreciation": 189413000.0,
        "Reconciled Cost Of Revenue": 923767000.0,
        "EBITDA": 130208000.0,
        "EBIT": -59205000.0,
        "Net Interest Income": -32681000.0,
        "Interest Expense": 32681000.0,
        "Normalized Income": -72605910.0,
        "Net Income From Continuing And Discontinued Operation": -79806000.0,
        "Total Expenses": 999279000.0,
        "Total Operating Income As Reported": -80086000.0,
        "Diluted Average Shares": 310806000.0,
        "Basic Average Shares": 310806000.0,
        "Diluted EPS": -0.26,
        "Basic EPS": -0.26,
        "Diluted NI Availto Com Stockholders": -79806000.0,
        "Net Income Common Stockholders": -79806000.0,
        "Net Income": -79806000.0,
        "Minority Interests": -5208000.0,
        "Net Income Including Noncontrolling Interests": -74598000.0,
        "Net Income Continuous Operations": -74598000.0,
        "Tax Provision": -17288000.0,
        "Pretax Income": -91886000.0,
        "Other Income Expense": 11992000.0,
        "Special Income Charges": -3304000.0,
        "Gain On Sale Of Ppe": 18000.0,
        "Other Special Charges": 3009000.0,
        "Impairment Of Capital Assets": 313000.0,
        "Earnings From Equity Interest": 20881000.0,
        "Gain On Sale Of Security": -5585000.0,
        "Net Non Operating Interest Income Expense": -32681000.0,
        "Interest Expense Non Operating": 32681000.0,
        "Operating Income": -71197000.0,
        "Operating Expense": 75512000.0,
        "Other Operating Expenses": -54723000.0,
        "Selling General And Administration": 130235000.0,
        "Selling And Marketing Expense": 70807000.0,
        "General And Administrative Expense": 59428000.0,
        "Other Gand A": 42277000.0,
        "Salaries And Wages": 17151000.0,
        "Gross Profit": 4315000.0,
        "Cost Of Revenue": 923767000.0,
        "Total Revenue": 928082000.0,
        "Operating Revenue": 927217000.0
    },
    "2024-09-30": {
        "Tax Effect Of Unusual Items": 1511790.0,
        "Tax Rate For Calcs": 0.21,
        "Normalized EBITDA": 147681000.0,
        "Total Unusual Items": 7199000.0,
        "Total Unusual Items Excluding Goodwill": 7199000.0,
        "Net Income From Continuing Operation Net Minority Interest": -20444000.0,
        "Reconciled Depreciation": 135677000.0,
        "Reconciled Cost Of Revenue": 932400000.0,
        "EBITDA": 154880000.0,
        "EBIT": 19203000.0,
        "Net Interest Income": -28278000.0,
        "Interest Expense": 28278000.0,
        "Normalized Income": -26131210.0,
        "Net Income From Continuing And Discontinued Operation": -20444000.0,
        "Total Expenses": 997210000.0,
        "Total Operating Income As Reported": -5903000.0,
        "Diluted Average Shares": 311025000.0,
        "Basic Average Shares": 311025000.0,
        "Diluted EPS": -0.07,
        "Basic EPS": -0.07,
        "Diluted NI Availto Com Stockholders": -20444000.0,
        "Net Income Common Stockholders": -20444000.0,
        "Net Income": -20444000.0,
        "Minority Interests": -10157000.0,
        "Net Income Including Noncontrolling Interests": -10287000.0,
        "Net Income Continuous Operations": -10287000.0,
        "Tax Provision": 1212000.0,
        "Pretax Income": -9075000.0,
        "Other Income Expense": 32833000.0,
        "Special Income Charges": -11169000.0,
        "Gain On Sale Of Ppe": 1297000.0,
        "Other Special Charges": -989000.0,
        "Impairment Of Capital Assets": 13455000.0,
        "Earnings From Equity Interest": 25634000.0,
        "Gain On Sale Of Security": 18368000.0,
        "Net Non Operating Interest Income Expense": -28278000.0,
        "Interest Expense Non Operating": 28278000.0,
        "Operating Income": -13630000.0,
        "Operating Expense": 64810000.0,
        "Other Operating Expenses": -51961000.0,
        "Selling General And Administration": 116771000.0,
        "Selling And Marketing Expense": 62144000.0,
        "General And Administrative Expense": 54627000.0,
        "Other Gand A": 54627000.0,
        "Salaries And Wages": NaN,
        "Gross Profit": 51180000.0,
        "Cost Of Revenue": 932400000.0,
        "Total Revenue": 983580000.0,
        "Operating Revenue": 982726000.0
    },
    "2024-12-31": {
        "Tax Effect Of Unusual Items": -11108790.0,
        "Tax Rate For Calcs": 0.21,
        "Normalized EBITDA": 329502000.0,
        "Total Unusual Items": -52899000.0,
        "Total Unusual Items Excluding Goodwill": -52899000.0,
        "Net Income From Continuing Operation Net Minority Interest": 106988000.0,
        "Reconciled Depreciation": 249486000.0,
        "Reconciled Cost Of Revenue": 1020668000.0,
        "EBITDA": 276603000.0,
        "EBIT": 27117000.0,
        "Net Interest Income": -27061000.0,
        "Interest Expense": 27061000.0,
        "Normalized Income": 148778210.0,
        "Net Income From Continuing And Discontinued Operation": 106988000.0,
        "Total Expenses": 1093375000.0,
        "Total Operating Income As Reported": 3192000.0,
        "Diluted Average Shares": 314165000.0,
        "Basic Average Shares": 311145000.0,
        "Diluted EPS": 0.48,
        "Basic EPS": 0.48,
        "Diluted NI Availto Com Stockholders": 107188000.0,
        "Net Income Common Stockholders": 107188000.0,
        "Net Income": 106988000.0,
        "Minority Interests": -9164000.0,
        "Net Income Including Noncontrolling Interests": 116152000.0,
        "Net Income Continuous Operations": 116152000.0,
        "Tax Provision": -116096000.0,
        "Pretax Income": 56000.0,
        "Other Income Expense": -28974000.0,
        "Special Income Charges": -31401000.0,
        "Gain On Sale Of Ppe": -1989000.0,
        "Other Special Charges": 937000.0,
        "Impairment Of Capital Assets": 28475000.0,
        "Earnings From Equity Interest": 23925000.0,
        "Gain On Sale Of Security": -21498000.0,
        "Net Non Operating Interest Income Expense": -27061000.0,
        "Interest Expense Non Operating": 27061000.0,
        "Operating Income": 56091000.0,
        "Operating Expense": 72707000.0,
        "Other Operating Expenses": -38856000.0,
        "Selling General And Administration": 111563000.0,
        "Selling And Marketing Expense": 52142000.0,
        "General And Administrative Expense": 59421000.0,
        "Other Gand A": 59421000.0,
        "Salaries And Wages": NaN,
        "Gross Profit": 128798000.0,
        "Cost Of Revenue": 1020668000.0,
        "Total Revenue": 1149466000.0,
        "Operating Revenue": 1148644000.0
    },
    "2025-03-31": {
        "Tax Effect Of Unusual Items": -15661000.0,
        "Tax Rate For Calcs": 0.2,
        "Normalized EBITDA": 562830000.0,
        "Total Unusual Items": -78305000.0,
        "Total Unusual Items Excluding Goodwill": -78305000.0,
        "Net Income From Continuing Operation Net Minority Interest": 207971000.0,
        "Reconciled Depreciation": 187291000.0,
        "Reconciled Cost Of Revenue": 970654000.0,
        "EBITDA": 484525000.0,
        "EBIT": 297234000.0,
        "Net Interest Income": -23368000.0,
        "Interest Expense": 23368000.0,
        "Normalized Income": 270615000.0,
        "Net Income From Continuing And Discontinued Operation": 207971000.0,
        "Total Expenses": 1045712000.0,
        "Total Operating Income As Reported": 271472000.0,
        "Diluted Average Shares": 314798000.0,
        "Basic Average Shares": 311328000.0,
        "Diluted EPS": 0.66,
        "Basic EPS": 0.67,
        "Diluted NI Availto Com Stockholders": 207971000.0,
        "Net Income Common Stockholders": 207971000.0,
        "Net Income": 207971000.0,
        "Minority Interests": -11495000.0,
        "Net Income Including Noncontrolling Interests": 219466000.0,
        "Net Income Continuous Operations": 219466000.0,
        "Tax Provision": 54400000.0,
        "Pretax Income": 273866000.0,
        "Other Income Expense": -49644000.0,
        "Special Income Charges": -6634000.0,
        "Gain On Sale Of Ppe": 575000.0,
        "Other Special Charges": 1591000.0,
        "Impairment Of Capital Assets": 5618000.0,
        "Earnings From Equity Interest": 28661000.0,
        "Gain On Sale Of Security": -71671000.0,
        "Net Non Operating Interest Income Expense": -23368000.0,
        "Interest Expense Non Operating": 23368000.0,
        "Operating Income": 346878000.0,
        "Operating Expense": 75058000.0,
        "Other Operating Expenses": -30157000.0,
        "Selling General And Administration": 105215000.0,
        "Selling And Marketing Expense": 42770000.0,
        "General And Administrative Expense": 62445000.0,
        "Other Gand A": 62445000.0,
        "Salaries And Wages": NaN,
        "Gross Profit": 421936000.0,
        "Cost Of Revenue": 970654000.0,
        "Total Revenue": 1392590000.0,
        "Operating Revenue": 1391772000.0
    },
    "2025-06-30": {
        "Tax Effect Of Unusual Items": 7093020.0,
        "Tax Rate For Calcs": 0.22,
        "Normalized EBITDA": 391007000.0,
        "Total Unusual Items": 32241000.0,
        "Total Unusual Items Excluding Goodwill": 32241000.0,
        "Net Income From Continuing Operation Net Minority Interest": 156585000.0,
        "Reconciled Depreciation": 188531000.0,
        "Reconciled Cost Of Revenue": 961385000.0,
        "EBITDA": 423248000.0,
        "EBIT": 234717000.0,
        "Net Interest Income": -19954000.0,
        "Interest Expense": 19954000.0,
        "Normalized Income": 131437020.0,
        "Net Income From Continuing And Discontinued Operation": 156585000.0,
        "Total Expenses": 1032130000.0,
        "Total Operating Income As Reported": 204883000.0,
        "Diluted Average Shares": 313184000.0,
        "Basic Average Shares": 310323000.0,
        "Diluted EPS": 0.5,
        "Basic EPS": 0.5,
        "Diluted NI Availto Com Stockholders": 156585000.0,
        "Net Income Common Stockholders": 156585000.0,
        "Net Income": 156585000.0,
        "Minority Interests": -9988000.0,
        "Net Income Including Noncontrolling Interests": 166573000.0,
        "Net Income Continuous Operations": 166573000.0,
        "Tax Provision": 48190000.0,
        "Pretax Income": 214763000.0,
        "Other Income Expense": 62804000.0,
        "Special Income Charges": -21168000.0,
        "Gain On Sale Of Ppe": -546000.0,
        "Other Special Charges": 14325000.0,
        "Impairment Of Capital Assets": 6297000.0,
        "Earnings From Equity Interest": 30563000.0,
        "Gain On Sale Of Security": 53409000.0,
        "Net Non Operating Interest Income Expense": -19954000.0,
        "Interest Expense Non Operating": 19954000.0,
        "Operating Income": 171913000.0,
        "Operating Expense": 70745000.0,
        "Other Operating Expenses": -38426000.0,
        "Selling General And Administration": 109171000.0,
        "Selling And Marketing Expense": 51988000.0,
        "General And Administrative Expense": 57183000.0,
        "Other Gand A": 41328000.0,
        "Salaries And Wages": 15855000.0,
        "Gross Profit": 242658000.0,
        "Cost Of Revenue": 961385000.0,
        "Total Revenue": 1204043000.0,
        "Operating Revenue": 1203210000.0
    }
}