{
    "2023-03-31": {
        "Tax Effect Of Unusual Items": NaN,
        "Tax Rate For Calcs": NaN,
        "Normalized EBITDA": NaN,
        "Net Income From Continuing Operation Net Minority Interest": NaN,
        "Reconciled Depreciation": NaN,
        "Reconciled Cost Of Revenue": NaN,
        "EBITDA": NaN,
        "EBIT": NaN,
        "Net Interest Income": NaN,
        "Interest Expense": NaN,
        "Interest Income": 732000.0,
        "Normalized Income": NaN,
        "Net Income From Continuing And Discontinued Operation": NaN,
        "Total Expenses": NaN,
        "Total Operating Income As Reported": NaN,
        "Diluted Average Shares": NaN,
        "Basic Average Shares": NaN,
        "Diluted EPS": NaN,
        "Basic EPS": NaN,
        "Diluted NI Availto Com Stockholders": NaN,
        "Net Income Common Stockholders": NaN,
        "Net Income": NaN,
        "Net Income Including Noncontrolling Interests": NaN,
        "Net Income Continuous Operations": NaN,
        "Pretax Income": NaN,
        "Net Non Operating Interest Income Expense": NaN,
        "Total Other Finance Cost": NaN,
        "Interest Expense Non Operating": NaN,
        "Interest Income Non Operating": 732000.0,
        "Operating Income": NaN,
        "Operating Expense": NaN,
        "Research And Development": NaN,
        "Selling General And Administration": NaN,
        "Selling And Marketing Expense": NaN,
        "General And Administrative Expense": NaN,
        "Other Gand A": NaN,
        "Gross Profit": NaN,
        "Cost Of Revenue": NaN,
        "Total Revenue": NaN,
        "Operating Revenue": NaN
    },
    "2022-12-31": {
        "Tax Effect Of Unusual Items": NaN,
        "Tax Rate For Calcs": NaN,
        "Normalized EBITDA": NaN,
        "Net Income From Continuing Operation Net Minority Interest": NaN,
        "Reconciled Depreciation": NaN,
        "Reconciled Cost Of Revenue": NaN,
        "EBITDA": NaN,
        "EBIT": NaN,
        "Net Interest Income": NaN,
        "Interest Expense": NaN,
        "Interest Income": NaN,
        "Normalized Income": NaN,
        "Net Income From Continuing And Discontinued Operation": NaN,
        "Total Expenses": NaN,
        "Total Operating Income As Reported": NaN,
        "Diluted Average Shares": 63940247.0,
        "Basic Average Shares": 63940247.0,
        "Diluted EPS": -0.25,
        "Basic EPS": -0.17,
        "Diluted NI Availto Com Stockholders": NaN,
        "Net Income Common Stockholders": NaN,
        "Net Income": NaN,
        "Net Income Including Noncontrolling Interests": NaN,
        "Net Income Continuous Operations": NaN,
        "Pretax Income": NaN,
        "Net Non Operating Interest Income Expense": NaN,
        "Total Other Finance Cost": NaN,
        "Interest Expense Non Operating": NaN,
        "Interest Income Non Operating": NaN,
        "Operating Income": NaN,
        "Operating Expense": NaN,
        "Research And Development": NaN,
        "Selling General And Administration": NaN,
        "Selling And Marketing Expense": NaN,
        "General And Administrative Expense": NaN,
        "Other Gand A": NaN,
        "Gross Profit": NaN,
        "Cost Of Revenue": NaN,
        "Total Revenue": NaN,
        "Operating Revenue": NaN
    },
    "2022-09-30": {
        "Tax Effect Of Unusual Items": NaN,
        "Tax Rate For Calcs": NaN,
        "Normalized EBITDA": NaN,
        "Net Income From Continuing Operation Net Minority Interest": NaN,
        "Reconciled Depreciation": NaN,
        "Reconciled Cost Of Revenue": NaN,
        "EBITDA": NaN,
        "EBIT": NaN,
        "Net Interest Income": NaN,
        "Interest Expense": NaN,
        "Interest Income": NaN,
        "Normalized Income": NaN,
        "Net Income From Continuing And Discontinued Operation": NaN,
        "Total Expenses": NaN,
        "Total Operating Income As Reported": NaN,
        "Diluted Average Shares": NaN,
        "Basic Average Shares": NaN,
        "Diluted EPS": NaN,
        "Basic EPS": NaN,
        "Diluted NI Availto Com Stockholders": NaN,
        "Net Income Common Stockholders": NaN,
        "Net Income": NaN,
        "Net Income Including Noncontrolling Interests": NaN,
        "Net Income Continuous Operations": NaN,
        "Pretax Income": NaN,
        "Net Non Operating Interest Income Expense": NaN,
        "Total Other Finance Cost": -959000.0,
        "Interest Expense Non Operating": NaN,
        "Interest Income Non Operating": NaN,
        "Operating Income": NaN,
        "Operating Expense": NaN,
        "Research And Development": NaN,
        "Selling General And Administration": NaN,
        "Selling And Marketing Expense": NaN,
        "General And Administrative Expense": NaN,
        "Other Gand A": NaN,
        "Gross Profit": NaN,
        "Cost Of Revenue": NaN,
        "Total Revenue": NaN,
        "Operating Revenue": NaN
    },
    "2022-06-30": {
        "Tax Effect Of Unusual Items": 0.0,
        "Tax Rate For Calcs": 0.0,
        "Normalized EBITDA": -11974000.0,
        "Net Income From Continuing Operation Net Minority Interest": -11593000.0,
        "Reconciled Depreciation": 111000.0,
        "Reconciled Cost Of Revenue": 337000.0,
        "EBITDA": -11974000.0,
        "EBIT": -12085000.0,
        "Net Interest Income": 492000.0,
        "Normalized Income": -11593000.0,
        "Net Income From Continuing And Discontinued Operation": -11593000.0,
        "Total Expenses": 13321000.0,
        "Total Operating Income As Reported": -12085000.0,
        "Diluted Average Shares": 63286563.0,
        "Basic Average Shares": 63286563.0,
        "Diluted EPS": -0.18,
        "Basic EPS": -0.18,
        "Diluted NI Availto Com Stockholders": -11593000.0,
        "Net Income Common Stockholders": -11593000.0,
        "Net Income": -11593000.0,
        "Net Income Including Noncontrolling Interests": -11593000.0,
        "Net Income Continuous Operations": -11593000.0,
        "Pretax Income": -11593000.0,
        "Net Non Operating Interest Income Expense": 492000.0,
        "Total Other Finance Cost": -492000.0,
        "Operating Income": -12085000.0,
        "Operating Expense": 12984000.0,
        "Research And Development": 9534000.0,
        "Selling General And Administration": 3450000.0,
        "Selling And Marketing Expense": 1177000.0,
        "General And Administrative Expense": 2273000.0,
        "Other Gand A": 2273000.0,
        "Gross Profit": 899000.0,
        "Cost Of Revenue": 337000.0,
        "Total Revenue": 1236000.0,
        "Operating Revenue": 1236000.0
    },
    "2022-03-31": {
        "Diluted EPS": -0.12,
        "Total Revenue": 1,
        "Gross Profit": 0,
        "Operating Income": -11,
        "EBIT": -11,
        "Net Income": -8
    },
    "2021-12-31": {
        "Diluted EPS": 1.8,
        "Total Revenue": 1,
        "Gross Profit": 0,
        "Operating Income": -14,
        "EBIT": -14,
        "Net Income": -16
    },
    "2021-09-30": {
        "Diluted EPS": -1.35,
        "Total Revenue": 1,
        "Gross Profit": 0,
        "Operating Income": -8,
        "EBIT": -8,
        "Net Income": -13
    },
    "2021-06-30": {
        "Diluted EPS": -1.11,
        "Total Revenue": 1,
        "Gross Profit": 0,
        "Operating Income": -7,
        "EBIT": -7,
        "Net Income": -11
    },
    "2021-03-31": {
        "Diluted EPS": -1.98,
        "Total Revenue": 1,
        "Gross Profit": 0,
        "Operating Income": -4,
        "EBIT": -4,
        "Net Income": -18
    },
    "2020-12-31": {
        "Diluted EPS": 0.0,
        "Total Revenue": NaN,
        "Gross Profit": NaN,
        "Operating Income": NaN,
        "EBIT": NaN,
        "Net Income": NaN
    },
    "2020-09-30": {
        "Diluted EPS": -0.36,
        "Total Revenue": NaN,
        "Gross Profit": 0,
        "Operating Income": -3,
        "EBIT": -3,
        "Net Income": -3
    },
    "2019-12-31": {
        "Diluted EPS": 0.0,
        "Total Revenue": NaN,
        "Gross Profit": NaN,
        "Operating Income": NaN,
        "EBIT": NaN,
        "Net Income": NaN
    },
    "2023-06-30": {
        "Tax Effect Of Unusual Items": NaN,
        "Tax Rate For Calcs": NaN,
        "Normalized EBITDA": NaN,
        "Net Income From Continuing Operation Net Minority Interest": NaN,
        "Reconciled Depreciation": NaN,
        "Reconciled Cost Of Revenue": NaN,
        "EBITDA": NaN,
        "EBIT": NaN,
        "Net Interest Income": NaN,
        "Interest Expense": NaN,
        "Normalized Income": NaN,
        "Net Income From Continuing And Discontinued Operation": NaN,
        "Total Expenses": NaN,
        "Total Operating Income As Reported": NaN,
        "Diluted Average Shares": 67762711.0,
        "Basic Average Shares": 67762711.0,
        "Diluted EPS": -0.23,
        "Basic EPS": -0.19,
        "Diluted NI Availto Com Stockholders": NaN,
        "Net Income Common Stockholders": NaN,
        "Net Income": NaN,
        "Net Income Including Noncontrolling Interests": NaN,
        "Net Income Continuous Operations": NaN,
        "Pretax Income": NaN,
        "Net Non Operating Interest Income Expense": NaN,
        "Total Other Finance Cost": 25000.0,
        "Interest Expense Non Operating": NaN,
        "Operating Income": NaN,
        "Operating Expense": NaN,
        "Research And Development": NaN,
        "Selling General And Administration": NaN,
        "Selling And Marketing Expense": NaN,
        "General And Administrative Expense": NaN,
        "Other Gand A": NaN,
        "Gross Profit": NaN,
        "Cost Of Revenue": NaN,
        "Total Revenue": NaN,
        "Operating Revenue": NaN
    },
    "2023-09-30": {
        "Tax Effect Of Unusual Items": NaN,
        "Tax Rate For Calcs": NaN,
        "Normalized EBITDA": NaN,
        "Net Income From Continuing Operation Net Minority Interest": NaN,
        "Reconciled Depreciation": NaN,
        "Reconciled Cost Of Revenue": NaN,
        "EBITDA": NaN,
        "EBIT": NaN,
        "Net Interest Income": NaN,
        "Interest Expense": NaN,
        "Normalized Income": NaN,
        "Net Income From Continuing And Discontinued Operation": NaN,
        "Total Expenses": NaN,
        "Total Operating Income As Reported": NaN,
        "Diluted Average Shares": 77474326.0,
        "Basic Average Shares": 77474326.0,
        "Diluted EPS": -0.18,
        "Basic EPS": -0.15,
        "Diluted NI Availto Com Stockholders": NaN,
        "Net Income Common Stockholders": NaN,
        "Net Income": NaN,
        "Net Income Including Noncontrolling Interests": NaN,
        "Net Income Continuous Operations": NaN,
        "Pretax Income": NaN,
        "Net Non Operating Interest Income Expense": NaN,
        "Total Other Finance Cost": 134000.0,
        "Interest Expense Non Operating": NaN,
        "Operating Income": NaN,
        "Operating Expense": NaN,
        "Research And Development": NaN,
        "Selling General And Administration": NaN,
        "Selling And Marketing Expense": NaN,
        "General And Administrative Expense": NaN,
        "Other Gand A": NaN,
        "Gross Profit": NaN,
        "Cost Of Revenue": NaN,
        "Total Revenue": NaN,
        "Operating Revenue": NaN
    },
    "2023-12-31": {
        "Tax Effect Of Unusual Items": NaN,
        "Tax Rate For Calcs": NaN,
        "Normalized EBITDA": NaN,
        "Net Income From Continuing Operation Net Minority Interest": NaN,
        "Reconciled Depreciation": NaN,
        "Reconciled Cost Of Revenue": NaN,
        "EBITDA": NaN,
        "EBIT": NaN,
        "Net Interest Income": NaN,
        "Interest Expense": NaN,
        "Normalized Income": NaN,
        "Net Income From Continuing And Discontinued Operation": NaN,
        "Total Expenses": NaN,
        "Total Operating Income As Reported": NaN,
        "Diluted Average Shares": NaN,
        "Basic Average Shares": NaN,
        "Diluted EPS": NaN,
        "Basic EPS": NaN,
        "Diluted NI Availto Com Stockholders": NaN,
        "Net Income Common Stockholders": NaN,
        "Net Income": NaN,
        "Net Income Including Noncontrolling Interests": NaN,
        "Net Income Continuous Operations": NaN,
        "Pretax Income": NaN,
        "Net Non Operating Interest Income Expense": NaN,
        "Total Other Finance Cost": -2812000.0,
        "Interest Expense Non Operating": NaN,
        "Operating Income": NaN,
        "Operating Expense": NaN,
        "Research And Development": NaN,
        "Selling General And Administration": NaN,
        "Selling And Marketing Expense": NaN,
        "General And Administrative Expense": NaN,
        "Other Gand A": NaN,
        "Gross Profit": NaN,
        "Cost Of Revenue": NaN,
        "Total Revenue": NaN,
        "Operating Revenue": NaN
    },
    "2024-03-31": {
        "Tax Effect Of Unusual Items": NaN,
        "Tax Rate For Calcs": NaN,
        "Normalized EBITDA": NaN,
        "Net Income From Continuing Operation Net Minority Interest": NaN,
        "Reconciled Depreciation": NaN,
        "Reconciled Cost Of Revenue": NaN,
        "EBITDA": NaN,
        "EBIT": NaN,
        "Net Interest Income": NaN,
        "Interest Expense": 45000.0,
        "Normalized Income": NaN,
        "Net Income From Continuing And Discontinued Operation": NaN,
        "Total Expenses": NaN,
        "Total Operating Income As Reported": NaN,
        "Diluted Average Shares": NaN,
        "Basic Average Shares": NaN,
        "Diluted EPS": NaN,
        "Basic EPS": NaN,
        "Diluted NI Availto Com Stockholders": NaN,
        "Net Income Common Stockholders": NaN,
        "Net Income": NaN,
        "Net Income Including Noncontrolling Interests": NaN,
        "Net Income Continuous Operations": NaN,
        "Pretax Income": NaN,
        "Net Non Operating Interest Income Expense": NaN,
        "Total Other Finance Cost": NaN,
        "Interest Expense Non Operating": 45000.0,
        "Operating Income": NaN,
        "Operating Expense": NaN,
        "Research And Development": NaN,
        "Selling General And Administration": NaN,
        "Selling And Marketing Expense": NaN,
        "General And Administrative Expense": NaN,
        "Other Gand A": NaN,
        "Gross Profit": NaN,
        "Cost Of Revenue": NaN,
        "Total Revenue": NaN,
        "Operating Revenue": NaN
    },
    "2024-06-30": {
        "Tax Effect Of Unusual Items": NaN,
        "Tax Rate For Calcs": NaN,
        "Normalized EBITDA": NaN,
        "Net Income From Continuing Operation Net Minority Interest": NaN,
        "Reconciled Depreciation": NaN,
        "Reconciled Cost Of Revenue": NaN,
        "EBITDA": NaN,
        "EBIT": NaN,
        "Net Interest Income": NaN,
        "Normalized Income": NaN,
        "Net Income From Continuing And Discontinued Operation": NaN,
        "Total Expenses": NaN,
        "Total Operating Income As Reported": NaN,
        "Diluted Average Shares": NaN,
        "Basic Average Shares": NaN,
        "Diluted EPS": NaN,
        "Basic EPS": NaN,
        "Diluted NI Availto Com Stockholders": NaN,
        "Net Income Common Stockholders": NaN,
        "Net Income": NaN,
        "Net Income Including Noncontrolling Interests": NaN,
        "Net Income Continuous Operations": NaN,
        "Pretax Income": NaN,
        "Net Non Operating Interest Income Expense": NaN,
        "Total Other Finance Cost": 132000.0,
        "Operating Income": NaN,
        "Operating Expense": NaN,
        "Research And Development": NaN,
        "Selling General And Administration": NaN,
        "Selling And Marketing Expense": NaN,
        "General And Administrative Expense": NaN,
        "Other Gand A": NaN,
        "Gross Profit": NaN,
        "Cost Of Revenue": NaN,
        "Total Revenue": NaN,
        "Operating Revenue": NaN
    },
    "2024-09-30": {
        "Tax Effect Of Unusual Items": 0.0,
        "Tax Rate For Calcs": 0.0,
        "Normalized EBITDA": -12299000.0,
        "Net Income From Continuing Operation Net Minority Interest": -12574000.0,
        "Reconciled Depreciation": 148000.0,
        "Reconciled Cost Of Revenue": 394000.0,
        "EBITDA": -12299000.0,
        "EBIT": -12447000.0,
        "Net Interest Income": -127000.0,
        "Normalized Income": -12574000.0,
        "Net Income From Continuing And Discontinued Operation": -12574000.0,
        "Total Expenses": 12570000.0,
        "Total Operating Income As Reported": -12447000.0,
        "Diluted Average Shares": 80957931.0,
        "Basic Average Shares": 80957931.0,
        "Diluted EPS": -0.19,
        "Basic EPS": -0.16,
        "Diluted NI Availto Com Stockholders": -12574000.0,
        "Net Income Common Stockholders": -12574000.0,
        "Net Income": -12574000.0,
        "Net Income Including Noncontrolling Interests": -12574000.0,
        "Net Income Continuous Operations": -12574000.0,
        "Pretax Income": -12574000.0,
        "Net Non Operating Interest Income Expense": -127000.0,
        "Total Other Finance Cost": 127000.0,
        "Operating Income": -12447000.0,
        "Operating Expense": 12176000.0,
        "Research And Development": 8762000.0,
        "Selling General And Administration": 3414000.0,
        "Selling And Marketing Expense": 1426000.0,
        "General And Administrative Expense": 1988000.0,
        "Other Gand A": 1988000.0,
        "Gross Profit": -271000.0,
        "Cost Of Revenue": 394000.0,
        "Total Revenue": 123000.0,
        "Operating Revenue": 123000.0
    },
    "2024-12-31": {
        "Tax Effect Of Unusual Items": 0.0,
        "Tax Rate For Calcs": 0.0,
        "Normalized EBITDA": -12687000.0,
        "Net Income From Continuing Operation Net Minority Interest": -12196000.0,
        "Reconciled Depreciation": 148000.0,
        "Reconciled Cost Of Revenue": 308000.0,
        "EBITDA": -12687000.0,
        "EBIT": -12835000.0,
        "Net Interest Income": 639000.0,
        "Normalized Income": -12196000.0,
        "Net Income From Continuing And Discontinued Operation": -12196000.0,
        "Total Expenses": 12934000.0,
        "Total Operating Income As Reported": -12835000.0,
        "Diluted Average Shares": 81946370.0,
        "Basic Average Shares": 81946370.0,
        "Diluted EPS": -0.15,
        "Basic EPS": -0.15,
        "Diluted NI Availto Com Stockholders": -12196000.0,
        "Net Income Common Stockholders": -12196000.0,
        "Net Income": -12196000.0,
        "Net Income Including Noncontrolling Interests": -12196000.0,
        "Net Income Continuous Operations": -12196000.0,
        "Pretax Income": -12196000.0,
        "Net Non Operating Interest Income Expense": 639000.0,
        "Total Other Finance Cost": NaN,
        "Operating Income": -12835000.0,
        "Operating Expense": 12626000.0,
        "Research And Development": 9019000.0,
        "Selling General And Administration": 3607000.0,
        "Selling And Marketing Expense": 1187000.0,
        "General And Administrative Expense": 2420000.0,
        "Other Gand A": 2420000.0,
        "Gross Profit": -209000.0,
        "Cost Of Revenue": 308000.0,
        "Total Revenue": 99000.0,
        "Operating Revenue": 99000.0
    },
    "2025-03-31": {
        "Tax Effect Of Unusual Items": 0.0,
        "Tax Rate For Calcs": 0.0,
        "Normalized EBITDA": -13226000.0,
        "Net Income From Continuing Operation Net Minority Interest": -13818000.0,
        "Reconciled Depreciation": 135000.0,
        "Reconciled Cost Of Revenue": 338000.0,
        "EBITDA": -13226000.0,
        "EBIT": -13361000.0,
        "Net Interest Income": -457000.0,
        "Normalized Income": -13818000.0,
        "Net Income From Continuing And Discontinued Operation": -13818000.0,
        "Total Expenses": 13401000.0,
        "Total Operating Income As Reported": -13361000.0,
        "Diluted Average Shares": 107617231.0,
        "Basic Average Shares": 107617231.0,
        "Diluted EPS": -0.13,
        "Basic EPS": -0.13,
        "Diluted NI Availto Com Stockholders": -13818000.0,
        "Net Income Common Stockholders": -13818000.0,
        "Net Income": -13818000.0,
        "Net Income Including Noncontrolling Interests": -13818000.0,
        "Net Income Continuous Operations": -13818000.0,
        "Pretax Income": -13818000.0,
        "Net Non Operating Interest Income Expense": -457000.0,
        "Total Other Finance Cost": 457000.0,
        "Operating Income": -13361000.0,
        "Operating Expense": 13063000.0,
        "Research And Development": 9693000.0,
        "Selling General And Administration": 3370000.0,
        "Selling And Marketing Expense": 1381000.0,
        "General And Administrative Expense": 1989000.0,
        "Other Gand A": 1989000.0,
        "Gross Profit": -298000.0,
        "Cost Of Revenue": 338000.0,
        "Total Revenue": 40000.0,
        "Operating Revenue": 40000.0
    },
    "2025-06-30": {
        "Tax Effect Of Unusual Items": 0.0,
        "Tax Rate For Calcs": 0.0,
        "Normalized EBITDA": -11348000.0,
        "Net Income From Continuing Operation Net Minority Interest": -10158000.0,
        "Reconciled Depreciation": 132000.0,
        "Reconciled Cost Of Revenue": 459000.0,
        "EBITDA": -11348000.0,
        "EBIT": -11480000.0,
        "Net Interest Income": 1322000.0,
        "Normalized Income": -10158000.0,
        "Net Income From Continuing And Discontinued Operation": -10158000.0,
        "Total Expenses": 11754000.0,
        "Total Operating Income As Reported": -11480000.0,
        "Diluted Average Shares": 112196403.0,
        "Basic Average Shares": 112196403.0,
        "Diluted EPS": -0.09,
        "Basic EPS": -0.09,
        "Diluted NI Availto Com Stockholders": -10158000.0,
        "Net Income Common Stockholders": -10158000.0,
        "Net Income": -10158000.0,
        "Net Income Including Noncontrolling Interests": -10158000.0,
        "Net Income Continuous Operations": -10158000.0,
        "Pretax Income": -10158000.0,
        "Net Non Operating Interest Income Expense": 1322000.0,
        "Total Other Finance Cost": -1322000.0,
        "Operating Income": -11480000.0,
        "Operating Expense": 11295000.0,
        "Research And Development": 8216000.0,
        "Selling General And Administration": 3079000.0,
        "Selling And Marketing Expense": 1297000.0,
        "General And Administrative Expense": 1782000.0,
        "Other Gand A": 1782000.0,
        "Gross Profit": -185000.0,
        "Cost Of Revenue": 459000.0,
        "Total Revenue": 274000.0,
        "Operating Revenue": 274000.0
    },
    "2025-09-30": {
        "Tax Effect Of Unusual Items": 0.0,
        "Tax Rate For Calcs": 0.0,
        "Normalized EBITDA": -11374000.0,
        "Net Income From Continuing Operation Net Minority Interest": -11035000.0,
        "Reconciled Depreciation": 137000.0,
        "Reconciled Cost Of Revenue": 497000.0,
        "EBITDA": -11374000.0,
        "EBIT": -11511000.0,
        "Net Interest Income": 476000.0,
        "Normalized Income": -11035000.0,
        "Net Income From Continuing And Discontinued Operation": -11035000.0,
        "Total Expenses": 11765000.0,
        "Total Operating Income As Reported": -11511000.0,
        "Diluted Average Shares": 112641907.0,
        "Basic Average Shares": 112641907.0,
        "Diluted EPS": -0.1,
        "Basic EPS": -0.1,
        "Diluted NI Availto Com Stockholders": -11035000.0,
        "Net Income Common Stockholders": -11035000.0,
        "Net Income": -11035000.0,
        "Net Income Including Noncontrolling Interests": -11035000.0,
        "Net Income Continuous Operations": -11035000.0,
        "Pretax Income": -11035000.0,
        "Net Non Operating Interest Income Expense": 476000.0,
        "Total Other Finance Cost": -476000.0,
        "Operating Income": -11511000.0,
        "Operating Expense": 11268000.0,
        "Research And Development": 8250000.0,
        "Selling General And Administration": 3018000.0,
        "Selling And Marketing Expense": 1239000.0,
        "General And Administrative Expense": 1779000.0,
        "Other Gand A": 1779000.0,
        "Gross Profit": -243000.0,
        "Cost Of Revenue": 497000.0,
        "Total Revenue": 254000.0,
        "Operating Revenue": 254000.0
    }
}