{
    "2023-03-31": {
        "Tax Effect Of Unusual Items": NaN,
        "Tax Rate For Calcs": NaN,
        "Normalized EBITDA": NaN,
        "Total Unusual Items": NaN,
        "Total Unusual Items Excluding Goodwill": NaN,
        "Net Income From Continuing Operation Net Minority Interest": NaN,
        "Reconciled Depreciation": NaN,
        "EBITDA": NaN,
        "EBIT": NaN,
        "Net Interest Income": NaN,
        "Interest Expense": NaN,
        "Interest Income": NaN,
        "Normalized Income": NaN,
        "Net Income From Continuing And Discontinued Operation": NaN,
        "Total Expenses": NaN,
        "Total Operating Income As Reported": NaN,
        "Diluted Average Shares": NaN,
        "Basic Average Shares": NaN,
        "Diluted EPS": NaN,
        "Basic EPS": NaN,
        "Diluted NI Availto Com Stockholders": NaN,
        "Net Income Common Stockholders": NaN,
        "Net Income": NaN,
        "Net Income Including Noncontrolling Interests": NaN,
        "Net Income Continuous Operations": NaN,
        "Tax Provision": NaN,
        "Pretax Income": NaN,
        "Other Income Expense": NaN,
        "Special Income Charges": NaN,
        "Other Special Charges": -33953000.0,
        "Earnings From Equity Interest": 0.0,
        "Gain On Sale Of Security": NaN,
        "Net Non Operating Interest Income Expense": NaN,
        "Interest Expense Non Operating": NaN,
        "Interest Income Non Operating": NaN,
        "Operating Income": NaN,
        "Operating Expense": NaN,
        "Other Operating Expenses": NaN,
        "Research And Development": NaN,
        "Selling General And Administration": NaN,
        "General And Administrative Expense": NaN,
        "Other Gand A": NaN,
        "Total Revenue": NaN,
        "Operating Revenue": NaN
    },
    "2022-12-31": {
        "Tax Effect Of Unusual Items": NaN,
        "Tax Rate For Calcs": NaN,
        "Normalized EBITDA": NaN,
        "Total Unusual Items": NaN,
        "Total Unusual Items Excluding Goodwill": NaN,
        "Net Income From Continuing Operation Net Minority Interest": NaN,
        "Reconciled Depreciation": NaN,
        "EBITDA": NaN,
        "EBIT": NaN,
        "Net Interest Income": NaN,
        "Interest Expense": NaN,
        "Interest Income": NaN,
        "Normalized Income": NaN,
        "Net Income From Continuing And Discontinued Operation": NaN,
        "Total Expenses": NaN,
        "Total Operating Income As Reported": NaN,
        "Diluted Average Shares": NaN,
        "Basic Average Shares": NaN,
        "Diluted EPS": NaN,
        "Basic EPS": NaN,
        "Diluted NI Availto Com Stockholders": NaN,
        "Net Income Common Stockholders": NaN,
        "Net Income": NaN,
        "Net Income Including Noncontrolling Interests": NaN,
        "Net Income Continuous Operations": NaN,
        "Tax Provision": NaN,
        "Pretax Income": NaN,
        "Other Income Expense": NaN,
        "Special Income Charges": NaN,
        "Other Special Charges": NaN,
        "Earnings From Equity Interest": 0.0,
        "Gain On Sale Of Security": NaN,
        "Net Non Operating Interest Income Expense": NaN,
        "Interest Expense Non Operating": NaN,
        "Interest Income Non Operating": NaN,
        "Operating Income": NaN,
        "Operating Expense": NaN,
        "Other Operating Expenses": NaN,
        "Research And Development": NaN,
        "Selling General And Administration": NaN,
        "General And Administrative Expense": NaN,
        "Other Gand A": NaN,
        "Total Revenue": NaN,
        "Operating Revenue": NaN
    },
    "2022-09-30": {
        "Tax Effect Of Unusual Items": 0.0,
        "Tax Rate For Calcs": 0.0,
        "Normalized EBITDA": -35946000.0,
        "Total Unusual Items": 1862000.0,
        "Total Unusual Items Excluding Goodwill": 1862000.0,
        "Net Income From Continuing Operation Net Minority Interest": -35266000.0,
        "Reconciled Depreciation": 417000.0,
        "EBITDA": -34084000.0,
        "EBIT": -34501000.0,
        "Net Interest Income": -321000.0,
        "Interest Expense": 765000.0,
        "Interest Income": 444000.0,
        "Normalized Income": -37128000.0,
        "Net Income From Continuing And Discontinued Operation": -35266000.0,
        "Total Expenses": 50176000.0,
        "Total Operating Income As Reported": -36807000.0,
        "Diluted Average Shares": 26467000.0,
        "Basic Average Shares": 26467000.0,
        "Diluted EPS": -1.33,
        "Basic EPS": -1.33,
        "Diluted NI Availto Com Stockholders": -35266000.0,
        "Net Income Common Stockholders": -35266000.0,
        "Net Income": -35266000.0,
        "Net Income Including Noncontrolling Interests": -35266000.0,
        "Net Income Continuous Operations": -35266000.0,
        "Tax Provision": NaN,
        "Pretax Income": -35266000.0,
        "Other Income Expense": 1862000.0,
        "Special Income Charges": NaN,
        "Other Special Charges": NaN,
        "Earnings From Equity Interest": 0.0,
        "Gain On Sale Of Security": 1862000.0,
        "Net Non Operating Interest Income Expense": -321000.0,
        "Total Other Finance Cost": NaN,
        "Interest Expense Non Operating": 765000.0,
        "Interest Income Non Operating": 444000.0,
        "Operating Income": -36807000.0,
        "Operating Expense": 50176000.0,
        "Other Operating Expenses": NaN,
        "Research And Development": 37688000.0,
        "Selling General And Administration": 12488000.0,
        "General And Administrative Expense": 12488000.0,
        "Other Gand A": 12488000.0,
        "Total Revenue": 13369000.0,
        "Operating Revenue": 13369000.0
    },
    "2022-06-30": {
        "Tax Effect Of Unusual Items": 0.0,
        "Tax Rate For Calcs": 0.0,
        "Normalized EBITDA": -21717000.0,
        "Total Unusual Items": 1217000.0,
        "Total Unusual Items Excluding Goodwill": 1217000.0,
        "Net Income From Continuing Operation Net Minority Interest": -21563000.0,
        "Reconciled Depreciation": 335000.0,
        "EBITDA": -20500000.0,
        "EBIT": -20835000.0,
        "Net Interest Income": -560000.0,
        "Interest Expense": 728000.0,
        "Interest Income": 168000.0,
        "Normalized Income": -22780000.0,
        "Net Income From Continuing And Discontinued Operation": -21563000.0,
        "Total Expenses": 49182000.0,
        "Total Operating Income As Reported": -22089000.0,
        "Diluted Average Shares": 26425000.0,
        "Basic Average Shares": 26425000.0,
        "Diluted EPS": -0.82,
        "Basic EPS": -0.82,
        "Diluted NI Availto Com Stockholders": -21563000.0,
        "Net Income Common Stockholders": -21563000.0,
        "Net Income": -21563000.0,
        "Net Income Including Noncontrolling Interests": -21563000.0,
        "Net Income Continuous Operations": -21563000.0,
        "Tax Provision": NaN,
        "Pretax Income": -21563000.0,
        "Other Income Expense": 1086000.0,
        "Special Income Charges": NaN,
        "Other Special Charges": NaN,
        "Earnings From Equity Interest": -131000.0,
        "Gain On Sale Of Security": 1217000.0,
        "Net Non Operating Interest Income Expense": -560000.0,
        "Total Other Finance Cost": NaN,
        "Interest Expense Non Operating": 728000.0,
        "Interest Income Non Operating": 168000.0,
        "Operating Income": -22089000.0,
        "Operating Expense": 49182000.0,
        "Other Operating Expenses": NaN,
        "Research And Development": 38189000.0,
        "Selling General And Administration": 10993000.0,
        "General And Administrative Expense": 10993000.0,
        "Other Gand A": 10993000.0,
        "Total Revenue": 27093000.0,
        "Operating Revenue": 27093000.0
    },
    "2022-03-31": {
        "Diluted EPS": -1.94,
        "Total Revenue": 5,
        "Gross Profit": 5,
        "Operating Income": -50,
        "EBIT": -50,
        "Net Income": -51
    },
    "2021-12-31": {
        "Diluted EPS": -1.47,
        "Total Revenue": 6,
        "Gross Profit": 6,
        "Operating Income": -38,
        "EBIT": -37,
        "Net Income": -39
    },
    "2021-09-30": {
        "Diluted EPS": -2.05,
        "Total Revenue": 2,
        "Gross Profit": 2,
        "Operating Income": -54,
        "EBIT": -54,
        "Net Income": -54
    },
    "2021-06-30": {
        "Diluted EPS": -2.07,
        "Total Revenue": 2,
        "Gross Profit": 2,
        "Operating Income": -54,
        "EBIT": -53,
        "Net Income": -55
    },
    "2021-03-31": {
        "Diluted EPS": -2.15,
        "Total Revenue": 2,
        "Gross Profit": 2,
        "Operating Income": -58,
        "EBIT": -57,
        "Net Income": -56
    },
    "2020-12-31": {
        "Diluted EPS": -1.41,
        "Total Revenue": 2,
        "Gross Profit": 2,
        "Operating Income": -31,
        "EBIT": -31,
        "Net Income": -31
    },
    "2020-09-30": {
        "Diluted EPS": -0.92,
        "Total Revenue": 2,
        "Gross Profit": 2,
        "Operating Income": -21,
        "EBIT": -21,
        "Net Income": -21
    },
    "2020-06-30": {
        "Diluted EPS": -0.55,
        "Total Revenue": 2,
        "Gross Profit": 2,
        "Operating Income": -10,
        "EBIT": -10,
        "Net Income": -10
    },
    "2020-03-31": {
        "Diluted EPS": -0.67,
        "Total Revenue": 3,
        "Gross Profit": 3,
        "Operating Income": -9,
        "EBIT": -9,
        "Net Income": -10
    },
    "2019-12-31": {
        "Diluted EPS": -0.84,
        "Total Revenue": 3,
        "Gross Profit": 3,
        "Operating Income": -11,
        "EBIT": -11,
        "Net Income": -11
    },
    "2019-09-30": {
        "Diluted EPS": -0.56,
        "Total Revenue": 3,
        "Gross Profit": 3,
        "Operating Income": -8,
        "EBIT": -7,
        "Net Income": -7
    },
    "2019-06-30": {
        "Diluted EPS": -0.07,
        "Total Revenue": 10,
        "Gross Profit": 10,
        "Operating Income": -1,
        "EBIT": 0,
        "Net Income": -1
    },
    "2019-03-31": {
        "Diluted EPS": -0.68,
        "Total Revenue": 4,
        "Gross Profit": 4,
        "Operating Income": -7,
        "EBIT": -6,
        "Net Income": -7
    },
    "2018-12-31": {
        "Diluted EPS": -0.09,
        "Total Revenue": 8,
        "Gross Profit": 8,
        "Operating Income": -1,
        "EBIT": -1,
        "Net Income": -1
    },
    "2018-09-30": {
        "Diluted EPS": -0.42,
        "Total Revenue": 3,
        "Gross Profit": 3,
        "Operating Income": -4,
        "EBIT": -4,
        "Net Income": -4
    },
    "2018-06-30": {
        "Diluted EPS": -0.99,
        "Total Revenue": 2,
        "Gross Profit": 2,
        "Operating Income": -10,
        "EBIT": -10,
        "Net Income": -10
    },
    "2018-03-31": {
        "Diluted EPS": -0.66,
        "Total Revenue": 2,
        "Gross Profit": 2,
        "Operating Income": -7,
        "EBIT": -7,
        "Net Income": -7
    },
    "2017-12-31": {
        "Diluted EPS": -0.57,
        "Total Revenue": 6,
        "Gross Profit": 6,
        "Operating Income": -3,
        "EBIT": -3,
        "Net Income": -3
    },
    "2017-09-30": {
        "Diluted EPS": -1.51,
        "Total Revenue": 3,
        "Gross Profit": 3,
        "Operating Income": -3,
        "EBIT": -3,
        "Net Income": -3
    },
    "2017-06-30": {
        "Diluted EPS": -0.54,
        "Total Revenue": 4,
        "Gross Profit": 4,
        "Operating Income": -1,
        "EBIT": -1,
        "Net Income": -1
    },
    "2017-03-31": {
        "Diluted EPS": -0.91,
        "Total Revenue": NaN,
        "Gross Profit": NaN,
        "Operating Income": -4,
        "EBIT": -4,
        "Net Income": -4
    },
    "2016-12-31": {
        "Diluted EPS": 3.92,
        "Total Revenue": NaN,
        "Gross Profit": NaN,
        "Operating Income": -2,
        "EBIT": -2,
        "Net Income": 17
    },
    "2016-09-30": {
        "Diluted EPS": -1.96,
        "Total Revenue": NaN,
        "Gross Profit": NaN,
        "Operating Income": -8,
        "EBIT": -8,
        "Net Income": -8
    },
    "2016-06-30": {
        "Diluted EPS": -1.47,
        "Total Revenue": NaN,
        "Gross Profit": NaN,
        "Operating Income": -6,
        "EBIT": -6,
        "Net Income": -6
    },
    "2016-03-31": {
        "Diluted EPS": -1.26,
        "Total Revenue": NaN,
        "Gross Profit": NaN,
        "Operating Income": -5,
        "EBIT": -5,
        "Net Income": -5
    },
    "2015-12-31": {
        "Diluted EPS": -1.4,
        "Total Revenue": NaN,
        "Gross Profit": NaN,
        "Operating Income": -5,
        "EBIT": -5,
        "Net Income": -5
    },
    "2015-09-30": {
        "Diluted EPS": -1.4,
        "Total Revenue": NaN,
        "Gross Profit": NaN,
        "Operating Income": -4,
        "EBIT": -4,
        "Net Income": -4
    },
    "2015-06-30": {
        "Diluted EPS": -1.68,
        "Total Revenue": NaN,
        "Gross Profit": NaN,
        "Operating Income": -5,
        "EBIT": -5,
        "Net Income": -5
    },
    "2015-03-31": {
        "Diluted EPS": -1.82,
        "Total Revenue": NaN,
        "Gross Profit": NaN,
        "Operating Income": -5,
        "EBIT": -5,
        "Net Income": -5
    },
    "2014-12-31": {
        "Diluted EPS": -3.43,
        "Total Revenue": NaN,
        "Gross Profit": NaN,
        "Operating Income": -7,
        "EBIT": -7,
        "Net Income": -7
    },
    "2014-09-30": {
        "Diluted EPS": -5.39,
        "Total Revenue": NaN,
        "Gross Profit": NaN,
        "Operating Income": -11,
        "EBIT": -11,
        "Net Income": -10
    },
    "2014-06-30": {
        "Diluted EPS": -3.99,
        "Total Revenue": NaN,
        "Gross Profit": NaN,
        "Operating Income": -8,
        "EBIT": -8,
        "Net Income": -8
    },
    "2014-03-31": {
        "Diluted EPS": -3.99,
        "Total Revenue": NaN,
        "Gross Profit": NaN,
        "Operating Income": -8,
        "EBIT": -8,
        "Net Income": -8
    },
    "2013-12-31": {
        "Diluted EPS": -3.92,
        "Total Revenue": NaN,
        "Gross Profit": NaN,
        "Operating Income": -6,
        "EBIT": -6,
        "Net Income": -6
    },
    "2013-09-30": {
        "Diluted EPS": -1.96,
        "Total Revenue": NaN,
        "Gross Profit": NaN,
        "Operating Income": -3,
        "EBIT": -3,
        "Net Income": -3
    },
    "2013-06-30": {
        "Diluted EPS": -1.05,
        "Total Revenue": NaN,
        "Gross Profit": NaN,
        "Operating Income": -1,
        "EBIT": -1,
        "Net Income": -1
    },
    "2013-03-31": {
        "Diluted EPS": -0.35,
        "Total Revenue": NaN,
        "Gross Profit": NaN,
        "Operating Income": 0,
        "EBIT": 0,
        "Net Income": 0
    },
    "2012-12-31": {
        "Diluted EPS": 0.0,
        "Total Revenue": NaN,
        "Gross Profit": NaN,
        "Operating Income": NaN,
        "EBIT": NaN,
        "Net Income": NaN
    },
    "2012-09-30": {
        "Diluted EPS": -0.28,
        "Total Revenue": NaN,
        "Gross Profit": NaN,
        "Operating Income": 0,
        "EBIT": 0,
        "Net Income": 0
    },
    "2012-06-30": {
        "Diluted EPS": -0.42,
        "Total Revenue": NaN,
        "Gross Profit": NaN,
        "Operating Income": 0,
        "EBIT": 0,
        "Net Income": 0
    },
    "2011-12-31": {
        "Diluted EPS": 0.0,
        "Total Revenue": NaN,
        "Gross Profit": NaN,
        "Operating Income": NaN,
        "EBIT": NaN,
        "Net Income": NaN
    },
    "2023-06-30": {
        "Tax Effect Of Unusual Items": NaN,
        "Tax Rate For Calcs": NaN,
        "Normalized EBITDA": NaN,
        "Total Unusual Items": NaN,
        "Total Unusual Items Excluding Goodwill": NaN,
        "Net Income From Continuing Operation Net Minority Interest": NaN,
        "Reconciled Depreciation": NaN,
        "EBITDA": NaN,
        "EBIT": NaN,
        "Net Interest Income": NaN,
        "Interest Expense": 0.0,
        "Interest Income": NaN,
        "Normalized Income": NaN,
        "Net Income From Continuing And Discontinued Operation": NaN,
        "Total Expenses": NaN,
        "Total Operating Income As Reported": NaN,
        "Diluted Average Shares": NaN,
        "Basic Average Shares": NaN,
        "Diluted EPS": NaN,
        "Basic EPS": NaN,
        "Diluted NI Availto Com Stockholders": NaN,
        "Net Income Common Stockholders": NaN,
        "Net Income": NaN,
        "Net Income Including Noncontrolling Interests": NaN,
        "Net Income Continuous Operations": NaN,
        "Tax Provision": NaN,
        "Pretax Income": NaN,
        "Other Income Expense": NaN,
        "Special Income Charges": NaN,
        "Other Special Charges": NaN,
        "Earnings From Equity Interest": 0.0,
        "Gain On Sale Of Security": NaN,
        "Net Non Operating Interest Income Expense": NaN,
        "Interest Expense Non Operating": 0.0,
        "Interest Income Non Operating": NaN,
        "Operating Income": NaN,
        "Operating Expense": NaN,
        "Other Operating Expenses": NaN,
        "Research And Development": NaN,
        "Selling General And Administration": NaN,
        "General And Administrative Expense": NaN,
        "Other Gand A": NaN,
        "Total Revenue": NaN,
        "Operating Revenue": NaN
    },
    "2023-09-30": {
        "Tax Effect Of Unusual Items": NaN,
        "Tax Rate For Calcs": NaN,
        "Normalized EBITDA": NaN,
        "Total Unusual Items": NaN,
        "Total Unusual Items Excluding Goodwill": NaN,
        "Net Income From Continuing Operation Net Minority Interest": NaN,
        "Reconciled Depreciation": NaN,
        "EBITDA": NaN,
        "EBIT": NaN,
        "Net Interest Income": NaN,
        "Interest Expense": 20000.0,
        "Interest Income": NaN,
        "Normalized Income": NaN,
        "Net Income From Continuing And Discontinued Operation": NaN,
        "Total Expenses": NaN,
        "Total Operating Income As Reported": NaN,
        "Diluted Average Shares": NaN,
        "Basic Average Shares": NaN,
        "Diluted EPS": NaN,
        "Basic EPS": NaN,
        "Diluted NI Availto Com Stockholders": NaN,
        "Net Income Common Stockholders": NaN,
        "Net Income": NaN,
        "Net Income Including Noncontrolling Interests": NaN,
        "Net Income Continuous Operations": NaN,
        "Tax Provision": NaN,
        "Pretax Income": NaN,
        "Other Income Expense": NaN,
        "Special Income Charges": NaN,
        "Other Special Charges": NaN,
        "Earnings From Equity Interest": 0.0,
        "Gain On Sale Of Security": NaN,
        "Net Non Operating Interest Income Expense": NaN,
        "Interest Expense Non Operating": 20000.0,
        "Interest Income Non Operating": NaN,
        "Operating Income": NaN,
        "Operating Expense": NaN,
        "Other Operating Expenses": NaN,
        "Research And Development": NaN,
        "Selling General And Administration": NaN,
        "General And Administrative Expense": NaN,
        "Other Gand A": NaN,
        "Total Revenue": NaN,
        "Operating Revenue": NaN
    },
    "2023-12-31": {
        "Tax Effect Of Unusual Items": NaN,
        "Tax Rate For Calcs": NaN,
        "Normalized EBITDA": NaN,
        "Total Unusual Items": NaN,
        "Total Unusual Items Excluding Goodwill": NaN,
        "Net Income From Continuing Operation Net Minority Interest": NaN,
        "Reconciled Depreciation": NaN,
        "EBITDA": NaN,
        "EBIT": NaN,
        "Net Interest Income": NaN,
        "Interest Expense": 4000.0,
        "Interest Income": NaN,
        "Normalized Income": NaN,
        "Net Income From Continuing And Discontinued Operation": NaN,
        "Total Expenses": NaN,
        "Total Operating Income As Reported": NaN,
        "Diluted Average Shares": NaN,
        "Basic Average Shares": NaN,
        "Diluted EPS": NaN,
        "Basic EPS": NaN,
        "Diluted NI Availto Com Stockholders": NaN,
        "Net Income Common Stockholders": NaN,
        "Net Income": NaN,
        "Net Income Including Noncontrolling Interests": NaN,
        "Net Income Continuous Operations": NaN,
        "Tax Provision": NaN,
        "Pretax Income": NaN,
        "Other Income Expense": NaN,
        "Special Income Charges": 0.0,
        "Other Special Charges": 0.0,
        "Earnings From Equity Interest": 0.0,
        "Gain On Sale Of Security": NaN,
        "Net Non Operating Interest Income Expense": NaN,
        "Interest Expense Non Operating": 4000.0,
        "Interest Income Non Operating": NaN,
        "Operating Income": NaN,
        "Operating Expense": NaN,
        "Other Operating Expenses": NaN,
        "Research And Development": NaN,
        "Selling General And Administration": NaN,
        "General And Administrative Expense": NaN,
        "Other Gand A": NaN,
        "Total Revenue": NaN,
        "Operating Revenue": NaN
    },
    "2024-03-31": {
        "Tax Effect Of Unusual Items": NaN,
        "Tax Rate For Calcs": NaN,
        "Normalized EBITDA": NaN,
        "Total Unusual Items": NaN,
        "Total Unusual Items Excluding Goodwill": NaN,
        "Net Income From Continuing Operation Net Minority Interest": NaN,
        "Reconciled Depreciation": NaN,
        "EBITDA": NaN,
        "EBIT": NaN,
        "Net Interest Income": NaN,
        "Interest Expense": 0.0,
        "Interest Income": NaN,
        "Normalized Income": NaN,
        "Net Income From Continuing And Discontinued Operation": NaN,
        "Total Expenses": NaN,
        "Total Operating Income As Reported": NaN,
        "Diluted Average Shares": NaN,
        "Basic Average Shares": NaN,
        "Diluted EPS": NaN,
        "Basic EPS": NaN,
        "Diluted NI Availto Com Stockholders": NaN,
        "Net Income Common Stockholders": NaN,
        "Net Income": NaN,
        "Net Income Including Noncontrolling Interests": NaN,
        "Net Income Continuous Operations": NaN,
        "Tax Provision": NaN,
        "Pretax Income": NaN,
        "Other Income Expense": NaN,
        "Special Income Charges": 0.0,
        "Other Special Charges": NaN,
        "Earnings From Equity Interest": NaN,
        "Gain On Sale Of Security": NaN,
        "Net Non Operating Interest Income Expense": NaN,
        "Interest Expense Non Operating": 0.0,
        "Interest Income Non Operating": NaN,
        "Operating Income": NaN,
        "Operating Expense": NaN,
        "Other Operating Expenses": NaN,
        "Research And Development": NaN,
        "Selling General And Administration": NaN,
        "General And Administrative Expense": NaN,
        "Other Gand A": NaN,
        "Total Revenue": NaN,
        "Operating Revenue": NaN
    },
    "2024-06-30": {
        "Tax Effect Of Unusual Items": -3351.376252,
        "Tax Rate For Calcs": 0.008638,
        "Normalized EBITDA": -19829000.0,
        "Total Unusual Items": -388000.0,
        "Total Unusual Items Excluding Goodwill": -388000.0,
        "Net Income From Continuing Operation Net Minority Interest": -17216000.0,
        "Reconciled Depreciation": 909000.0,
        "EBITDA": -20217000.0,
        "EBIT": -21126000.0,
        "Net Interest Income": 4148000.0,
        "Interest Expense": 0.0,
        "Interest Income": 4148000.0,
        "Normalized Income": -16831351.376252,
        "Net Income From Continuing And Discontinued Operation": -17216000.0,
        "Total Expenses": 67102000.0,
        "Total Operating Income As Reported": -21126000.0,
        "Diluted Average Shares": 26967000.0,
        "Basic Average Shares": 26967000.0,
        "Diluted EPS": -0.64,
        "Basic EPS": -0.64,
        "Diluted NI Availto Com Stockholders": -17216000.0,
        "Net Income Common Stockholders": -17216000.0,
        "Net Income": -17216000.0,
        "Net Income Including Noncontrolling Interests": -17216000.0,
        "Net Income Continuous Operations": -17216000.0,
        "Tax Provision": -150000.0,
        "Pretax Income": -17366000.0,
        "Other Income Expense": -388000.0,
        "Special Income Charges": 0.0,
        "Other Special Charges": NaN,
        "Earnings From Equity Interest": NaN,
        "Gain On Sale Of Security": -388000.0,
        "Net Non Operating Interest Income Expense": 4148000.0,
        "Interest Expense Non Operating": 0.0,
        "Interest Income Non Operating": 4148000.0,
        "Operating Income": -21126000.0,
        "Operating Expense": 67102000.0,
        "Other Operating Expenses": -3883000.0,
        "Research And Development": 58669000.0,
        "Selling General And Administration": 12316000.0,
        "General And Administrative Expense": 12316000.0,
        "Other Gand A": 12316000.0,
        "Total Revenue": 45976000.0,
        "Operating Revenue": 45976000.0
    },
    "2024-09-30": {
        "Tax Effect Of Unusual Items": -6125.983146,
        "Tax Rate For Calcs": 0.030478,
        "Normalized EBITDA": -6007000.0,
        "Total Unusual Items": -201000.0,
        "Total Unusual Items Excluding Goodwill": -201000.0,
        "Net Income From Continuing Operation Net Minority Interest": -6903000.0,
        "Reconciled Depreciation": 912000.0,
        "EBITDA": -6208000.0,
        "EBIT": -7120000.0,
        "Net Interest Income": 3818000.0,
        "Interest Expense": 0.0,
        "Interest Income": 3818000.0,
        "Normalized Income": -6708125.983146,
        "Net Income From Continuing And Discontinued Operation": -6903000.0,
        "Total Expenses": 49552000.0,
        "Total Operating Income As Reported": -10737000.0,
        "Diluted Average Shares": 27062000.0,
        "Basic Average Shares": 27062000.0,
        "Diluted EPS": -0.26,
        "Basic EPS": -0.26,
        "Diluted NI Availto Com Stockholders": -6903000.0,
        "Net Income Common Stockholders": -6903000.0,
        "Net Income": -6903000.0,
        "Net Income Including Noncontrolling Interests": -6903000.0,
        "Net Income Continuous Operations": -6903000.0,
        "Tax Provision": -217000.0,
        "Pretax Income": -7120000.0,
        "Other Income Expense": -201000.0,
        "Special Income Charges": 0.0,
        "Other Special Charges": NaN,
        "Earnings From Equity Interest": NaN,
        "Gain On Sale Of Security": -201000.0,
        "Net Non Operating Interest Income Expense": 3818000.0,
        "Interest Expense Non Operating": 0.0,
        "Interest Income Non Operating": 3818000.0,
        "Operating Income": -10737000.0,
        "Operating Expense": 49552000.0,
        "Other Operating Expenses": -2858000.0,
        "Research And Development": 39134000.0,
        "Selling General And Administration": 13276000.0,
        "General And Administrative Expense": 13276000.0,
        "Other Gand A": 13276000.0,
        "Total Revenue": 38815000.0,
        "Operating Revenue": 38815000.0
    },
    "2024-12-31": {
        "Tax Effect Of Unusual Items": 22.793162,
        "Tax Rate For Calcs": 0.000133,
        "Normalized EBITDA": -29361000.0,
        "Total Unusual Items": 171000.0,
        "Total Unusual Items Excluding Goodwill": 171000.0,
        "Net Income From Continuing Operation Net Minority Interest": -30005000.0,
        "Reconciled Depreciation": 819000.0,
        "EBITDA": -29190000.0,
        "EBIT": -30009000.0,
        "Net Interest Income": 3214000.0,
        "Interest Expense": 0.0,
        "Interest Income": 3214000.0,
        "Normalized Income": -30175977.206838,
        "Net Income From Continuing And Discontinued Operation": -30005000.0,
        "Total Expenses": 54394000.0,
        "Total Operating Income As Reported": -33394000.0,
        "Diluted Average Shares": 27000000.0,
        "Basic Average Shares": 27000000.0,
        "Diluted EPS": -1.11,
        "Basic EPS": -1.11,
        "Diluted NI Availto Com Stockholders": -30005000.0,
        "Net Income Common Stockholders": -30005000.0,
        "Net Income": -30005000.0,
        "Net Income Including Noncontrolling Interests": -30005000.0,
        "Net Income Continuous Operations": -30005000.0,
        "Tax Provision": -4000.0,
        "Pretax Income": -30009000.0,
        "Other Income Expense": 171000.0,
        "Special Income Charges": 0.0,
        "Other Special Charges": NaN,
        "Earnings From Equity Interest": NaN,
        "Gain On Sale Of Security": 171000.0,
        "Net Non Operating Interest Income Expense": 3214000.0,
        "Interest Expense Non Operating": 0.0,
        "Interest Income Non Operating": 3214000.0,
        "Operating Income": -33394000.0,
        "Operating Expense": 54394000.0,
        "Other Operating Expenses": -1766000.0,
        "Research And Development": 43780000.0,
        "Selling General And Administration": 12380000.0,
        "General And Administrative Expense": 12380000.0,
        "Other Gand A": 12380000.0,
        "Total Revenue": 21000000.0,
        "Operating Revenue": 21000000.0
    },
    "2025-03-31": {
        "Tax Effect Of Unusual Items": 0.0,
        "Tax Rate For Calcs": 0.0,
        "Normalized EBITDA": -16004000.0,
        "Total Unusual Items": -21000.0,
        "Total Unusual Items Excluding Goodwill": -21000.0,
        "Net Income From Continuing Operation Net Minority Interest": -14076000.0,
        "Reconciled Depreciation": 801000.0,
        "EBITDA": -16025000.0,
        "EBIT": -16826000.0,
        "Net Interest Income": 2771000.0,
        "Interest Expense": NaN,
        "Interest Income": 2771000.0,
        "Normalized Income": -14055000.0,
        "Net Income From Continuing And Discontinued Operation": -14076000.0,
        "Total Expenses": 42303000.0,
        "Total Operating Income As Reported": -16826000.0,
        "Diluted Average Shares": 27107000.0,
        "Basic Average Shares": 27107000.0,
        "Diluted EPS": -0.52,
        "Basic EPS": -0.52,
        "Diluted NI Availto Com Stockholders": -14076000.0,
        "Net Income Common Stockholders": -14076000.0,
        "Net Income": -14076000.0,
        "Net Income Including Noncontrolling Interests": -14076000.0,
        "Net Income Continuous Operations": -14076000.0,
        "Tax Provision": 0.0,
        "Pretax Income": -14076000.0,
        "Other Income Expense": -21000.0,
        "Special Income Charges": NaN,
        "Other Special Charges": NaN,
        "Earnings From Equity Interest": NaN,
        "Gain On Sale Of Security": -21000.0,
        "Net Non Operating Interest Income Expense": 2771000.0,
        "Interest Expense Non Operating": NaN,
        "Interest Income Non Operating": 2771000.0,
        "Operating Income": -16826000.0,
        "Operating Expense": 42303000.0,
        "Other Operating Expenses": -3905000.0,
        "Research And Development": 34893000.0,
        "Selling General And Administration": 11315000.0,
        "General And Administrative Expense": 11315000.0,
        "Other Gand A": 11315000.0,
        "Total Revenue": 25477000.0,
        "Operating Revenue": 25477000.0
    },
    "2025-06-30": {
        "Tax Effect Of Unusual Items": -26670.0,
        "Tax Rate For Calcs": 0.21,
        "Normalized EBITDA": -10710000.0,
        "Total Unusual Items": -127000.0,
        "Total Unusual Items Excluding Goodwill": -127000.0,
        "Net Income From Continuing Operation Net Minority Interest": -9180000.0,
        "Reconciled Depreciation": 779000.0,
        "EBITDA": -10837000.0,
        "EBIT": -11616000.0,
        "Net Interest Income": 2567000.0,
        "Interest Expense": NaN,
        "Interest Income": 2567000.0,
        "Normalized Income": -9079670.0,
        "Net Income From Continuing And Discontinued Operation": -9180000.0,
        "Total Expenses": 36126000.0,
        "Total Operating Income As Reported": -11616000.0,
        "Diluted Average Shares": 27129000.0,
        "Basic Average Shares": 27129000.0,
        "Diluted EPS": -0.34,
        "Basic EPS": -0.34,
        "Diluted NI Availto Com Stockholders": -9180000.0,
        "Net Income Common Stockholders": -9180000.0,
        "Net Income": -9180000.0,
        "Net Income Including Noncontrolling Interests": -9180000.0,
        "Net Income Continuous Operations": -9180000.0,
        "Tax Provision": 4000.0,
        "Pretax Income": -9176000.0,
        "Other Income Expense": -127000.0,
        "Special Income Charges": NaN,
        "Other Special Charges": NaN,
        "Earnings From Equity Interest": NaN,
        "Gain On Sale Of Security": -127000.0,
        "Net Non Operating Interest Income Expense": 2567000.0,
        "Interest Expense Non Operating": NaN,
        "Interest Income Non Operating": 2567000.0,
        "Operating Income": -11616000.0,
        "Operating Expense": 36126000.0,
        "Other Operating Expenses": -3791000.0,
        "Research And Development": 29579000.0,
        "Selling General And Administration": 10338000.0,
        "General And Administrative Expense": 10338000.0,
        "Other Gand A": 10338000.0,
        "Total Revenue": 24510000.0,
        "Operating Revenue": 24510000.0
    }
}