{
    "2023-03-31": {
        "Tax Effect Of Unusual Items": NaN,
        "Tax Rate For Calcs": NaN,
        "Normalized EBITDA": NaN,
        "Net Income From Continuing Operation Net Minority Interest": NaN,
        "Reconciled Depreciation": NaN,
        "Reconciled Cost Of Revenue": NaN,
        "EBITDA": NaN,
        "EBIT": NaN,
        "Net Interest Income": NaN,
        "Interest Expense": NaN,
        "Normalized Income": NaN,
        "Net Income From Continuing And Discontinued Operation": NaN,
        "Total Expenses": NaN,
        "Total Operating Income As Reported": NaN,
        "Diluted Average Shares": 207023127.0,
        "Basic Average Shares": 207023127.0,
        "Diluted EPS": -0.13,
        "Basic EPS": -0.13,
        "Diluted NI Availto Com Stockholders": NaN,
        "Net Income Common Stockholders": NaN,
        "Net Income": NaN,
        "Net Income Including Noncontrolling Interests": NaN,
        "Net Income Continuous Operations": NaN,
        "Tax Provision": NaN,
        "Pretax Income": NaN,
        "Other Income Expense": NaN,
        "Other Non Operating Income Expenses": NaN,
        "Net Non Operating Interest Income Expense": NaN,
        "Interest Expense Non Operating": NaN,
        "Operating Income": NaN,
        "Operating Expense": NaN,
        "Research And Development": NaN,
        "Selling General And Administration": NaN,
        "Gross Profit": NaN,
        "Cost Of Revenue": NaN,
        "Total Revenue": NaN,
        "Operating Revenue": NaN
    },
    "2022-12-31": {
        "Tax Effect Of Unusual Items": NaN,
        "Tax Rate For Calcs": NaN,
        "Normalized EBITDA": NaN,
        "Net Income From Continuing Operation Net Minority Interest": NaN,
        "Reconciled Depreciation": NaN,
        "Reconciled Cost Of Revenue": NaN,
        "EBITDA": NaN,
        "EBIT": NaN,
        "Net Interest Income": NaN,
        "Interest Expense": NaN,
        "Normalized Income": NaN,
        "Net Income From Continuing And Discontinued Operation": NaN,
        "Total Expenses": NaN,
        "Total Operating Income As Reported": NaN,
        "Diluted Average Shares": 193840751.0,
        "Basic Average Shares": 192430121.0,
        "Diluted EPS": 0.06,
        "Basic EPS": 0.06,
        "Diluted NI Availto Com Stockholders": NaN,
        "Net Income Common Stockholders": NaN,
        "Net Income": NaN,
        "Net Income Including Noncontrolling Interests": NaN,
        "Net Income Continuous Operations": NaN,
        "Tax Provision": NaN,
        "Pretax Income": NaN,
        "Other Income Expense": NaN,
        "Other Non Operating Income Expenses": NaN,
        "Net Non Operating Interest Income Expense": NaN,
        "Interest Expense Non Operating": NaN,
        "Operating Income": NaN,
        "Operating Expense": NaN,
        "Research And Development": NaN,
        "Selling General And Administration": NaN,
        "General And Administrative Expense": 19731000.0,
        "Other Gand A": 19731000.0,
        "Gross Profit": NaN,
        "Cost Of Revenue": NaN,
        "Total Revenue": NaN,
        "Operating Revenue": NaN
    },
    "2022-09-30": {
        "Tax Effect Of Unusual Items": NaN,
        "Tax Rate For Calcs": NaN,
        "Normalized EBITDA": NaN,
        "Net Income From Continuing Operation Net Minority Interest": NaN,
        "Reconciled Depreciation": NaN,
        "Reconciled Cost Of Revenue": NaN,
        "EBITDA": NaN,
        "EBIT": NaN,
        "Net Interest Income": NaN,
        "Interest Expense": NaN,
        "Normalized Income": NaN,
        "Net Income From Continuing And Discontinued Operation": NaN,
        "Total Expenses": NaN,
        "Total Operating Income As Reported": NaN,
        "Diluted Average Shares": NaN,
        "Basic Average Shares": NaN,
        "Diluted EPS": NaN,
        "Basic EPS": NaN,
        "Diluted NI Availto Com Stockholders": NaN,
        "Net Income Common Stockholders": NaN,
        "Net Income": NaN,
        "Net Income Including Noncontrolling Interests": NaN,
        "Net Income Continuous Operations": NaN,
        "Tax Provision": NaN,
        "Pretax Income": NaN,
        "Other Income Expense": NaN,
        "Other Non Operating Income Expenses": NaN,
        "Net Non Operating Interest Income Expense": NaN,
        "Interest Expense Non Operating": NaN,
        "Operating Income": NaN,
        "Operating Expense": NaN,
        "Research And Development": NaN,
        "Selling General And Administration": NaN,
        "General And Administrative Expense": 18667000.0,
        "Other Gand A": 18667000.0,
        "Gross Profit": NaN,
        "Cost Of Revenue": NaN,
        "Total Revenue": NaN,
        "Operating Revenue": NaN
    },
    "2022-06-30": {
        "Tax Effect Of Unusual Items": 0.0,
        "Tax Rate For Calcs": 0.4,
        "Normalized EBITDA": -25970000.0,
        "Net Income From Continuing Operation Net Minority Interest": -26938000.0,
        "Reconciled Depreciation": 175000.0,
        "Reconciled Cost Of Revenue": 138000.0,
        "EBITDA": -25970000.0,
        "EBIT": -26145000.0,
        "Net Interest Income": -787000.0,
        "Interest Expense": 787000.0,
        "Normalized Income": -26938000.0,
        "Net Income From Continuing And Discontinued Operation": -26938000.0,
        "Total Expenses": 28741000.0,
        "Total Operating Income As Reported": -26215000.0,
        "Diluted Average Shares": 145544372.0,
        "Basic Average Shares": 145544372.0,
        "Diluted EPS": -0.19,
        "Basic EPS": -0.19,
        "Diluted NI Availto Com Stockholders": -26938000.0,
        "Net Income Common Stockholders": -26938000.0,
        "Net Income": -26938000.0,
        "Net Income Including Noncontrolling Interests": -26938000.0,
        "Net Income Continuous Operations": -26938000.0,
        "Tax Provision": 6000.0,
        "Pretax Income": -26932000.0,
        "Other Income Expense": 70000.0,
        "Other Non Operating Income Expenses": 70000.0,
        "Net Non Operating Interest Income Expense": -787000.0,
        "Interest Expense Non Operating": 787000.0,
        "Operating Income": -26215000.0,
        "Operating Expense": 28603000.0,
        "Research And Development": 9741000.0,
        "Selling General And Administration": 18862000.0,
        "General And Administrative Expense": 18862000.0,
        "Other Gand A": 18862000.0,
        "Gross Profit": 2388000.0,
        "Cost Of Revenue": 138000.0,
        "Total Revenue": 2526000.0,
        "Operating Revenue": 2526000.0
    },
    "2023-06-30": {
        "Tax Effect Of Unusual Items": NaN,
        "Tax Rate For Calcs": NaN,
        "Normalized EBITDA": NaN,
        "Net Income From Continuing Operation Net Minority Interest": NaN,
        "Reconciled Depreciation": NaN,
        "Reconciled Cost Of Revenue": NaN,
        "EBITDA": NaN,
        "EBIT": NaN,
        "Net Interest Income": NaN,
        "Interest Expense": NaN,
        "Normalized Income": NaN,
        "Net Income From Continuing And Discontinued Operation": NaN,
        "Total Expenses": NaN,
        "Total Operating Income As Reported": NaN,
        "Diluted Average Shares": 214951127.0,
        "Basic Average Shares": 214951127.0,
        "Diluted EPS": -0.08,
        "Basic EPS": -0.08,
        "Diluted NI Availto Com Stockholders": NaN,
        "Net Income Common Stockholders": NaN,
        "Net Income": NaN,
        "Net Income Including Noncontrolling Interests": NaN,
        "Net Income Continuous Operations": NaN,
        "Tax Provision": NaN,
        "Pretax Income": NaN,
        "Other Income Expense": NaN,
        "Other Non Operating Income Expenses": NaN,
        "Net Non Operating Interest Income Expense": NaN,
        "Interest Expense Non Operating": NaN,
        "Operating Income": NaN,
        "Operating Expense": NaN,
        "Research And Development": NaN,
        "Selling General And Administration": NaN,
        "Gross Profit": NaN,
        "Cost Of Revenue": NaN,
        "Total Revenue": NaN,
        "Operating Revenue": NaN
    },
    "2022-03-31": {
        "Diluted EPS": -0.21,
        "Total Revenue": 0,
        "Gross Profit": 0,
        "Operating Income": -28,
        "EBIT": -27,
        "Net Income": -28
    },
    "2021-12-31": {
        "Diluted EPS": -0.31,
        "Total Revenue": 1,
        "Gross Profit": 1,
        "Operating Income": -35,
        "EBIT": -35,
        "Net Income": -36
    },
    "2021-09-30": {
        "Diluted EPS": -0.42,
        "Total Revenue": 1,
        "Gross Profit": 1,
        "Operating Income": -42,
        "EBIT": -41,
        "Net Income": -44
    },
    "2021-06-30": {
        "Diluted EPS": -0.45,
        "Total Revenue": 1,
        "Gross Profit": 1,
        "Operating Income": -45,
        "EBIT": -44,
        "Net Income": -45
    },
    "2021-03-31": {
        "Diluted EPS": -0.34,
        "Total Revenue": 7,
        "Gross Profit": 6,
        "Operating Income": -32,
        "EBIT": -31,
        "Net Income": -33
    },
    "2020-12-31": {
        "Diluted EPS": -0.32,
        "Total Revenue": 2,
        "Gross Profit": 2,
        "Operating Income": -28,
        "EBIT": -27,
        "Net Income": -29
    },
    "2020-09-30": {
        "Diluted EPS": -0.2,
        "Total Revenue": 3,
        "Gross Profit": 3,
        "Operating Income": -17,
        "EBIT": -17,
        "Net Income": -18
    },
    "2020-06-30": {
        "Diluted EPS": -0.28,
        "Total Revenue": 2,
        "Gross Profit": 2,
        "Operating Income": -24,
        "EBIT": -24,
        "Net Income": -25
    },
    "2020-03-31": {
        "Diluted EPS": -0.25,
        "Total Revenue": 1,
        "Gross Profit": 1,
        "Operating Income": -22,
        "EBIT": -21,
        "Net Income": -22
    },
    "2019-12-31": {
        "Diluted EPS": -0.27,
        "Total Revenue": 2,
        "Gross Profit": 2,
        "Operating Income": -19,
        "EBIT": -18,
        "Net Income": -20
    },
    "2019-09-30": {
        "Diluted EPS": -0.37,
        "Total Revenue": 3,
        "Gross Profit": 2,
        "Operating Income": -22,
        "EBIT": -21,
        "Net Income": -24
    },
    "2019-06-30": {
        "Diluted EPS": -0.41,
        "Total Revenue": 0,
        "Gross Profit": 0,
        "Operating Income": -25,
        "EBIT": -24,
        "Net Income": -25
    },
    "2019-03-31": {
        "Diluted EPS": -0.42,
        "Total Revenue": NaN,
        "Gross Profit": NaN,
        "Operating Income": -25,
        "EBIT": -25,
        "Net Income": -26
    },
    "2018-12-31": {
        "Diluted EPS": -0.45,
        "Total Revenue": 0,
        "Gross Profit": 0,
        "Operating Income": -27,
        "EBIT": -27,
        "Net Income": -28
    },
    "2018-09-30": {
        "Diluted EPS": -0.39,
        "Total Revenue": 0,
        "Gross Profit": 0,
        "Operating Income": -24,
        "EBIT": -23,
        "Net Income": -24
    },
    "2018-06-30": {
        "Diluted EPS": -0.42,
        "Total Revenue": 0,
        "Gross Profit": 0,
        "Operating Income": -22,
        "EBIT": -22,
        "Net Income": -22
    },
    "2018-03-31": {
        "Diluted EPS": -0.36,
        "Total Revenue": 2,
        "Gross Profit": 2,
        "Operating Income": -18,
        "EBIT": -17,
        "Net Income": -17
    },
    "2017-12-31": {
        "Diluted EPS": 0.21,
        "Total Revenue": NaN,
        "Gross Profit": NaN,
        "Operating Income": -31,
        "EBIT": -30,
        "Net Income": 10
    },
    "2017-09-30": {
        "Diluted EPS": -0.44,
        "Total Revenue": NaN,
        "Gross Profit": NaN,
        "Operating Income": -21,
        "EBIT": -20,
        "Net Income": -21
    },
    "2017-06-30": {
        "Diluted EPS": -0.54,
        "Total Revenue": NaN,
        "Gross Profit": NaN,
        "Operating Income": -26,
        "EBIT": -25,
        "Net Income": -26
    },
    "2017-03-31": {
        "Diluted EPS": -0.59,
        "Total Revenue": NaN,
        "Gross Profit": NaN,
        "Operating Income": -28,
        "EBIT": -28,
        "Net Income": -28
    },
    "2016-12-31": {
        "Diluted EPS": -0.62,
        "Total Revenue": NaN,
        "Gross Profit": NaN,
        "Operating Income": -31,
        "EBIT": -31,
        "Net Income": -31
    },
    "2016-09-30": {
        "Diluted EPS": -0.65,
        "Total Revenue": NaN,
        "Gross Profit": NaN,
        "Operating Income": -29,
        "EBIT": -29,
        "Net Income": -29
    },
    "2016-06-30": {
        "Diluted EPS": -0.83,
        "Total Revenue": NaN,
        "Gross Profit": NaN,
        "Operating Income": -29,
        "EBIT": -28,
        "Net Income": -29
    },
    "2016-03-31": {
        "Diluted EPS": -0.7,
        "Total Revenue": NaN,
        "Gross Profit": NaN,
        "Operating Income": -24,
        "EBIT": -23,
        "Net Income": -23
    },
    "2015-12-31": {
        "Diluted EPS": -0.82,
        "Total Revenue": 0,
        "Gross Profit": 0,
        "Operating Income": -17,
        "EBIT": -16,
        "Net Income": -17
    },
    "2015-09-30": {
        "Diluted EPS": -0.7,
        "Total Revenue": NaN,
        "Gross Profit": NaN,
        "Operating Income": -18,
        "EBIT": -18,
        "Net Income": -18
    },
    "2015-06-30": {
        "Diluted EPS": 0.42,
        "Total Revenue": 18,
        "Gross Profit": 18,
        "Operating Income": 9,
        "EBIT": 9,
        "Net Income": 9
    },
    "2015-03-31": {
        "Diluted EPS": -0.19,
        "Total Revenue": 6,
        "Gross Profit": 6,
        "Operating Income": -3,
        "EBIT": -3,
        "Net Income": -4
    },
    "2014-12-31": {
        "Diluted EPS": 1.95,
        "Total Revenue": 6,
        "Gross Profit": 6,
        "Operating Income": -4,
        "EBIT": -4,
        "Net Income": -1
    },
    "2014-09-30": {
        "Diluted EPS": 0.0,
        "Total Revenue": 8,
        "Gross Profit": 8,
        "Operating Income": 0,
        "EBIT": 0,
        "Net Income": 0
    },
    "2014-06-30": {
        "Diluted EPS": 0.18,
        "Total Revenue": 9,
        "Gross Profit": 9,
        "Operating Income": 3,
        "EBIT": 3,
        "Net Income": 1
    },
    "2014-03-31": {
        "Diluted EPS": -2.44,
        "Total Revenue": 9,
        "Gross Profit": 9,
        "Operating Income": 0,
        "EBIT": 0,
        "Net Income": -3
    },
    "2013-12-31": {
        "Diluted EPS": -3.53,
        "Total Revenue": 8,
        "Gross Profit": 8,
        "Operating Income": -1,
        "EBIT": -1,
        "Net Income": -4
    },
    "2013-09-30": {
        "Diluted EPS": -0.81,
        "Total Revenue": 7,
        "Gross Profit": 7,
        "Operating Income": -1,
        "EBIT": -1,
        "Net Income": -1
    },
    "2013-06-30": {
        "Diluted EPS": -0.81,
        "Total Revenue": 7,
        "Gross Profit": 7,
        "Operating Income": -1,
        "EBIT": -1,
        "Net Income": -1
    },
    "2013-03-31": {
        "Diluted EPS": -0.45,
        "Total Revenue": 7,
        "Gross Profit": 7,
        "Operating Income": 0,
        "EBIT": 0,
        "Net Income": 0
    },
    "2012-12-31": {
        "Diluted EPS": 0.0,
        "Total Revenue": NaN,
        "Gross Profit": NaN,
        "Operating Income": NaN,
        "EBIT": NaN,
        "Net Income": NaN
    },
    "2023-09-30": {
        "Tax Effect Of Unusual Items": NaN,
        "Tax Rate For Calcs": NaN,
        "Normalized EBITDA": NaN,
        "Net Income From Continuing Operation Net Minority Interest": NaN,
        "Reconciled Depreciation": NaN,
        "Reconciled Cost Of Revenue": NaN,
        "EBITDA": NaN,
        "EBIT": NaN,
        "Net Interest Income": NaN,
        "Interest Expense": NaN,
        "Normalized Income": NaN,
        "Net Income From Continuing And Discontinued Operation": NaN,
        "Total Expenses": NaN,
        "Total Operating Income As Reported": NaN,
        "Diluted Average Shares": 227894335.0,
        "Basic Average Shares": 222782229.0,
        "Diluted EPS": 0.03,
        "Basic EPS": 0.03,
        "Diluted NI Availto Com Stockholders": NaN,
        "Net Income Common Stockholders": NaN,
        "Net Income": NaN,
        "Net Income Including Noncontrolling Interests": NaN,
        "Net Income Continuous Operations": NaN,
        "Tax Provision": NaN,
        "Pretax Income": NaN,
        "Other Income Expense": NaN,
        "Other Non Operating Income Expenses": NaN,
        "Net Non Operating Interest Income Expense": NaN,
        "Interest Expense Non Operating": NaN,
        "Operating Income": NaN,
        "Operating Expense": NaN,
        "Research And Development": NaN,
        "Selling General And Administration": NaN,
        "Gross Profit": NaN,
        "Cost Of Revenue": NaN,
        "Total Revenue": NaN,
        "Operating Revenue": NaN
    },
    "2023-12-31": {
        "Tax Effect Of Unusual Items": 0.0,
        "Tax Rate For Calcs": 0.21,
        "Normalized EBITDA": -25302000.0,
        "Net Income From Continuing Operation Net Minority Interest": -28802000.0,
        "Reconciled Depreciation": 362000.0,
        "Reconciled Cost Of Revenue": 5077000.0,
        "EBITDA": -25302000.0,
        "EBIT": -25664000.0,
        "Net Interest Income": -2805000.0,
        "Interest Expense": 2805000.0,
        "Normalized Income": -28802000.0,
        "Net Income From Continuing And Discontinued Operation": -28802000.0,
        "Total Expenses": 62349000.0,
        "Total Operating Income As Reported": -27986000.0,
        "Diluted Average Shares": NaN,
        "Basic Average Shares": NaN,
        "Diluted EPS": NaN,
        "Basic EPS": NaN,
        "Diluted NI Availto Com Stockholders": -28802000.0,
        "Net Income Common Stockholders": -28802000.0,
        "Net Income": -28802000.0,
        "Net Income Including Noncontrolling Interests": -28802000.0,
        "Net Income Continuous Operations": -28802000.0,
        "Tax Provision": 333000.0,
        "Pretax Income": -28469000.0,
        "Other Income Expense": 2322000.0,
        "Other Non Operating Income Expenses": 2322000.0,
        "Net Non Operating Interest Income Expense": -2805000.0,
        "Interest Expense Non Operating": 2805000.0,
        "Operating Income": -27986000.0,
        "Operating Expense": 57272000.0,
        "Research And Development": 9524000.0,
        "Selling General And Administration": 47748000.0,
        "Gross Profit": 29286000.0,
        "Cost Of Revenue": 5077000.0,
        "Total Revenue": 34363000.0,
        "Operating Revenue": 34363000.0
    },
    "2024-03-31": {
        "Tax Effect Of Unusual Items": 0.0,
        "Tax Rate For Calcs": 0.21,
        "Normalized EBITDA": -21904000.0,
        "Net Income From Continuing Operation Net Minority Interest": -26518000.0,
        "Reconciled Depreciation": 435000.0,
        "Reconciled Cost Of Revenue": 7128000.0,
        "EBITDA": -21904000.0,
        "EBIT": -22339000.0,
        "Net Interest Income": -4058000.0,
        "Interest Expense": 4058000.0,
        "Normalized Income": -26518000.0,
        "Net Income From Continuing And Discontinued Operation": -26518000.0,
        "Total Expenses": 70701000.0,
        "Total Operating Income As Reported": -24678000.0,
        "Diluted Average Shares": 233065960.0,
        "Basic Average Shares": 233065960.0,
        "Diluted EPS": -0.11,
        "Basic EPS": -0.11,
        "Diluted NI Availto Com Stockholders": -26518000.0,
        "Net Income Common Stockholders": -26518000.0,
        "Net Income": -26518000.0,
        "Net Income Including Noncontrolling Interests": -26518000.0,
        "Net Income Continuous Operations": -26518000.0,
        "Tax Provision": 121000.0,
        "Pretax Income": -26397000.0,
        "Other Income Expense": 2339000.0,
        "Other Non Operating Income Expenses": 2339000.0,
        "Net Non Operating Interest Income Expense": -4058000.0,
        "Interest Expense Non Operating": 4058000.0,
        "Operating Income": -24678000.0,
        "Operating Expense": 63573000.0,
        "Research And Development": 10579000.0,
        "Selling General And Administration": 52994000.0,
        "Gross Profit": 38895000.0,
        "Cost Of Revenue": 7128000.0,
        "Total Revenue": 46023000.0,
        "Operating Revenue": 46023000.0
    },
    "2024-06-30": {
        "Tax Effect Of Unusual Items": 0.0,
        "Tax Rate For Calcs": 0.21,
        "Normalized EBITDA": -10916000.0,
        "Net Income From Continuing Operation Net Minority Interest": -16454000.0,
        "Reconciled Depreciation": 569000.0,
        "Reconciled Cost Of Revenue": 9436000.0,
        "EBITDA": -10916000.0,
        "EBIT": -11485000.0,
        "Net Interest Income": -4902000.0,
        "Interest Expense": 4902000.0,
        "Normalized Income": -16454000.0,
        "Net Income From Continuing And Discontinued Operation": -16454000.0,
        "Total Expenses": 86852000.0,
        "Total Operating Income As Reported": -13630000.0,
        "Diluted Average Shares": 234571192.0,
        "Basic Average Shares": 234571192.0,
        "Diluted EPS": -0.07,
        "Basic EPS": -0.07,
        "Diluted NI Availto Com Stockholders": -16454000.0,
        "Net Income Common Stockholders": -16454000.0,
        "Net Income": -16454000.0,
        "Net Income Including Noncontrolling Interests": -16454000.0,
        "Net Income Continuous Operations": -16454000.0,
        "Tax Provision": 67000.0,
        "Pretax Income": -16387000.0,
        "Other Income Expense": 2145000.0,
        "Other Non Operating Income Expenses": 2145000.0,
        "Net Non Operating Interest Income Expense": -4902000.0,
        "Interest Expense Non Operating": 4902000.0,
        "Operating Income": -13630000.0,
        "Operating Expense": 77416000.0,
        "Research And Development": 12762000.0,
        "Selling General And Administration": 64654000.0,
        "Gross Profit": 63786000.0,
        "Cost Of Revenue": 9436000.0,
        "Total Revenue": 73222000.0,
        "Operating Revenue": 73222000.0
    },
    "2024-09-30": {
        "Tax Effect Of Unusual Items": 0.0,
        "Tax Rate For Calcs": 0.21,
        "Normalized EBITDA": 5059000.0,
        "Net Income From Continuing Operation Net Minority Interest": -809000.0,
        "Reconciled Depreciation": 544000.0,
        "Reconciled Cost Of Revenue": 15728000.0,
        "EBITDA": 5059000.0,
        "EBIT": 4515000.0,
        "Net Interest Income": -5281000.0,
        "Interest Expense": 5281000.0,
        "Normalized Income": -809000.0,
        "Net Income From Continuing And Discontinued Operation": -809000.0,
        "Total Expenses": 96008000.0,
        "Total Operating Income As Reported": 2233000.0,
        "Diluted Average Shares": 235911399.0,
        "Basic Average Shares": 235911399.0,
        "Diluted EPS": -0.003429,
        "Basic EPS": -0.003429,
        "Diluted NI Availto Com Stockholders": -809000.0,
        "Net Income Common Stockholders": -809000.0,
        "Net Income": -809000.0,
        "Net Income Including Noncontrolling Interests": -809000.0,
        "Net Income Continuous Operations": -809000.0,
        "Tax Provision": 43000.0,
        "Pretax Income": -766000.0,
        "Other Income Expense": 2282000.0,
        "Other Non Operating Income Expenses": 2282000.0,
        "Net Non Operating Interest Income Expense": -5281000.0,
        "Interest Expense Non Operating": 5281000.0,
        "Operating Income": 2233000.0,
        "Operating Expense": 80280000.0,
        "Research And Development": 15310000.0,
        "Selling General And Administration": 64970000.0,
        "Gross Profit": 82513000.0,
        "Cost Of Revenue": 15728000.0,
        "Total Revenue": 98241000.0,
        "Operating Revenue": 98241000.0
    },
    "2024-12-31": {
        "Tax Effect Of Unusual Items": 0.0,
        "Tax Rate For Calcs": 0.007479,
        "Normalized EBITDA": 11048000.0,
        "Net Income From Continuing Operation Net Minority Interest": 4645000.0,
        "Reconciled Depreciation": 515000.0,
        "Reconciled Cost Of Revenue": 18264000.0,
        "EBITDA": 11048000.0,
        "EBIT": 10533000.0,
        "Net Interest Income": -5853000.0,
        "Interest Expense": 5853000.0,
        "Normalized Income": 4645000.0,
        "Net Income From Continuing And Discontinued Operation": 4645000.0,
        "Total Expenses": 108004000.0,
        "Total Operating Income As Reported": 8125000.0,
        "Diluted Average Shares": 244050606.0,
        "Basic Average Shares": 237370654.0,
        "Diluted EPS": 0.02,
        "Basic EPS": 0.02,
        "Diluted NI Availto Com Stockholders": 4645000.0,
        "Net Income Common Stockholders": 4645000.0,
        "Net Income": 4645000.0,
        "Net Income Including Noncontrolling Interests": 4645000.0,
        "Net Income Continuous Operations": 4645000.0,
        "Tax Provision": 35000.0,
        "Pretax Income": 4680000.0,
        "Other Income Expense": 2408000.0,
        "Other Non Operating Income Expenses": 2408000.0,
        "Net Non Operating Interest Income Expense": -5853000.0,
        "Interest Expense Non Operating": 5853000.0,
        "Operating Income": 8125000.0,
        "Operating Expense": 89740000.0,
        "Research And Development": 13666000.0,
        "Selling General And Administration": 76074000.0,
        "Gross Profit": 97865000.0,
        "Cost Of Revenue": 18264000.0,
        "Total Revenue": 116129000.0,
        "Operating Revenue": 116129000.0
    },
    "2025-03-31": {
        "Tax Effect Of Unusual Items": 0.0,
        "Tax Rate For Calcs": 0.21,
        "Normalized EBITDA": -33421000.0,
        "Net Income From Continuing Operation Net Minority Interest": -41144000.0,
        "Reconciled Depreciation": 602000.0,
        "Reconciled Cost Of Revenue": 12303000.0,
        "EBITDA": -33421000.0,
        "EBIT": -34023000.0,
        "Net Interest Income": -6262000.0,
        "Interest Expense": 6262000.0,
        "Normalized Income": -41144000.0,
        "Net Income From Continuing And Discontinued Operation": -41144000.0,
        "Total Expenses": 110463000.0,
        "Total Operating Income As Reported": -36349000.0,
        "Diluted Average Shares": 238624145.0,
        "Basic Average Shares": 238624145.0,
        "Diluted EPS": -0.17,
        "Basic EPS": -0.17,
        "Diluted NI Availto Com Stockholders": -41144000.0,
        "Net Income Common Stockholders": -41144000.0,
        "Net Income": -41144000.0,
        "Net Income Including Noncontrolling Interests": -41144000.0,
        "Net Income Continuous Operations": -41144000.0,
        "Tax Provision": 859000.0,
        "Pretax Income": -40285000.0,
        "Other Income Expense": 2326000.0,
        "Other Non Operating Income Expenses": 2326000.0,
        "Net Non Operating Interest Income Expense": -6262000.0,
        "Interest Expense Non Operating": 6262000.0,
        "Operating Income": -36349000.0,
        "Operating Expense": 98160000.0,
        "Research And Development": 14938000.0,
        "Selling General And Administration": 83222000.0,
        "Gross Profit": 61811000.0,
        "Cost Of Revenue": 12303000.0,
        "Total Revenue": 74114000.0,
        "Operating Revenue": 74114000.0
    },
    "2025-06-30": {
        "Tax Effect Of Unusual Items": 0.0,
        "Tax Rate For Calcs": 0.21,
        "Normalized EBITDA": -11872000.0,
        "Net Income From Continuing Operation Net Minority Interest": -19079000.0,
        "Reconciled Depreciation": 631000.0,
        "Reconciled Cost Of Revenue": 12403000.0,
        "EBITDA": -11872000.0,
        "EBIT": -12503000.0,
        "Net Interest Income": -6575000.0,
        "Interest Expense": 6575000.0,
        "Normalized Income": -19079000.0,
        "Net Income From Continuing And Discontinued Operation": -19079000.0,
        "Total Expenses": 112057000.0,
        "Total Operating Income As Reported": -14395000.0,
        "Diluted Average Shares": 239928570.0,
        "Basic Average Shares": 239928570.0,
        "Diluted EPS": -0.08,
        "Basic EPS": -0.08,
        "Diluted NI Availto Com Stockholders": -19079000.0,
        "Net Income Common Stockholders": -19079000.0,
        "Net Income": -19079000.0,
        "Net Income Including Noncontrolling Interests": -19079000.0,
        "Net Income Continuous Operations": -19079000.0,
        "Tax Provision": 1000.0,
        "Pretax Income": -19078000.0,
        "Other Income Expense": 1892000.0,
        "Other Non Operating Income Expenses": 1892000.0,
        "Net Non Operating Interest Income Expense": -6575000.0,
        "Interest Expense Non Operating": 6575000.0,
        "Operating Income": -14395000.0,
        "Operating Expense": 99654000.0,
        "Research And Development": 15666000.0,
        "Selling General And Administration": 83988000.0,
        "Gross Profit": 85259000.0,
        "Cost Of Revenue": 12403000.0,
        "Total Revenue": 97662000.0,
        "Operating Revenue": 97662000.0
    }
}