{
    "2023-03-31": {
        "Tax Effect Of Unusual Items": NaN,
        "Tax Rate For Calcs": NaN,
        "Normalized EBITDA": NaN,
        "Total Unusual Items": NaN,
        "Total Unusual Items Excluding Goodwill": NaN,
        "Net Income From Continuing Operation Net Minority Interest": NaN,
        "Reconciled Depreciation": NaN,
        "Reconciled Cost Of Revenue": NaN,
        "EBITDA": NaN,
        "EBIT": NaN,
        "Net Interest Income": NaN,
        "Interest Expense": NaN,
        "Interest Income": NaN,
        "Normalized Income": NaN,
        "Net Income From Continuing And Discontinued Operation": NaN,
        "Total Expenses": NaN,
        "Total Operating Income As Reported": NaN,
        "Diluted Average Shares": NaN,
        "Basic Average Shares": NaN,
        "Diluted EPS": NaN,
        "Basic EPS": NaN,
        "Diluted NI Availto Com Stockholders": NaN,
        "Net Income Common Stockholders": NaN,
        "Net Income": NaN,
        "Minority Interests": NaN,
        "Net Income Including Noncontrolling Interests": NaN,
        "Net Income Continuous Operations": NaN,
        "Pretax Income": NaN,
        "Other Income Expense": NaN,
        "Other Non Operating Income Expenses": NaN,
        "Special Income Charges": NaN,
        "Gain On Sale Of Ppe": NaN,
        "Earnings From Equity Interest": NaN,
        "Net Non Operating Interest Income Expense": NaN,
        "Interest Expense Non Operating": NaN,
        "Interest Income Non Operating": NaN,
        "Operating Income": NaN,
        "Operating Expense": NaN,
        "Other Operating Expenses": NaN,
        "Depreciation Amortization Depletion Income Statement": NaN,
        "Depreciation And Amortization In Income Statement": NaN,
        "Amortization": NaN,
        "Amortization Of Intangibles Income Statement": NaN,
        "Depreciation Income Statement": NaN,
        "Research And Development": 5633908.0,
        "Selling General And Administration": NaN,
        "General And Administrative Expense": NaN,
        "Other Gand A": NaN,
        "Gross Profit": NaN,
        "Cost Of Revenue": NaN,
        "Total Revenue": NaN,
        "Operating Revenue": NaN
    },
    "2022-12-31": {
        "Tax Effect Of Unusual Items": NaN,
        "Tax Rate For Calcs": NaN,
        "Normalized EBITDA": NaN,
        "Total Unusual Items": NaN,
        "Total Unusual Items Excluding Goodwill": NaN,
        "Net Income From Continuing Operation Net Minority Interest": NaN,
        "Reconciled Depreciation": NaN,
        "Reconciled Cost Of Revenue": NaN,
        "EBITDA": NaN,
        "EBIT": NaN,
        "Net Interest Income": NaN,
        "Interest Expense": NaN,
        "Interest Income": NaN,
        "Normalized Income": NaN,
        "Net Income From Continuing And Discontinued Operation": NaN,
        "Total Expenses": NaN,
        "Total Operating Income As Reported": NaN,
        "Diluted Average Shares": NaN,
        "Basic Average Shares": NaN,
        "Diluted EPS": NaN,
        "Basic EPS": NaN,
        "Diluted NI Availto Com Stockholders": NaN,
        "Net Income Common Stockholders": NaN,
        "Net Income": NaN,
        "Minority Interests": NaN,
        "Net Income Including Noncontrolling Interests": NaN,
        "Net Income Continuous Operations": NaN,
        "Pretax Income": NaN,
        "Other Income Expense": NaN,
        "Other Non Operating Income Expenses": NaN,
        "Special Income Charges": NaN,
        "Gain On Sale Of Ppe": NaN,
        "Other Special Charges": -69000.0,
        "Earnings From Equity Interest": NaN,
        "Gain On Sale Of Security": 14428.0,
        "Net Non Operating Interest Income Expense": NaN,
        "Interest Expense Non Operating": NaN,
        "Interest Income Non Operating": NaN,
        "Operating Income": NaN,
        "Operating Expense": NaN,
        "Other Operating Expenses": NaN,
        "Depreciation Amortization Depletion Income Statement": NaN,
        "Depreciation And Amortization In Income Statement": NaN,
        "Amortization": NaN,
        "Amortization Of Intangibles Income Statement": NaN,
        "Depreciation Income Statement": NaN,
        "Research And Development": NaN,
        "Selling General And Administration": NaN,
        "General And Administrative Expense": NaN,
        "Other Gand A": NaN,
        "Gross Profit": NaN,
        "Cost Of Revenue": NaN,
        "Total Revenue": NaN,
        "Operating Revenue": NaN
    },
    "2022-09-30": {
        "Tax Effect Of Unusual Items": NaN,
        "Tax Rate For Calcs": NaN,
        "Normalized EBITDA": NaN,
        "Total Unusual Items": NaN,
        "Total Unusual Items Excluding Goodwill": NaN,
        "Net Income From Continuing Operation Net Minority Interest": NaN,
        "Reconciled Depreciation": NaN,
        "Reconciled Cost Of Revenue": NaN,
        "EBITDA": NaN,
        "EBIT": NaN,
        "Net Interest Income": NaN,
        "Interest Expense": NaN,
        "Interest Income": NaN,
        "Normalized Income": NaN,
        "Net Income From Continuing And Discontinued Operation": NaN,
        "Total Expenses": NaN,
        "Total Operating Income As Reported": NaN,
        "Diluted Average Shares": 66377788.0,
        "Basic Average Shares": 66377788.0,
        "Diluted EPS": -0.08,
        "Basic EPS": -0.08,
        "Diluted NI Availto Com Stockholders": NaN,
        "Net Income Common Stockholders": NaN,
        "Net Income": NaN,
        "Minority Interests": 42939.0,
        "Net Income Including Noncontrolling Interests": NaN,
        "Net Income Continuous Operations": NaN,
        "Pretax Income": NaN,
        "Other Income Expense": NaN,
        "Other Non Operating Income Expenses": NaN,
        "Special Income Charges": NaN,
        "Gain On Sale Of Ppe": NaN,
        "Other Special Charges": 362377.0,
        "Gain On Sale Of Security": -1960.0,
        "Net Non Operating Interest Income Expense": NaN,
        "Interest Expense Non Operating": NaN,
        "Interest Income Non Operating": NaN,
        "Operating Income": NaN,
        "Operating Expense": NaN,
        "Other Operating Expenses": NaN,
        "Depreciation Amortization Depletion Income Statement": NaN,
        "Depreciation And Amortization In Income Statement": NaN,
        "Amortization": NaN,
        "Amortization Of Intangibles Income Statement": NaN,
        "Depreciation Income Statement": NaN,
        "Research And Development": NaN,
        "Selling General And Administration": NaN,
        "General And Administrative Expense": NaN,
        "Other Gand A": NaN,
        "Gross Profit": NaN,
        "Cost Of Revenue": NaN,
        "Total Revenue": NaN,
        "Operating Revenue": NaN
    },
    "2022-06-30": {
        "Tax Effect Of Unusual Items": 0.0,
        "Tax Rate For Calcs": 0.0,
        "Normalized EBITDA": -3111414.0,
        "Total Unusual Items": 1884246.0,
        "Total Unusual Items Excluding Goodwill": 1884246.0,
        "Net Income From Continuing Operation Net Minority Interest": -2431168.0,
        "Reconciled Depreciation": 927005.0,
        "Reconciled Cost Of Revenue": 6370162.0,
        "EBITDA": -1227168.0,
        "EBIT": -2169194.0,
        "Net Interest Income": -271358.0,
        "Interest Expense": 274640.0,
        "Interest Income": 3282.0,
        "Normalized Income": -4315414.0,
        "Net Income From Continuing And Discontinued Operation": -2431168.0,
        "Total Expenses": 20331926.0,
        "Total Operating Income As Reported": -4132722.0,
        "Diluted Average Shares": 66377788.0,
        "Basic Average Shares": 66377788.0,
        "Diluted EPS": -0.04,
        "Basic EPS": -0.04,
        "Diluted NI Availto Com Stockholders": -2431168.0,
        "Net Income Common Stockholders": -2431168.0,
        "Net Income": -2431168.0,
        "Minority Interests": 12666.0,
        "Net Income Including Noncontrolling Interests": -2443834.0,
        "Net Income Continuous Operations": -2443834.0,
        "Pretax Income": -2443834.0,
        "Other Income Expense": 1960246.0,
        "Other Non Operating Income Expenses": 76000.0,
        "Special Income Charges": 1891848.0,
        "Gain On Sale Of Ppe": NaN,
        "Other Special Charges": -1891848.0,
        "Gain On Sale Of Security": -7602.0,
        "Net Non Operating Interest Income Expense": -271358.0,
        "Interest Expense Non Operating": 274640.0,
        "Interest Income Non Operating": 3282.0,
        "Operating Income": -4132722.0,
        "Operating Expense": 13976785.0,
        "Other Operating Expenses": 363820.0,
        "Depreciation Amortization Depletion Income Statement": 942026.0,
        "Depreciation And Amortization In Income Statement": 942026.0,
        "Amortization": 311685.0,
        "Amortization Of Intangibles Income Statement": 311685.0,
        "Depreciation Income Statement": 630341.0,
        "Research And Development": NaN,
        "Selling General And Administration": 12670939.0,
        "General And Administrative Expense": 12670939.0,
        "Other Gand A": 12670939.0,
        "Gross Profit": 9844063.0,
        "Cost Of Revenue": 6355141.0,
        "Total Revenue": 16199204.0,
        "Operating Revenue": 16199204.0
    },
    "2022-03-31": {
        "Diluted EPS": -0.04,
        "Total Revenue": 9,
        "Gross Profit": 6,
        "Operating Income": -4,
        "EBIT": -3,
        "Net Income": -3
    },
    "2021-12-31": {
        "Diluted EPS": -0.17,
        "Total Revenue": 5,
        "Gross Profit": 2,
        "Operating Income": -9,
        "EBIT": -12,
        "Net Income": -11
    },
    "2021-09-30": {
        "Diluted EPS": -0.15,
        "Total Revenue": 3,
        "Gross Profit": 0,
        "Operating Income": -8,
        "EBIT": -6,
        "Net Income": -9
    },
    "2021-06-30": {
        "Diluted EPS": -0.13,
        "Total Revenue": 0,
        "Gross Profit": -1,
        "Operating Income": -6,
        "EBIT": -2,
        "Net Income": -7
    },
    "2021-03-31": {
        "Diluted EPS": -0.14,
        "Total Revenue": 0,
        "Gross Profit": -1,
        "Operating Income": -6,
        "EBIT": -5,
        "Net Income": -6
    },
    "2020-12-31": {
        "Diluted EPS": -0.28,
        "Total Revenue": 0,
        "Gross Profit": -1,
        "Operating Income": -7,
        "EBIT": -7,
        "Net Income": -8
    },
    "2020-09-30": {
        "Diluted EPS": 0.0,
        "Total Revenue": 0,
        "Gross Profit": 0,
        "Operating Income": -2,
        "EBIT": -1,
        "Net Income": 0
    },
    "2020-06-30": {
        "Diluted EPS": 0.05,
        "Total Revenue": 0,
        "Gross Profit": 0,
        "Operating Income": -3,
        "EBIT": -2,
        "Net Income": 1
    },
    "2020-03-31": {
        "Diluted EPS": -0.12,
        "Total Revenue": 1,
        "Gross Profit": -1,
        "Operating Income": -4,
        "EBIT": -3,
        "Net Income": -3
    },
    "2019-12-31": {
        "Diluted EPS": -1.78,
        "Total Revenue": 6,
        "Gross Profit": -5,
        "Operating Income": -40,
        "EBIT": -38,
        "Net Income": -45
    },
    "2019-09-30": {
        "Diluted EPS": -0.3,
        "Total Revenue": 2,
        "Gross Profit": -1,
        "Operating Income": -7,
        "EBIT": -5,
        "Net Income": -7
    },
    "2019-06-30": {
        "Diluted EPS": -0.38,
        "Total Revenue": 9,
        "Gross Profit": 4,
        "Operating Income": -3,
        "EBIT": 6,
        "Net Income": -9
    },
    "2019-03-31": {
        "Diluted EPS": -0.48,
        "Total Revenue": 7,
        "Gross Profit": 0,
        "Operating Income": -10,
        "EBIT": -8,
        "Net Income": -10
    },
    "2018-12-31": {
        "Diluted EPS": 4.66,
        "Total Revenue": 8,
        "Gross Profit": 0,
        "Operating Income": -3,
        "EBIT": -2,
        "Net Income": -5
    },
    "2018-09-30": {
        "Diluted EPS": -3.44,
        "Total Revenue": 9,
        "Gross Profit": 2,
        "Operating Income": -4,
        "EBIT": -3,
        "Net Income": -4
    },
    "2018-06-30": {
        "Diluted EPS": -1.95,
        "Total Revenue": 7,
        "Gross Profit": 2,
        "Operating Income": -2,
        "EBIT": -1,
        "Net Income": -2
    },
    "2018-03-31": {
        "Diluted EPS": -2.96,
        "Total Revenue": 7,
        "Gross Profit": 2,
        "Operating Income": -2,
        "EBIT": -2,
        "Net Income": -3
    },
    "2017-12-31": {
        "Diluted EPS": -6.05,
        "Total Revenue": 5,
        "Gross Profit": 1,
        "Operating Income": -4,
        "EBIT": -3,
        "Net Income": -4
    },
    "2017-09-30": {
        "Diluted EPS": -2.03,
        "Total Revenue": 4,
        "Gross Profit": 2,
        "Operating Income": -2,
        "EBIT": -1,
        "Net Income": -2
    },
    "2017-06-30": {
        "Diluted EPS": -4.71,
        "Total Revenue": 4,
        "Gross Profit": 0,
        "Operating Income": -4,
        "EBIT": -3,
        "Net Income": -4
    },
    "2017-03-31": {
        "Diluted EPS": -3.6,
        "Total Revenue": 7,
        "Gross Profit": 2,
        "Operating Income": -3,
        "EBIT": -3,
        "Net Income": -3
    },
    "2016-12-31": {
        "Diluted EPS": 0.0,
        "Total Revenue": 0,
        "Gross Profit": 0,
        "Operating Income": 0,
        "EBIT": -2,
        "Net Income": 0
    },
    "2016-09-30": {
        "Diluted EPS": 0.0,
        "Total Revenue": 1,
        "Gross Profit": -2,
        "Operating Income": -4,
        "EBIT": -3,
        "Net Income": -4
    },
    "2016-06-30": {
        "Diluted EPS": 0.0,
        "Total Revenue": 0,
        "Gross Profit": -1,
        "Operating Income": -9,
        "EBIT": -8,
        "Net Income": -9
    },
    "2016-03-31": {
        "Diluted EPS": 0.0,
        "Total Revenue": 1,
        "Gross Profit": 0,
        "Operating Income": -9,
        "EBIT": -8,
        "Net Income": -9
    },
    "2015-12-31": {
        "Diluted EPS": 0.0,
        "Total Revenue": 0,
        "Gross Profit": 0,
        "Operating Income": 0,
        "EBIT": 0,
        "Net Income": 0
    },
    "2015-09-30": {
        "Diluted EPS": 0.0,
        "Total Revenue": NaN,
        "Gross Profit": NaN,
        "Operating Income": NaN,
        "EBIT": NaN,
        "Net Income": NaN
    },
    "2015-06-30": {
        "Diluted EPS": -0.01,
        "Total Revenue": 0,
        "Gross Profit": 0,
        "Operating Income": 0,
        "EBIT": 0,
        "Net Income": 0
    },
    "2015-03-31": {
        "Diluted EPS": 0.0,
        "Total Revenue": 0,
        "Gross Profit": 0,
        "Operating Income": 0,
        "EBIT": 0,
        "Net Income": 0
    },
    "2014-12-31": {
        "Diluted EPS": 0.0,
        "Total Revenue": NaN,
        "Gross Profit": NaN,
        "Operating Income": 0,
        "EBIT": NaN,
        "Net Income": 0
    },
    "2014-09-30": {
        "Diluted EPS": 0.0,
        "Total Revenue": NaN,
        "Gross Profit": NaN,
        "Operating Income": NaN,
        "EBIT": NaN,
        "Net Income": NaN
    },
    "2014-06-30": {
        "Diluted EPS": 0.0,
        "Total Revenue": NaN,
        "Gross Profit": NaN,
        "Operating Income": 0,
        "EBIT": 0,
        "Net Income": 0
    },
    "2014-03-31": {
        "Diluted EPS": 0.0,
        "Total Revenue": NaN,
        "Gross Profit": NaN,
        "Operating Income": 0,
        "EBIT": 0,
        "Net Income": 0
    },
    "2023-06-30": {
        "Tax Effect Of Unusual Items": NaN,
        "Tax Rate For Calcs": NaN,
        "Normalized EBITDA": NaN,
        "Total Unusual Items": NaN,
        "Total Unusual Items Excluding Goodwill": NaN,
        "Net Income From Continuing Operation Net Minority Interest": NaN,
        "Reconciled Depreciation": NaN,
        "Reconciled Cost Of Revenue": NaN,
        "EBITDA": NaN,
        "EBIT": NaN,
        "Net Interest Income": NaN,
        "Interest Expense": NaN,
        "Interest Income": NaN,
        "Normalized Income": NaN,
        "Net Income From Continuing And Discontinued Operation": NaN,
        "Total Expenses": NaN,
        "Total Operating Income As Reported": NaN,
        "Diluted Average Shares": 76197850.0,
        "Basic Average Shares": 76197850.0,
        "Diluted EPS": -0.1,
        "Basic EPS": -0.1,
        "Diluted NI Availto Com Stockholders": NaN,
        "Net Income Common Stockholders": NaN,
        "Net Income": NaN,
        "Minority Interests": 191920.0,
        "Net Income Including Noncontrolling Interests": NaN,
        "Net Income Continuous Operations": NaN,
        "Pretax Income": NaN,
        "Other Income Expense": NaN,
        "Other Non Operating Income Expenses": NaN,
        "Special Income Charges": NaN,
        "Gain On Sale Of Ppe": NaN,
        "Earnings From Equity Interest": -430244.0,
        "Net Non Operating Interest Income Expense": NaN,
        "Interest Expense Non Operating": NaN,
        "Interest Income Non Operating": NaN,
        "Operating Income": NaN,
        "Operating Expense": NaN,
        "Other Operating Expenses": NaN,
        "Depreciation Amortization Depletion Income Statement": NaN,
        "Depreciation And Amortization In Income Statement": NaN,
        "Amortization": NaN,
        "Amortization Of Intangibles Income Statement": NaN,
        "Depreciation Income Statement": NaN,
        "Research And Development": NaN,
        "Selling General And Administration": NaN,
        "General And Administrative Expense": NaN,
        "Other Gand A": NaN,
        "Gross Profit": NaN,
        "Cost Of Revenue": NaN,
        "Total Revenue": NaN,
        "Operating Revenue": NaN
    },
    "2023-09-30": {
        "Tax Effect Of Unusual Items": NaN,
        "Tax Rate For Calcs": NaN,
        "Normalized EBITDA": NaN,
        "Total Unusual Items": NaN,
        "Total Unusual Items Excluding Goodwill": NaN,
        "Net Income From Continuing Operation Net Minority Interest": NaN,
        "Reconciled Depreciation": NaN,
        "Reconciled Cost Of Revenue": NaN,
        "EBITDA": NaN,
        "EBIT": NaN,
        "Net Interest Income": NaN,
        "Interest Expense": NaN,
        "Interest Income": NaN,
        "Normalized Income": NaN,
        "Net Income From Continuing And Discontinued Operation": NaN,
        "Total Expenses": NaN,
        "Total Operating Income As Reported": NaN,
        "Diluted Average Shares": 76245984.0,
        "Basic Average Shares": 76245984.0,
        "Diluted EPS": -0.03,
        "Basic EPS": -0.03,
        "Diluted NI Availto Com Stockholders": NaN,
        "Net Income Common Stockholders": NaN,
        "Net Income": NaN,
        "Minority Interests": NaN,
        "Net Income Including Noncontrolling Interests": NaN,
        "Net Income Continuous Operations": NaN,
        "Pretax Income": NaN,
        "Other Income Expense": NaN,
        "Other Non Operating Income Expenses": NaN,
        "Special Income Charges": NaN,
        "Gain On Sale Of Ppe": NaN,
        "Other Special Charges": NaN,
        "Earnings From Equity Interest": NaN,
        "Net Non Operating Interest Income Expense": NaN,
        "Interest Expense Non Operating": NaN,
        "Interest Income Non Operating": NaN,
        "Operating Income": NaN,
        "Operating Expense": NaN,
        "Other Operating Expenses": NaN,
        "Depreciation Amortization Depletion Income Statement": NaN,
        "Depreciation And Amortization In Income Statement": NaN,
        "Amortization": NaN,
        "Amortization Of Intangibles Income Statement": NaN,
        "Depreciation Income Statement": NaN,
        "Research And Development": 1801612.0,
        "Selling General And Administration": NaN,
        "General And Administrative Expense": NaN,
        "Other Gand A": NaN,
        "Gross Profit": NaN,
        "Cost Of Revenue": NaN,
        "Total Revenue": NaN,
        "Operating Revenue": NaN
    },
    "2023-12-31": {
        "Tax Effect Of Unusual Items": 0.0,
        "Tax Rate For Calcs": 0.0,
        "Normalized EBITDA": -7171901.0,
        "Total Unusual Items": 499639.0,
        "Total Unusual Items Excluding Goodwill": 499639.0,
        "Net Income From Continuing Operation Net Minority Interest": -10837928.0,
        "Reconciled Depreciation": 3872220.0,
        "Reconciled Cost Of Revenue": 1782858.0,
        "EBITDA": -6672262.0,
        "EBIT": -10544482.0,
        "Net Interest Income": 66283.0,
        "Interest Expense": 293446.0,
        "Interest Income": 359729.0,
        "Normalized Income": -11337567.0,
        "Net Income From Continuing And Discontinued Operation": -10837928.0,
        "Total Expenses": 11390535.0,
        "Total Operating Income As Reported": -2848663.0,
        "Diluted Average Shares": NaN,
        "Basic Average Shares": NaN,
        "Diluted EPS": NaN,
        "Basic EPS": NaN,
        "Diluted NI Availto Com Stockholders": NaN,
        "Net Income Common Stockholders": -10837928.0,
        "Net Income": -10837928.0,
        "Minority Interests": NaN,
        "Net Income Including Noncontrolling Interests": -10837928.0,
        "Net Income Continuous Operations": -10837928.0,
        "Pretax Income": -10837928.0,
        "Other Income Expense": NaN,
        "Other Non Operating Income Expenses": -79719.0,
        "Special Income Charges": 0.0,
        "Gain On Sale Of Ppe": 0.0,
        "Earnings From Equity Interest": NaN,
        "Net Non Operating Interest Income Expense": 66283.0,
        "Interest Expense Non Operating": 293446.0,
        "Interest Income Non Operating": 359729.0,
        "Operating Income": -11324131.0,
        "Operating Expense": 6063059.0,
        "Other Operating Expenses": 2135408.0,
        "Depreciation Amortization Depletion Income Statement": 327602.0,
        "Depreciation And Amortization In Income Statement": 327602.0,
        "Amortization": NaN,
        "Amortization Of Intangibles Income Statement": 311685.0,
        "Depreciation Income Statement": 15917.0,
        "Research And Development": NaN,
        "Selling General And Administration": 3600049.0,
        "General And Administrative Expense": 3600049.0,
        "Other Gand A": 3600049.0,
        "Gross Profit": -5261072.0,
        "Cost Of Revenue": 5327476.0,
        "Total Revenue": 66404.0,
        "Operating Revenue": 66404.0
    },
    "2024-03-31": {
        "Tax Effect Of Unusual Items": NaN,
        "Tax Rate For Calcs": NaN,
        "Normalized EBITDA": NaN,
        "Total Unusual Items": NaN,
        "Total Unusual Items Excluding Goodwill": NaN,
        "Net Income From Continuing Operation Net Minority Interest": NaN,
        "Reconciled Depreciation": NaN,
        "Reconciled Cost Of Revenue": NaN,
        "EBITDA": NaN,
        "EBIT": NaN,
        "Net Interest Income": NaN,
        "Interest Expense": NaN,
        "Interest Income": NaN,
        "Normalized Income": NaN,
        "Net Income From Continuing And Discontinued Operation": NaN,
        "Total Expenses": NaN,
        "Total Operating Income As Reported": NaN,
        "Diluted Average Shares": 77296990.0,
        "Basic Average Shares": 77296990.0,
        "Diluted EPS": -0.089801,
        "Basic EPS": -0.089801,
        "Diluted NI Availto Com Stockholders": NaN,
        "Net Income Common Stockholders": NaN,
        "Net Income": NaN,
        "Minority Interests": NaN,
        "Net Income Including Noncontrolling Interests": NaN,
        "Net Income Continuous Operations": NaN,
        "Pretax Income": NaN,
        "Other Income Expense": NaN,
        "Other Non Operating Income Expenses": NaN,
        "Special Income Charges": NaN,
        "Gain On Sale Of Ppe": NaN,
        "Other Special Charges": 59836.0,
        "Earnings From Equity Interest": NaN,
        "Net Non Operating Interest Income Expense": NaN,
        "Interest Expense Non Operating": NaN,
        "Interest Income Non Operating": NaN,
        "Operating Income": NaN,
        "Operating Expense": NaN,
        "Other Operating Expenses": NaN,
        "Depreciation Amortization Depletion Income Statement": NaN,
        "Depreciation And Amortization In Income Statement": NaN,
        "Amortization": NaN,
        "Amortization Of Intangibles Income Statement": NaN,
        "Depreciation Income Statement": NaN,
        "Research And Development": 402388.0,
        "Selling General And Administration": NaN,
        "General And Administrative Expense": NaN,
        "Other Gand A": NaN,
        "Gross Profit": NaN,
        "Cost Of Revenue": NaN,
        "Total Revenue": NaN,
        "Operating Revenue": NaN
    },
    "2024-06-30": {
        "Tax Effect Of Unusual Items": 0.0,
        "Tax Rate For Calcs": 0.0,
        "Normalized EBITDA": -7057682.0,
        "Total Unusual Items": -59836.0,
        "Total Unusual Items Excluding Goodwill": -59836.0,
        "Net Income From Continuing Operation Net Minority Interest": -11056660.0,
        "Reconciled Depreciation": 910047.0,
        "Reconciled Cost Of Revenue": 826766.0,
        "EBITDA": -7117518.0,
        "EBIT": -8027565.0,
        "Net Interest Income": -2653575.0,
        "Interest Expense": 3014760.0,
        "Interest Income": 361185.0,
        "Normalized Income": -10996824.0,
        "Net Income From Continuing And Discontinued Operation": -11056660.0,
        "Total Expenses": 8377115.0,
        "Total Operating Income As Reported": -8432856.0,
        "Diluted Average Shares": 77375271.0,
        "Basic Average Shares": 77375271.0,
        "Diluted EPS": -0.14,
        "Basic EPS": -0.14,
        "Diluted NI Availto Com Stockholders": -11056660.0,
        "Net Income Common Stockholders": -11056660.0,
        "Net Income": -11056660.0,
        "Minority Interests": -14335.0,
        "Net Income Including Noncontrolling Interests": -11042325.0,
        "Net Income Continuous Operations": -11042325.0,
        "Pretax Income": -11042325.0,
        "Other Income Expense": -15730.0,
        "Other Non Operating Income Expenses": 60491.0,
        "Special Income Charges": -59836.0,
        "Gain On Sale Of Ppe": 0.0,
        "Other Special Charges": 59836.0,
        "Earnings From Equity Interest": -16385.0,
        "Net Non Operating Interest Income Expense": -2653575.0,
        "Interest Expense Non Operating": 3014760.0,
        "Interest Income Non Operating": 361185.0,
        "Operating Income": -8373020.0,
        "Operating Expense": 7471432.0,
        "Other Operating Expenses": 550301.0,
        "Depreciation Amortization Depletion Income Statement": 831130.0,
        "Depreciation And Amortization In Income Statement": 831130.0,
        "Amortization": 311685.0,
        "Amortization Of Intangibles Income Statement": 311685.0,
        "Depreciation Income Statement": 519445.0,
        "Research And Development": NaN,
        "Selling General And Administration": 6090001.0,
        "General And Administrative Expense": 6090001.0,
        "Other Gand A": 6090001.0,
        "Gross Profit": -901588.0,
        "Cost Of Revenue": 905683.0,
        "Total Revenue": 4095.0,
        "Operating Revenue": 4095.0
    },
    "2024-09-30": {
        "Tax Effect Of Unusual Items": 0.0,
        "Tax Rate For Calcs": 0.0,
        "Normalized EBITDA": -7431408.0,
        "Total Unusual Items": 0.0,
        "Total Unusual Items Excluding Goodwill": 0.0,
        "Net Income From Continuing Operation Net Minority Interest": -9206768.0,
        "Reconciled Depreciation": 1016347.0,
        "Reconciled Cost Of Revenue": 2531205.0,
        "EBITDA": -7431408.0,
        "EBIT": -8447755.0,
        "Net Interest Income": -766951.0,
        "Interest Expense": 774478.0,
        "Interest Income": 7527.0,
        "Normalized Income": -9206768.0,
        "Net Income From Continuing And Discontinued Operation": -9206768.0,
        "Total Expenses": 8493779.0,
        "Total Operating Income As Reported": -8258336.0,
        "Diluted Average Shares": 77400289.0,
        "Basic Average Shares": 77400289.0,
        "Diluted EPS": -0.13,
        "Basic EPS": -0.13,
        "Diluted NI Availto Com Stockholders": -9206768.0,
        "Net Income Common Stockholders": -9206768.0,
        "Net Income": -9206768.0,
        "Minority Interests": 15465.0,
        "Net Income Including Noncontrolling Interests": -9222233.0,
        "Net Income Continuous Operations": -9222233.0,
        "Pretax Income": -9222233.0,
        "Other Income Expense": -196946.0,
        "Other Non Operating Income Expenses": -32101.0,
        "Special Income Charges": 0.0,
        "Gain On Sale Of Ppe": 0.0,
        "Other Special Charges": NaN,
        "Earnings From Equity Interest": -164845.0,
        "Net Non Operating Interest Income Expense": -766951.0,
        "Interest Expense Non Operating": 774478.0,
        "Interest Income Non Operating": 7527.0,
        "Operating Income": -8258336.0,
        "Operating Expense": 5832413.0,
        "Other Operating Expenses": 327104.0,
        "Depreciation Amortization Depletion Income Statement": 886186.0,
        "Depreciation And Amortization In Income Statement": 886186.0,
        "Amortization": 302103.0,
        "Amortization Of Intangibles Income Statement": 302103.0,
        "Depreciation Income Statement": 584083.0,
        "Research And Development": 78809.0,
        "Selling General And Administration": 4619123.0,
        "General And Administrative Expense": 4619123.0,
        "Other Gand A": 4619123.0,
        "Gross Profit": -2425923.0,
        "Cost Of Revenue": 2661366.0,
        "Total Revenue": 235443.0,
        "Operating Revenue": 235443.0
    },
    "2024-12-31": {
        "Tax Effect Of Unusual Items": 0.0,
        "Tax Rate For Calcs": 0.0,
        "Normalized EBITDA": -9864034.0,
        "Total Unusual Items": -240658.0,
        "Total Unusual Items Excluding Goodwill": -240658.0,
        "Net Income From Continuing Operation Net Minority Interest": -18280447.0,
        "Reconciled Depreciation": 2271118.0,
        "Reconciled Cost Of Revenue": -1743726.0,
        "EBITDA": -10104692.0,
        "EBIT": -12375810.0,
        "Net Interest Income": -4920901.0,
        "Interest Expense": 5911563.0,
        "Interest Income": 990662.0,
        "Normalized Income": -18039789.0,
        "Net Income From Continuing And Discontinued Operation": -18280447.0,
        "Total Expenses": 13242995.0,
        "Total Operating Income As Reported": -13433976.0,
        "Diluted Average Shares": NaN,
        "Basic Average Shares": NaN,
        "Diluted EPS": NaN,
        "Basic EPS": NaN,
        "Diluted NI Availto Com Stockholders": -18280447.0,
        "Net Income Common Stockholders": -18280447.0,
        "Net Income": -18280447.0,
        "Minority Interests": 6926.0,
        "Net Income Including Noncontrolling Interests": -18287373.0,
        "Net Income Continuous Operations": -18287373.0,
        "Pretax Income": -18287373.0,
        "Other Income Expense": -173154.0,
        "Other Non Operating Income Expenses": 80567.0,
        "Special Income Charges": -240658.0,
        "Gain On Sale Of Ppe": 0.0,
        "Other Special Charges": NaN,
        "Earnings From Equity Interest": -13063.0,
        "Net Non Operating Interest Income Expense": -4920901.0,
        "Interest Expense Non Operating": 5911563.0,
        "Interest Income Non Operating": 990662.0,
        "Operating Income": -13193318.0,
        "Operating Expense": 14986721.0,
        "Other Operating Expenses": -2750210.0,
        "Depreciation Amortization Depletion Income Statement": 1700083.0,
        "Depreciation And Amortization In Income Statement": 1700083.0,
        "Amortization": 617753.0,
        "Amortization Of Intangibles Income Statement": 617753.0,
        "Depreciation Income Statement": 1082330.0,
        "Research And Development": NaN,
        "Selling General And Administration": 13888716.0,
        "General And Administrative Expense": 13888716.0,
        "Other Gand A": 13888716.0,
        "Gross Profit": 1793403.0,
        "Cost Of Revenue": -1743726.0,
        "Total Revenue": 49677.0,
        "Operating Revenue": 49677.0
    },
    "2025-03-31": {
        "Tax Effect Of Unusual Items": 0.0,
        "Tax Rate For Calcs": 0.0,
        "Normalized EBITDA": -3701368.0,
        "Total Unusual Items": -59178.0,
        "Total Unusual Items Excluding Goodwill": -59178.0,
        "Net Income From Continuing Operation Net Minority Interest": -6652763.0,
        "Reconciled Depreciation": 1142997.0,
        "Reconciled Cost Of Revenue": 186300.0,
        "EBITDA": -3760546.0,
        "EBIT": -4903543.0,
        "Net Interest Income": -1748323.0,
        "Interest Expense": 1752496.0,
        "Interest Income": 4173.0,
        "Normalized Income": -6593585.0,
        "Net Income From Continuing And Discontinued Operation": -6652763.0,
        "Total Expenses": 4956182.0,
        "Total Operating Income As Reported": -4983433.0,
        "Diluted Average Shares": 80491849.0,
        "Basic Average Shares": 80491849.0,
        "Diluted EPS": -0.082651,
        "Basic EPS": -0.082651,
        "Diluted NI Availto Com Stockholders": -6652763.0,
        "Net Income Common Stockholders": -6652763.0,
        "Net Income": -6652763.0,
        "Minority Interests": 3276.0,
        "Net Income Including Noncontrolling Interests": -6656039.0,
        "Net Income Continuous Operations": -6656039.0,
        "Pretax Income": -6656039.0,
        "Other Income Expense": 16539.0,
        "Other Non Operating Income Expenses": 86583.0,
        "Special Income Charges": -59178.0,
        "Gain On Sale Of Ppe": 0.0,
        "Other Special Charges": 59178.0,
        "Earnings From Equity Interest": -10866.0,
        "Net Non Operating Interest Income Expense": -1748323.0,
        "Interest Expense Non Operating": 1752496.0,
        "Interest Income Non Operating": 4173.0,
        "Operating Income": -4924255.0,
        "Operating Expense": 4769882.0,
        "Other Operating Expenses": 248291.0,
        "Depreciation Amortization Depletion Income Statement": 816250.0,
        "Depreciation And Amortization In Income Statement": 816250.0,
        "Amortization": 303918.0,
        "Amortization Of Intangibles Income Statement": 303918.0,
        "Depreciation Income Statement": 512332.0,
        "Research And Development": 325503.0,
        "Selling General And Administration": 3379838.0,
        "General And Administrative Expense": 3379838.0,
        "Other Gand A": 3379838.0,
        "Gross Profit": -154373.0,
        "Cost Of Revenue": 186300.0,
        "Total Revenue": 31927.0,
        "Operating Revenue": 31927.0
    },
    "2025-06-30": {
        "Tax Effect Of Unusual Items": 0.0,
        "Tax Rate For Calcs": 0.0,
        "Normalized EBITDA": -5732425.0,
        "Total Unusual Items": -59836.0,
        "Total Unusual Items Excluding Goodwill": -59836.0,
        "Net Income From Continuing Operation Net Minority Interest": -8666129.0,
        "Reconciled Depreciation": 739552.0,
        "Reconciled Cost Of Revenue": 332375.0,
        "EBITDA": -5792261.0,
        "EBIT": -6605968.0,
        "Net Interest Income": -2055685.0,
        "Interest Expense": 2062936.0,
        "Interest Income": 7251.0,
        "Normalized Income": -8606293.0,
        "Net Income From Continuing And Discontinued Operation": -8666129.0,
        "Total Expenses": 6724054.0,
        "Total Operating Income As Reported": -6770634.0,
        "Diluted Average Shares": 82851608.0,
        "Basic Average Shares": 82851608.0,
        "Diluted EPS": -0.1,
        "Basic EPS": -0.1,
        "Diluted NI Availto Com Stockholders": -8666129.0,
        "Net Income Common Stockholders": -8666129.0,
        "Net Income": -8666129.0,
        "Minority Interests": 2775.0,
        "Net Income Including Noncontrolling Interests": -8668904.0,
        "Net Income Continuous Operations": -8668904.0,
        "Pretax Income": -8668904.0,
        "Other Income Expense": 97579.0,
        "Other Non Operating Income Expenses": 180381.0,
        "Special Income Charges": -59836.0,
        "Gain On Sale Of Ppe": 0.0,
        "Other Special Charges": 59836.0,
        "Earnings From Equity Interest": -22966.0,
        "Net Non Operating Interest Income Expense": -2055685.0,
        "Interest Expense Non Operating": 2062936.0,
        "Interest Income Non Operating": 7251.0,
        "Operating Income": -6710798.0,
        "Operating Expense": 6465834.0,
        "Other Operating Expenses": 585186.0,
        "Depreciation Amortization Depletion Income Statement": 813707.0,
        "Depreciation And Amortization In Income Statement": 813707.0,
        "Amortization": 303918.0,
        "Amortization Of Intangibles Income Statement": 303918.0,
        "Depreciation Income Statement": 509789.0,
        "Research And Development": NaN,
        "Selling General And Administration": 5066941.0,
        "General And Administrative Expense": 5066941.0,
        "Other Gand A": 5066941.0,
        "Gross Profit": -244964.0,
        "Cost Of Revenue": 258220.0,
        "Total Revenue": 13256.0,
        "Operating Revenue": 13256.0
    }
}