{
    "2023-12-31": {
        "Tax Effect Of Unusual Items": NaN,
        "Tax Rate For Calcs": NaN,
        "Normalized EBITDA": NaN,
        "Total Unusual Items": NaN,
        "Total Unusual Items Excluding Goodwill": NaN,
        "Net Income From Continuing Operation Net Minority Interest": NaN,
        "Reconciled Depreciation": NaN,
        "Reconciled Cost Of Revenue": NaN,
        "EBITDA": NaN,
        "EBIT": NaN,
        "Net Interest Income": NaN,
        "Interest Expense": NaN,
        "Normalized Income": NaN,
        "Net Income From Continuing And Discontinued Operation": NaN,
        "Total Expenses": NaN,
        "Total Operating Income As Reported": NaN,
        "Diluted Average Shares": NaN,
        "Basic Average Shares": NaN,
        "Diluted EPS": NaN,
        "Basic EPS": NaN,
        "Diluted NI Availto Com Stockholders": NaN,
        "Net Income Common Stockholders": NaN,
        "Net Income": NaN,
        "Net Income Including Noncontrolling Interests": NaN,
        "Net Income Discontinuous Operations": NaN,
        "Net Income Continuous Operations": NaN,
        "Tax Provision": NaN,
        "Pretax Income": NaN,
        "Other Income Expense": NaN,
        "Special Income Charges": NaN,
        "Other Special Charges": NaN,
        "Impairment Of Capital Assets": NaN,
        "Restructuring And Mergern Acquisition": NaN,
        "Net Non Operating Interest Income Expense": NaN,
        "Interest Expense Non Operating": NaN,
        "Operating Income": NaN,
        "Operating Expense": NaN,
        "Depreciation Amortization Depletion Income Statement": NaN,
        "Depreciation And Amortization In Income Statement": NaN,
        "Selling General And Administration": NaN,
        "Selling And Marketing Expense": NaN,
        "General And Administrative Expense": NaN,
        "Other Gand A": NaN,
        "Salaries And Wages": 8858000.0,
        "Gross Profit": NaN,
        "Cost Of Revenue": NaN,
        "Total Revenue": NaN,
        "Operating Revenue": NaN
    },
    "2023-09-30": {
        "Tax Effect Of Unusual Items": NaN,
        "Tax Rate For Calcs": NaN,
        "Normalized EBITDA": NaN,
        "Total Unusual Items": NaN,
        "Total Unusual Items Excluding Goodwill": NaN,
        "Net Income From Continuing Operation Net Minority Interest": NaN,
        "Reconciled Depreciation": NaN,
        "Reconciled Cost Of Revenue": NaN,
        "EBITDA": NaN,
        "EBIT": NaN,
        "Net Interest Income": NaN,
        "Interest Expense": NaN,
        "Normalized Income": NaN,
        "Net Income From Continuing And Discontinued Operation": NaN,
        "Total Expenses": NaN,
        "Total Operating Income As Reported": NaN,
        "Diluted Average Shares": 23445675.0,
        "Basic Average Shares": 23445675.0,
        "Diluted EPS": -0.47,
        "Basic EPS": -0.47,
        "Diluted NI Availto Com Stockholders": NaN,
        "Net Income Common Stockholders": NaN,
        "Net Income": NaN,
        "Net Income Including Noncontrolling Interests": NaN,
        "Net Income Discontinuous Operations": NaN,
        "Net Income Continuous Operations": NaN,
        "Tax Provision": NaN,
        "Pretax Income": NaN,
        "Other Income Expense": NaN,
        "Special Income Charges": NaN,
        "Other Special Charges": NaN,
        "Impairment Of Capital Assets": NaN,
        "Restructuring And Mergern Acquisition": NaN,
        "Net Non Operating Interest Income Expense": NaN,
        "Interest Expense Non Operating": NaN,
        "Operating Income": NaN,
        "Operating Expense": NaN,
        "Depreciation Amortization Depletion Income Statement": NaN,
        "Depreciation And Amortization In Income Statement": NaN,
        "Selling General And Administration": NaN,
        "Selling And Marketing Expense": NaN,
        "General And Administrative Expense": NaN,
        "Other Gand A": NaN,
        "Salaries And Wages": 10027000.0,
        "Gross Profit": NaN,
        "Cost Of Revenue": NaN,
        "Total Revenue": NaN,
        "Operating Revenue": NaN
    },
    "2023-06-30": {
        "Tax Effect Of Unusual Items": NaN,
        "Tax Rate For Calcs": NaN,
        "Normalized EBITDA": NaN,
        "Total Unusual Items": NaN,
        "Total Unusual Items Excluding Goodwill": NaN,
        "Net Income From Continuing Operation Net Minority Interest": NaN,
        "Reconciled Depreciation": NaN,
        "Reconciled Cost Of Revenue": NaN,
        "EBITDA": NaN,
        "EBIT": NaN,
        "Net Interest Income": NaN,
        "Interest Expense": NaN,
        "Normalized Income": NaN,
        "Net Income From Continuing And Discontinued Operation": NaN,
        "Total Expenses": NaN,
        "Total Operating Income As Reported": NaN,
        "Diluted Average Shares": 22074500.0,
        "Basic Average Shares": 22074500.0,
        "Diluted EPS": -0.88,
        "Basic EPS": -0.88,
        "Diluted NI Availto Com Stockholders": NaN,
        "Net Income Common Stockholders": NaN,
        "Preferred Stock Dividends": 19484000.0,
        "Net Income": NaN,
        "Net Income Including Noncontrolling Interests": NaN,
        "Net Income Discontinuous Operations": NaN,
        "Net Income Continuous Operations": NaN,
        "Tax Provision": NaN,
        "Pretax Income": NaN,
        "Other Income Expense": NaN,
        "Special Income Charges": NaN,
        "Other Special Charges": NaN,
        "Impairment Of Capital Assets": NaN,
        "Restructuring And Mergern Acquisition": NaN,
        "Net Non Operating Interest Income Expense": NaN,
        "Interest Expense Non Operating": NaN,
        "Operating Income": NaN,
        "Operating Expense": NaN,
        "Depreciation Amortization Depletion Income Statement": NaN,
        "Depreciation And Amortization In Income Statement": NaN,
        "Selling General And Administration": NaN,
        "Selling And Marketing Expense": NaN,
        "General And Administrative Expense": NaN,
        "Other Gand A": NaN,
        "Salaries And Wages": NaN,
        "Gross Profit": NaN,
        "Cost Of Revenue": NaN,
        "Total Revenue": NaN,
        "Operating Revenue": NaN
    },
    "2023-03-31": {
        "Tax Effect Of Unusual Items": NaN,
        "Tax Rate For Calcs": NaN,
        "Normalized EBITDA": NaN,
        "Total Unusual Items": NaN,
        "Total Unusual Items Excluding Goodwill": NaN,
        "Net Income From Continuing Operation Net Minority Interest": NaN,
        "Reconciled Depreciation": NaN,
        "Reconciled Cost Of Revenue": NaN,
        "EBITDA": NaN,
        "EBIT": NaN,
        "Net Interest Income": NaN,
        "Interest Expense": NaN,
        "Normalized Income": NaN,
        "Net Income From Continuing And Discontinued Operation": NaN,
        "Total Expenses": NaN,
        "Total Operating Income As Reported": NaN,
        "Diluted Average Shares": 18718555.0,
        "Basic Average Shares": 18718555.0,
        "Diluted EPS": -1.04,
        "Basic EPS": -1.04,
        "Diluted NI Availto Com Stockholders": NaN,
        "Net Income Common Stockholders": NaN,
        "Preferred Stock Dividends": NaN,
        "Net Income": NaN,
        "Net Income Including Noncontrolling Interests": NaN,
        "Net Income Discontinuous Operations": NaN,
        "Net Income Continuous Operations": NaN,
        "Tax Provision": NaN,
        "Pretax Income": NaN,
        "Other Income Expense": NaN,
        "Special Income Charges": NaN,
        "Other Special Charges": NaN,
        "Impairment Of Capital Assets": NaN,
        "Restructuring And Mergern Acquisition": NaN,
        "Net Non Operating Interest Income Expense": NaN,
        "Interest Expense Non Operating": NaN,
        "Operating Income": NaN,
        "Operating Expense": NaN,
        "Depreciation Amortization Depletion Income Statement": NaN,
        "Depreciation And Amortization In Income Statement": NaN,
        "Selling General And Administration": NaN,
        "Selling And Marketing Expense": NaN,
        "General And Administrative Expense": NaN,
        "Other Gand A": NaN,
        "Salaries And Wages": NaN,
        "Gross Profit": NaN,
        "Cost Of Revenue": NaN,
        "Total Revenue": NaN,
        "Operating Revenue": NaN
    },
    "2024-03-31": {
        "Tax Effect Of Unusual Items": -333270.0,
        "Tax Rate For Calcs": 0.21,
        "Normalized EBITDA": -1816000.0,
        "Total Unusual Items": -1587000.0,
        "Total Unusual Items Excluding Goodwill": -1587000.0,
        "Net Income From Continuing Operation Net Minority Interest": -12720000.0,
        "Reconciled Depreciation": 4937000.0,
        "Reconciled Cost Of Revenue": 16058000.0,
        "EBITDA": -3403000.0,
        "EBIT": -8340000.0,
        "Net Interest Income": -4339000.0,
        "Interest Expense": 4339000.0,
        "Normalized Income": -11466270.0,
        "Net Income From Continuing And Discontinued Operation": -103358000.0,
        "Total Expenses": 35694000.0,
        "Total Operating Income As Reported": -7951000.0,
        "Diluted Average Shares": 26443764.0,
        "Basic Average Shares": 26443764.0,
        "Diluted EPS": -3.91,
        "Basic EPS": -3.91,
        "Diluted NI Availto Com Stockholders": -103358000.0,
        "Net Income Common Stockholders": -103358000.0,
        "Net Income": -103358000.0,
        "Net Income Including Noncontrolling Interests": -103358000.0,
        "Net Income Discontinuous Operations": -90638000.0,
        "Net Income Continuous Operations": -12720000.0,
        "Tax Provision": 41000.0,
        "Pretax Income": -12679000.0,
        "Other Income Expense": -1587000.0,
        "Special Income Charges": -1587000.0,
        "Other Special Charges": 76000.0,
        "Impairment Of Capital Assets": 1198000.0,
        "Restructuring And Mergern Acquisition": 313000.0,
        "Net Non Operating Interest Income Expense": -4339000.0,
        "Interest Expense Non Operating": 4339000.0,
        "Operating Income": -6753000.0,
        "Operating Expense": 15686000.0,
        "Depreciation Amortization Depletion Income Statement": 987000.0,
        "Depreciation And Amortization In Income Statement": 987000.0,
        "Selling General And Administration": 14699000.0,
        "Selling And Marketing Expense": 4564000.0,
        "General And Administrative Expense": 10135000.0,
        "Other Gand A": 10135000.0,
        "Salaries And Wages": 8184000.0,
        "Gross Profit": 8933000.0,
        "Cost Of Revenue": 20008000.0,
        "Total Revenue": 28941000.0,
        "Operating Revenue": 28941000.0
    },
    "2022-12-31": {
        "Tax Effect Of Unusual Items": NaN,
        "Tax Rate For Calcs": NaN,
        "Normalized EBITDA": NaN,
        "Total Unusual Items": NaN,
        "Total Unusual Items Excluding Goodwill": NaN,
        "Net Income From Continuing Operation Net Minority Interest": NaN,
        "Reconciled Depreciation": NaN,
        "Reconciled Cost Of Revenue": NaN,
        "EBITDA": NaN,
        "EBIT": NaN,
        "Net Interest Income": NaN,
        "Interest Expense": NaN,
        "Normalized Income": NaN,
        "Net Income From Continuing And Discontinued Operation": NaN,
        "Total Expenses": NaN,
        "Total Operating Income As Reported": NaN,
        "Diluted Average Shares": 18457296.0,
        "Basic Average Shares": 18457296.0,
        "Diluted EPS": -0.75,
        "Basic EPS": -0.75,
        "Diluted NI Availto Com Stockholders": NaN,
        "Net Income Common Stockholders": NaN,
        "Preferred Stock Dividends": NaN,
        "Net Income": NaN,
        "Net Income Including Noncontrolling Interests": NaN,
        "Net Income Discontinuous Operations": NaN,
        "Net Income Continuous Operations": NaN,
        "Tax Provision": NaN,
        "Pretax Income": NaN,
        "Other Income Expense": NaN,
        "Special Income Charges": NaN,
        "Other Special Charges": NaN,
        "Impairment Of Capital Assets": NaN,
        "Restructuring And Mergern Acquisition": NaN,
        "Net Non Operating Interest Income Expense": NaN,
        "Interest Expense Non Operating": NaN,
        "Operating Income": NaN,
        "Operating Expense": NaN,
        "Depreciation Amortization Depletion Income Statement": NaN,
        "Depreciation And Amortization In Income Statement": NaN,
        "Selling General And Administration": NaN,
        "Selling And Marketing Expense": NaN,
        "General And Administrative Expense": NaN,
        "Other Gand A": NaN,
        "Salaries And Wages": NaN,
        "Gross Profit": NaN,
        "Cost Of Revenue": NaN,
        "Total Revenue": NaN,
        "Operating Revenue": NaN
    },
    "2024-06-30": {
        "Tax Effect Of Unusual Items": -15960.0,
        "Tax Rate For Calcs": 0.21,
        "Normalized EBITDA": -158000.0,
        "Total Unusual Items": -76000.0,
        "Total Unusual Items Excluding Goodwill": -76000.0,
        "Net Income From Continuing Operation Net Minority Interest": -6938000.0,
        "Reconciled Depreciation": 2420000.0,
        "Reconciled Cost Of Revenue": 14958000.0,
        "EBITDA": -234000.0,
        "EBIT": -2654000.0,
        "Net Interest Income": -4249000.0,
        "Interest Expense": 4249000.0,
        "Normalized Income": -6877960.0,
        "Net Income From Continuing And Discontinued Operation": -8187000.0,
        "Total Expenses": 29761000.0,
        "Total Operating Income As Reported": -2578000.0,
        "Diluted Average Shares": 29399365.0,
        "Basic Average Shares": 29399365.0,
        "Diluted EPS": -0.28,
        "Basic EPS": -0.28,
        "Diluted NI Availto Com Stockholders": -8187000.0,
        "Net Income Common Stockholders": -8187000.0,
        "Net Income": -8187000.0,
        "Net Income Including Noncontrolling Interests": -8187000.0,
        "Net Income Discontinuous Operations": -1249000.0,
        "Net Income Continuous Operations": -6938000.0,
        "Tax Provision": 35000.0,
        "Pretax Income": -6903000.0,
        "Other Income Expense": -76000.0,
        "Special Income Charges": -76000.0,
        "Other Special Charges": 76000.0,
        "Impairment Of Capital Assets": 0.0,
        "Restructuring And Mergern Acquisition": 0.0,
        "Net Non Operating Interest Income Expense": -4249000.0,
        "Interest Expense Non Operating": 4249000.0,
        "Operating Income": -2578000.0,
        "Operating Expense": 13296000.0,
        "Depreciation Amortization Depletion Income Statement": 913000.0,
        "Depreciation And Amortization In Income Statement": 913000.0,
        "Selling General And Administration": 12383000.0,
        "Selling And Marketing Expense": 1137000.0,
        "General And Administrative Expense": 11246000.0,
        "Other Gand A": 5184000.0,
        "Salaries And Wages": 6062000.0,
        "Gross Profit": 10718000.0,
        "Cost Of Revenue": 16465000.0,
        "Total Revenue": 27183000.0,
        "Operating Revenue": 27183000.0
    },
    "2024-09-30": {
        "Tax Effect Of Unusual Items": -639.1,
        "Tax Rate For Calcs": 0.0083,
        "Normalized EBITDA": 10433000.0,
        "Total Unusual Items": -77000.0,
        "Total Unusual Items Excluding Goodwill": -77000.0,
        "Net Income From Continuing Operation Net Minority Interest": 4778000.0,
        "Reconciled Depreciation": 2379000.0,
        "Reconciled Cost Of Revenue": 15088000.0,
        "EBITDA": 10356000.0,
        "EBIT": 7977000.0,
        "Net Interest Income": -3159000.0,
        "Interest Expense": 3159000.0,
        "Normalized Income": 4854360.9,
        "Net Income From Continuing And Discontinued Operation": 3956000.0,
        "Total Expenses": 25501000.0,
        "Total Operating Income As Reported": 8054000.0,
        "Diluted Average Shares": 37610058.0,
        "Basic Average Shares": 37610058.0,
        "Diluted EPS": 0.11,
        "Basic EPS": 0.11,
        "Diluted NI Availto Com Stockholders": 3956000.0,
        "Net Income Common Stockholders": 3956000.0,
        "Net Income": 3956000.0,
        "Net Income Including Noncontrolling Interests": 3956000.0,
        "Net Income Discontinuous Operations": -822000.0,
        "Net Income Continuous Operations": 4778000.0,
        "Tax Provision": 40000.0,
        "Pretax Income": 4818000.0,
        "Other Income Expense": -77000.0,
        "Special Income Charges": -77000.0,
        "Other Special Charges": 77000.0,
        "Impairment Of Capital Assets": 0.0,
        "Restructuring And Mergern Acquisition": 0.0,
        "Net Non Operating Interest Income Expense": -3159000.0,
        "Interest Expense Non Operating": 3159000.0,
        "Operating Income": 8054000.0,
        "Operating Expense": 8939000.0,
        "Depreciation Amortization Depletion Income Statement": 905000.0,
        "Depreciation And Amortization In Income Statement": 905000.0,
        "Selling General And Administration": 8034000.0,
        "Selling And Marketing Expense": 910000.0,
        "General And Administrative Expense": 7124000.0,
        "Other Gand A": 4042000.0,
        "Salaries And Wages": 3082000.0,
        "Gross Profit": 16993000.0,
        "Cost Of Revenue": 16562000.0,
        "Total Revenue": 33555000.0,
        "Operating Revenue": 33555000.0
    },
    "2024-12-31": {
        "Tax Effect Of Unusual Items": -1394.092023,
        "Tax Rate For Calcs": 0.018105,
        "Normalized EBITDA": 12701000.0,
        "Total Unusual Items": -77000.0,
        "Total Unusual Items Excluding Goodwill": -77000.0,
        "Net Income From Continuing Operation Net Minority Interest": 7213000.0,
        "Reconciled Depreciation": 2357000.0,
        "Reconciled Cost Of Revenue": 15696000.0,
        "EBITDA": 12624000.0,
        "EBIT": 10267000.0,
        "Net Interest Income": -2921000.0,
        "Interest Expense": 2921000.0,
        "Normalized Income": 7288605.907977,
        "Net Income From Continuing And Discontinued Operation": 6879000.0,
        "Total Expenses": 25884000.0,
        "Total Operating Income As Reported": 10344000.0,
        "Diluted Average Shares": 47437158.0,
        "Basic Average Shares": 47437158.0,
        "Diluted EPS": 0.14,
        "Basic EPS": 0.14,
        "Diluted NI Availto Com Stockholders": 6879000.0,
        "Net Income Common Stockholders": 6879000.0,
        "Net Income": 6879000.0,
        "Net Income Including Noncontrolling Interests": 6879000.0,
        "Net Income Discontinuous Operations": -334000.0,
        "Net Income Continuous Operations": 7213000.0,
        "Tax Provision": 133000.0,
        "Pretax Income": 7346000.0,
        "Other Income Expense": -77000.0,
        "Special Income Charges": -77000.0,
        "Other Special Charges": 77000.0,
        "Impairment Of Capital Assets": 0.0,
        "Restructuring And Mergern Acquisition": 0.0,
        "Net Non Operating Interest Income Expense": -2921000.0,
        "Interest Expense Non Operating": 2921000.0,
        "Operating Income": 10344000.0,
        "Operating Expense": 8730000.0,
        "Depreciation Amortization Depletion Income Statement": 899000.0,
        "Depreciation And Amortization In Income Statement": 899000.0,
        "Selling General And Administration": 7831000.0,
        "Selling And Marketing Expense": 9219000.0,
        "General And Administrative Expense": -1388000.0,
        "Other Gand A": 15940000.0,
        "Salaries And Wages": NaN,
        "Gross Profit": 19074000.0,
        "Cost Of Revenue": 17154000.0,
        "Total Revenue": 36228000.0,
        "Operating Revenue": 36228000.0
    },
    "2025-03-31": {
        "Tax Effect Of Unusual Items": -5008.171842,
        "Tax Rate For Calcs": 0.066776,
        "Normalized EBITDA": 9528000.0,
        "Total Unusual Items": -75000.0,
        "Total Unusual Items Excluding Goodwill": -75000.0,
        "Net Income From Continuing Operation Net Minority Interest": 3997000.0,
        "Reconciled Depreciation": 2166000.0,
        "Reconciled Cost Of Revenue": 14870000.0,
        "EBITDA": 9453000.0,
        "EBIT": 7287000.0,
        "Net Interest Income": -3004000.0,
        "Interest Expense": 3004000.0,
        "Normalized Income": 4066991.828158,
        "Net Income From Continuing And Discontinued Operation": 4020000.0,
        "Total Expenses": 24453000.0,
        "Total Operating Income As Reported": 7362000.0,
        "Diluted Average Shares": 47466658.0,
        "Basic Average Shares": 47458076.0,
        "Diluted EPS": 0.08,
        "Basic EPS": 0.08,
        "Diluted NI Availto Com Stockholders": 4020000.0,
        "Net Income Common Stockholders": 4020000.0,
        "Net Income": 4020000.0,
        "Net Income Including Noncontrolling Interests": 4020000.0,
        "Net Income Discontinuous Operations": 23000.0,
        "Net Income Continuous Operations": 3997000.0,
        "Tax Provision": 286000.0,
        "Pretax Income": 4283000.0,
        "Other Income Expense": -75000.0,
        "Special Income Charges": -75000.0,
        "Other Special Charges": 75000.0,
        "Impairment Of Capital Assets": 0.0,
        "Restructuring And Mergern Acquisition": 0.0,
        "Net Non Operating Interest Income Expense": -3004000.0,
        "Interest Expense Non Operating": 3004000.0,
        "Operating Income": 7362000.0,
        "Operating Expense": 8307000.0,
        "Depreciation Amortization Depletion Income Statement": 890000.0,
        "Depreciation And Amortization In Income Statement": 890000.0,
        "Selling General And Administration": 7417000.0,
        "Selling And Marketing Expense": 268000.0,
        "General And Administrative Expense": 7149000.0,
        "Other Gand A": 1793000.0,
        "Salaries And Wages": 5356000.0,
        "Gross Profit": 15669000.0,
        "Cost Of Revenue": 16146000.0,
        "Total Revenue": 31815000.0,
        "Operating Revenue": 31815000.0
    }
}