{
    "2023-03-31": {
        "Tax Effect Of Unusual Items": NaN,
        "Tax Rate For Calcs": NaN,
        "Normalized EBITDA": NaN,
        "Net Income From Continuing Operation Net Minority Interest": NaN,
        "Reconciled Depreciation": NaN,
        "Reconciled Cost Of Revenue": NaN,
        "EBITDA": NaN,
        "EBIT": NaN,
        "Net Interest Income": NaN,
        "Interest Expense": NaN,
        "Interest Income": NaN,
        "Normalized Income": NaN,
        "Net Income From Continuing And Discontinued Operation": NaN,
        "Total Expenses": NaN,
        "Total Operating Income As Reported": NaN,
        "Diluted Average Shares": NaN,
        "Basic Average Shares": NaN,
        "Diluted EPS": NaN,
        "Basic EPS": NaN,
        "Diluted NI Availto Com Stockholders": NaN,
        "Average Dilution Earnings": NaN,
        "Net Income Common Stockholders": NaN,
        "Otherunder Preferred Stock Dividend": 0.0,
        "Preferred Stock Dividends": NaN,
        "Net Income": NaN,
        "Minority Interests": NaN,
        "Net Income Including Noncontrolling Interests": NaN,
        "Net Income Continuous Operations": NaN,
        "Earnings From Equity Interest Net Of Tax": NaN,
        "Tax Provision": NaN,
        "Pretax Income": NaN,
        "Net Non Operating Interest Income Expense": NaN,
        "Interest Expense Non Operating": NaN,
        "Interest Income Non Operating": NaN,
        "Operating Income": NaN,
        "Operating Expense": NaN,
        "Other Operating Expenses": NaN,
        "Depreciation Amortization Depletion Income Statement": NaN,
        "Depreciation And Amortization In Income Statement": NaN,
        "Selling General And Administration": NaN,
        "General And Administrative Expense": NaN,
        "Other Gand A": NaN,
        "Gross Profit": NaN,
        "Cost Of Revenue": NaN,
        "Total Revenue": NaN,
        "Operating Revenue": NaN
    },
    "2022-12-31": {
        "Tax Effect Of Unusual Items": NaN,
        "Tax Rate For Calcs": NaN,
        "Normalized EBITDA": NaN,
        "Net Income From Continuing Operation Net Minority Interest": NaN,
        "Reconciled Depreciation": NaN,
        "Reconciled Cost Of Revenue": NaN,
        "EBITDA": NaN,
        "EBIT": NaN,
        "Net Interest Income": NaN,
        "Interest Expense": NaN,
        "Interest Income": NaN,
        "Normalized Income": NaN,
        "Net Income From Continuing And Discontinued Operation": NaN,
        "Total Expenses": NaN,
        "Total Operating Income As Reported": NaN,
        "Diluted Average Shares": NaN,
        "Basic Average Shares": NaN,
        "Diluted EPS": NaN,
        "Basic EPS": NaN,
        "Diluted NI Availto Com Stockholders": NaN,
        "Average Dilution Earnings": NaN,
        "Net Income Common Stockholders": NaN,
        "Otherunder Preferred Stock Dividend": -1894000.0,
        "Preferred Stock Dividends": NaN,
        "Net Income": NaN,
        "Minority Interests": NaN,
        "Net Income Including Noncontrolling Interests": NaN,
        "Net Income Continuous Operations": NaN,
        "Earnings From Equity Interest Net Of Tax": NaN,
        "Tax Provision": NaN,
        "Pretax Income": NaN,
        "Net Non Operating Interest Income Expense": NaN,
        "Interest Expense Non Operating": NaN,
        "Interest Income Non Operating": NaN,
        "Operating Income": NaN,
        "Operating Expense": NaN,
        "Other Operating Expenses": NaN,
        "Depreciation Amortization Depletion Income Statement": NaN,
        "Depreciation And Amortization In Income Statement": NaN,
        "Selling General And Administration": NaN,
        "General And Administrative Expense": NaN,
        "Other Gand A": NaN,
        "Gross Profit": NaN,
        "Cost Of Revenue": NaN,
        "Total Revenue": NaN,
        "Operating Revenue": NaN
    },
    "2022-09-30": {
        "Tax Effect Of Unusual Items": NaN,
        "Tax Rate For Calcs": NaN,
        "Normalized EBITDA": NaN,
        "Net Income From Continuing Operation Net Minority Interest": NaN,
        "Reconciled Depreciation": NaN,
        "Reconciled Cost Of Revenue": NaN,
        "EBITDA": NaN,
        "EBIT": NaN,
        "Net Interest Income": NaN,
        "Interest Expense": NaN,
        "Interest Income": NaN,
        "Normalized Income": NaN,
        "Net Income From Continuing And Discontinued Operation": NaN,
        "Total Expenses": NaN,
        "Total Operating Income As Reported": NaN,
        "Diluted Average Shares": NaN,
        "Basic Average Shares": NaN,
        "Diluted EPS": NaN,
        "Basic EPS": NaN,
        "Diluted NI Availto Com Stockholders": NaN,
        "Average Dilution Earnings": -976000.0,
        "Net Income Common Stockholders": NaN,
        "Otherunder Preferred Stock Dividend": 2425000.0,
        "Preferred Stock Dividends": NaN,
        "Net Income": NaN,
        "Minority Interests": NaN,
        "Net Income Including Noncontrolling Interests": NaN,
        "Net Income Continuous Operations": NaN,
        "Earnings From Equity Interest Net Of Tax": NaN,
        "Tax Provision": NaN,
        "Pretax Income": NaN,
        "Net Non Operating Interest Income Expense": NaN,
        "Interest Expense Non Operating": NaN,
        "Interest Income Non Operating": NaN,
        "Operating Income": NaN,
        "Operating Expense": NaN,
        "Other Operating Expenses": NaN,
        "Depreciation Amortization Depletion Income Statement": NaN,
        "Depreciation And Amortization In Income Statement": NaN,
        "Selling General And Administration": NaN,
        "General And Administrative Expense": NaN,
        "Other Gand A": NaN,
        "Gross Profit": NaN,
        "Cost Of Revenue": NaN,
        "Total Revenue": NaN,
        "Operating Revenue": NaN
    },
    "2022-06-30": {
        "Tax Effect Of Unusual Items": 0.0,
        "Tax Rate For Calcs": 0.223696,
        "Normalized EBITDA": 81624000.0,
        "Net Income From Continuing Operation Net Minority Interest": 31754000.0,
        "Reconciled Depreciation": 24353000.0,
        "Reconciled Cost Of Revenue": 2433483000.0,
        "EBITDA": 81624000.0,
        "EBIT": 57271000.0,
        "Net Interest Income": -7339000.0,
        "Interest Expense": 16336000.0,
        "Interest Income": 8997000.0,
        "Normalized Income": 31754000.0,
        "Net Income From Continuing And Discontinued Operation": 31754000.0,
        "Total Expenses": 2491989000.0,
        "Total Operating Income As Reported": 48274000.0,
        "Diluted Average Shares": 130558000.0,
        "Basic Average Shares": 121529000.0,
        "Diluted EPS": 0.24,
        "Basic EPS": 0.25,
        "Diluted NI Availto Com Stockholders": 30320000.0,
        "Average Dilution Earnings": NaN,
        "Net Income Common Stockholders": 30320000.0,
        "Otherunder Preferred Stock Dividend": NaN,
        "Preferred Stock Dividends": 1434000.0,
        "Net Income": 31754000.0,
        "Minority Interests": -52000.0,
        "Net Income Including Noncontrolling Interests": 31806000.0,
        "Net Income Continuous Operations": 31806000.0,
        "Earnings From Equity Interest Net Of Tax": 28000.0,
        "Tax Provision": 9157000.0,
        "Pretax Income": 40935000.0,
        "Net Non Operating Interest Income Expense": -7339000.0,
        "Interest Expense Non Operating": 16336000.0,
        "Interest Income Non Operating": 8997000.0,
        "Operating Income": 48274000.0,
        "Operating Expense": 58506000.0,
        "Other Operating Expenses": 1197000.0,
        "Depreciation Amortization Depletion Income Statement": 24353000.0,
        "Depreciation And Amortization In Income Statement": 24353000.0,
        "Selling General And Administration": 32956000.0,
        "General And Administrative Expense": 32956000.0,
        "Other Gand A": 32956000.0,
        "Gross Profit": 106780000.0,
        "Cost Of Revenue": 2433483000.0,
        "Total Revenue": 2540263000.0,
        "Operating Revenue": 2517605000.0
    },
    "2022-03-31": {
        "Diluted EPS": 0.0,
        "Total Revenue": NaN,
        "Gross Profit": 243,
        "Operating Income": 19,
        "EBIT": 41,
        "Net Income": 1
    },
    "2021-12-31": {
        "Diluted EPS": 0.11,
        "Total Revenue": NaN,
        "Gross Profit": 255,
        "Operating Income": 28,
        "EBIT": 74,
        "Net Income": 11
    },
    "2021-09-30": {
        "Diluted EPS": 0.25,
        "Total Revenue": NaN,
        "Gross Profit": 274,
        "Operating Income": 55,
        "EBIT": 75,
        "Net Income": 34
    },
    "2021-06-30": {
        "Diluted EPS": 0.19,
        "Total Revenue": NaN,
        "Gross Profit": 259,
        "Operating Income": 46,
        "EBIT": 70,
        "Net Income": 24
    },
    "2021-03-31": {
        "Diluted EPS": -0.13,
        "Total Revenue": NaN,
        "Gross Profit": 211,
        "Operating Income": 13,
        "EBIT": 35,
        "Net Income": -16
    },
    "2020-12-31": {
        "Diluted EPS": -0.15,
        "Total Revenue": NaN,
        "Gross Profit": 210,
        "Operating Income": 8,
        "EBIT": 34,
        "Net Income": -11
    },
    "2020-09-30": {
        "Diluted EPS": 0.14,
        "Total Revenue": 960,
        "Gross Profit": 207,
        "Operating Income": 32,
        "EBIT": 48,
        "Net Income": 10
    },
    "2020-06-30": {
        "Diluted EPS": 0.32,
        "Total Revenue": 814,
        "Gross Profit": 213,
        "Operating Income": 48,
        "EBIT": 62,
        "Net Income": 22
    },
    "2020-03-31": {
        "Diluted EPS": -0.16,
        "Total Revenue": 900,
        "Gross Profit": 161,
        "Operating Income": -8,
        "EBIT": 8,
        "Net Income": -10
    },
    "2019-12-31": {
        "Diluted EPS": 0.0,
        "Total Revenue": NaN,
        "Gross Profit": NaN,
        "Operating Income": NaN,
        "EBIT": NaN,
        "Net Income": NaN
    },
    "2019-09-30": {
        "Diluted EPS": -0.01,
        "Total Revenue": NaN,
        "Gross Profit": NaN,
        "Operating Income": 0,
        "EBIT": 0,
        "Net Income": 1
    },
    "2019-06-30": {
        "Diluted EPS": 0.0,
        "Total Revenue": NaN,
        "Gross Profit": NaN,
        "Operating Income": 0,
        "EBIT": 0,
        "Net Income": 0
    },
    "2018-12-31": {
        "Diluted EPS": 0.0,
        "Total Revenue": NaN,
        "Gross Profit": NaN,
        "Operating Income": NaN,
        "EBIT": NaN,
        "Net Income": NaN
    },
    "2023-06-30": {
        "Tax Effect Of Unusual Items": NaN,
        "Tax Rate For Calcs": NaN,
        "Normalized EBITDA": NaN,
        "Net Income From Continuing Operation Net Minority Interest": NaN,
        "Reconciled Depreciation": NaN,
        "Reconciled Cost Of Revenue": NaN,
        "EBITDA": NaN,
        "EBIT": NaN,
        "Net Interest Income": NaN,
        "Interest Expense": NaN,
        "Interest Income": NaN,
        "Normalized Income": NaN,
        "Net Income From Continuing And Discontinued Operation": NaN,
        "Total Expenses": NaN,
        "Total Operating Income As Reported": NaN,
        "Diluted Average Shares": NaN,
        "Basic Average Shares": NaN,
        "Diluted EPS": NaN,
        "Basic EPS": NaN,
        "Diluted NI Availto Com Stockholders": NaN,
        "Average Dilution Earnings": 0.0,
        "Net Income Common Stockholders": NaN,
        "Preferred Stock Dividends": NaN,
        "Net Income": NaN,
        "Minority Interests": NaN,
        "Net Income Including Noncontrolling Interests": NaN,
        "Net Income Continuous Operations": NaN,
        "Earnings From Equity Interest Net Of Tax": NaN,
        "Tax Provision": NaN,
        "Pretax Income": NaN,
        "Net Non Operating Interest Income Expense": NaN,
        "Interest Expense Non Operating": NaN,
        "Interest Income Non Operating": NaN,
        "Operating Income": NaN,
        "Operating Expense": NaN,
        "Other Operating Expenses": NaN,
        "Depreciation Amortization Depletion Income Statement": NaN,
        "Depreciation And Amortization In Income Statement": NaN,
        "Selling General And Administration": NaN,
        "General And Administrative Expense": NaN,
        "Other Gand A": NaN,
        "Gross Profit": NaN,
        "Cost Of Revenue": NaN,
        "Total Revenue": NaN,
        "Operating Revenue": NaN
    },
    "2023-09-30": {
        "Tax Effect Of Unusual Items": NaN,
        "Tax Rate For Calcs": NaN,
        "Normalized EBITDA": NaN,
        "Net Income From Continuing Operation Net Minority Interest": NaN,
        "Reconciled Depreciation": NaN,
        "Reconciled Cost Of Revenue": NaN,
        "EBITDA": NaN,
        "EBIT": NaN,
        "Net Interest Income": NaN,
        "Interest Expense": NaN,
        "Interest Income": NaN,
        "Normalized Income": NaN,
        "Net Income From Continuing And Discontinued Operation": NaN,
        "Total Expenses": NaN,
        "Total Operating Income As Reported": NaN,
        "Diluted Average Shares": NaN,
        "Basic Average Shares": NaN,
        "Diluted EPS": NaN,
        "Basic EPS": NaN,
        "Diluted NI Availto Com Stockholders": NaN,
        "Average Dilution Earnings": 0.0,
        "Net Income Common Stockholders": NaN,
        "Preferred Stock Dividends": NaN,
        "Net Income": NaN,
        "Minority Interests": NaN,
        "Net Income Including Noncontrolling Interests": NaN,
        "Net Income Continuous Operations": NaN,
        "Earnings From Equity Interest Net Of Tax": NaN,
        "Tax Provision": NaN,
        "Pretax Income": NaN,
        "Net Non Operating Interest Income Expense": NaN,
        "Interest Expense Non Operating": NaN,
        "Interest Income Non Operating": NaN,
        "Operating Income": NaN,
        "Operating Expense": NaN,
        "Other Operating Expenses": NaN,
        "Depreciation Amortization Depletion Income Statement": NaN,
        "Depreciation And Amortization In Income Statement": NaN,
        "Selling General And Administration": NaN,
        "General And Administrative Expense": NaN,
        "Other Gand A": NaN,
        "Gross Profit": NaN,
        "Cost Of Revenue": NaN,
        "Total Revenue": NaN,
        "Operating Revenue": NaN
    },
    "2023-12-31": {
        "Tax Effect Of Unusual Items": NaN,
        "Tax Rate For Calcs": NaN,
        "Normalized EBITDA": NaN,
        "Net Income From Continuing Operation Net Minority Interest": NaN,
        "Reconciled Depreciation": NaN,
        "Reconciled Cost Of Revenue": NaN,
        "EBITDA": NaN,
        "EBIT": NaN,
        "Net Interest Income": NaN,
        "Interest Expense": NaN,
        "Interest Income": NaN,
        "Normalized Income": NaN,
        "Net Income From Continuing And Discontinued Operation": NaN,
        "Total Expenses": NaN,
        "Total Operating Income As Reported": NaN,
        "Diluted Average Shares": NaN,
        "Basic Average Shares": NaN,
        "Diluted EPS": NaN,
        "Basic EPS": NaN,
        "Diluted NI Availto Com Stockholders": NaN,
        "Average Dilution Earnings": 0.0,
        "Net Income Common Stockholders": NaN,
        "Preferred Stock Dividends": NaN,
        "Net Income": NaN,
        "Minority Interests": -48000.0,
        "Net Income Including Noncontrolling Interests": NaN,
        "Net Income Continuous Operations": NaN,
        "Earnings From Equity Interest Net Of Tax": NaN,
        "Tax Provision": NaN,
        "Pretax Income": NaN,
        "Net Non Operating Interest Income Expense": NaN,
        "Interest Expense Non Operating": NaN,
        "Interest Income Non Operating": NaN,
        "Operating Income": NaN,
        "Operating Expense": NaN,
        "Other Operating Expenses": NaN,
        "Depreciation Amortization Depletion Income Statement": NaN,
        "Depreciation And Amortization In Income Statement": NaN,
        "Selling General And Administration": NaN,
        "General And Administrative Expense": NaN,
        "Other Gand A": NaN,
        "Gross Profit": NaN,
        "Cost Of Revenue": NaN,
        "Total Revenue": NaN,
        "Operating Revenue": NaN
    },
    "2024-03-31": {
        "Tax Effect Of Unusual Items": NaN,
        "Tax Rate For Calcs": NaN,
        "Normalized EBITDA": NaN,
        "Net Income From Continuing Operation Net Minority Interest": NaN,
        "Reconciled Depreciation": NaN,
        "Reconciled Cost Of Revenue": NaN,
        "EBITDA": NaN,
        "EBIT": NaN,
        "Net Interest Income": NaN,
        "Interest Expense": NaN,
        "Interest Income": NaN,
        "Normalized Income": NaN,
        "Net Income From Continuing And Discontinued Operation": NaN,
        "Total Expenses": NaN,
        "Total Operating Income As Reported": NaN,
        "Diluted Average Shares": NaN,
        "Basic Average Shares": NaN,
        "Diluted EPS": NaN,
        "Basic EPS": NaN,
        "Diluted NI Availto Com Stockholders": NaN,
        "Net Income Common Stockholders": NaN,
        "Preferred Stock Dividends": NaN,
        "Net Income": NaN,
        "Minority Interests": 0.0,
        "Net Income Including Noncontrolling Interests": NaN,
        "Net Income Continuous Operations": NaN,
        "Earnings From Equity Interest Net Of Tax": NaN,
        "Tax Provision": NaN,
        "Pretax Income": NaN,
        "Net Non Operating Interest Income Expense": NaN,
        "Interest Expense Non Operating": NaN,
        "Interest Income Non Operating": NaN,
        "Operating Income": NaN,
        "Operating Expense": NaN,
        "Other Operating Expenses": NaN,
        "Depreciation Amortization Depletion Income Statement": NaN,
        "Depreciation And Amortization In Income Statement": NaN,
        "Selling General And Administration": NaN,
        "General And Administrative Expense": NaN,
        "Other Gand A": NaN,
        "Gross Profit": NaN,
        "Cost Of Revenue": NaN,
        "Total Revenue": NaN,
        "Operating Revenue": NaN
    },
    "2024-06-30": {
        "Tax Effect Of Unusual Items": 0.0,
        "Tax Rate For Calcs": 0.349659,
        "Normalized EBITDA": 79909000.0,
        "Net Income From Continuing Operation Net Minority Interest": 14063000.0,
        "Reconciled Depreciation": 33577000.0,
        "Reconciled Cost Of Revenue": 2268941000.0,
        "EBITDA": 79909000.0,
        "EBIT": 46332000.0,
        "Net Interest Income": -21367000.0,
        "Interest Expense": 24751000.0,
        "Interest Income": 3384000.0,
        "Normalized Income": 14063000.0,
        "Net Income From Continuing And Discontinued Operation": 14063000.0,
        "Total Expenses": 2345215000.0,
        "Total Operating Income As Reported": 42948000.0,
        "Diluted Average Shares": 116880000.0,
        "Basic Average Shares": 115758000.0,
        "Diluted EPS": 0.11,
        "Basic EPS": 0.11,
        "Diluted NI Availto Com Stockholders": 12618000.0,
        "Net Income Common Stockholders": 12618000.0,
        "Preferred Stock Dividends": 1445000.0,
        "Net Income": 14063000.0,
        "Minority Interests": 0.0,
        "Net Income Including Noncontrolling Interests": 14063000.0,
        "Net Income Continuous Operations": 14063000.0,
        "Earnings From Equity Interest Net Of Tax": 28000.0,
        "Tax Provision": 7546000.0,
        "Pretax Income": 21581000.0,
        "Net Non Operating Interest Income Expense": -21367000.0,
        "Interest Expense Non Operating": 24751000.0,
        "Interest Income Non Operating": 3384000.0,
        "Operating Income": 42948000.0,
        "Operating Expense": 76274000.0,
        "Other Operating Expenses": 261000.0,
        "Depreciation Amortization Depletion Income Statement": 33577000.0,
        "Depreciation And Amortization In Income Statement": 33577000.0,
        "Selling General And Administration": 42436000.0,
        "General And Administrative Expense": 42436000.0,
        "Other Gand A": 42436000.0,
        "Gross Profit": 119222000.0,
        "Cost Of Revenue": 2268941000.0,
        "Total Revenue": 2388163000.0,
        "Operating Revenue": 2361779000.0
    },
    "2024-09-30": {
        "Tax Effect Of Unusual Items": 0.0,
        "Tax Rate For Calcs": 0.21,
        "Normalized EBITDA": 77836000.0,
        "Net Income From Continuing Operation Net Minority Interest": 9674000.0,
        "Reconciled Depreciation": 33132000.0,
        "Reconciled Cost Of Revenue": 2164740000.0,
        "EBITDA": 77836000.0,
        "EBIT": 44704000.0,
        "Net Interest Income": -23624000.0,
        "Interest Expense": 26759000.0,
        "Interest Income": 3135000.0,
        "Normalized Income": 9674000.0,
        "Net Income From Continuing And Discontinued Operation": 9674000.0,
        "Total Expenses": 2237667000.0,
        "Total Operating Income As Reported": 41569000.0,
        "Diluted Average Shares": 117888000.0,
        "Basic Average Shares": 115771000.0,
        "Diluted EPS": 0.07,
        "Basic EPS": 0.07,
        "Diluted NI Availto Com Stockholders": 8228000.0,
        "Net Income Common Stockholders": 8228000.0,
        "Preferred Stock Dividends": 1446000.0,
        "Net Income": 9674000.0,
        "Minority Interests": 0.0,
        "Net Income Including Noncontrolling Interests": 9674000.0,
        "Net Income Continuous Operations": 9674000.0,
        "Earnings From Equity Interest Net Of Tax": 29000.0,
        "Tax Provision": 8300000.0,
        "Pretax Income": 17945000.0,
        "Net Non Operating Interest Income Expense": -23624000.0,
        "Interest Expense Non Operating": 26759000.0,
        "Interest Income Non Operating": 3135000.0,
        "Operating Income": 41569000.0,
        "Operating Expense": 72927000.0,
        "Other Operating Expenses": 1159000.0,
        "Depreciation Amortization Depletion Income Statement": 33132000.0,
        "Depreciation And Amortization In Income Statement": 33132000.0,
        "Selling General And Administration": 38636000.0,
        "General And Administrative Expense": 38636000.0,
        "Other Gand A": 38636000.0,
        "Gross Profit": 114496000.0,
        "Cost Of Revenue": 2164740000.0,
        "Total Revenue": 2279236000.0,
        "Operating Revenue": 2253487000.0
    },
    "2024-12-31": {
        "Tax Effect Of Unusual Items": 0.0,
        "Tax Rate For Calcs": 0.21,
        "Normalized EBITDA": 52493000.0,
        "Net Income From Continuing Operation Net Minority Interest": -2298000.0,
        "Reconciled Depreciation": 33989000.0,
        "Reconciled Cost Of Revenue": 1900093000.0,
        "EBITDA": 52493000.0,
        "EBIT": 18504000.0,
        "Net Interest Income": -19713000.0,
        "Interest Expense": 23842000.0,
        "Interest Income": 4129000.0,
        "Normalized Income": -2298000.0,
        "Net Income From Continuing And Discontinued Operation": -2298000.0,
        "Total Expenses": 1977734000.0,
        "Total Operating Income As Reported": 14375000.0,
        "Diluted Average Shares": 115771000.0,
        "Basic Average Shares": 115771000.0,
        "Diluted EPS": -0.03,
        "Basic EPS": -0.03,
        "Diluted NI Availto Com Stockholders": -3743000.0,
        "Net Income Common Stockholders": -3743000.0,
        "Preferred Stock Dividends": 1445000.0,
        "Net Income": -2298000.0,
        "Minority Interests": 0.0,
        "Net Income Including Noncontrolling Interests": -2298000.0,
        "Net Income Continuous Operations": -2298000.0,
        "Earnings From Equity Interest Net Of Tax": 45000.0,
        "Tax Provision": -2995000.0,
        "Pretax Income": -5338000.0,
        "Net Non Operating Interest Income Expense": -19713000.0,
        "Interest Expense Non Operating": 23842000.0,
        "Interest Income Non Operating": 4129000.0,
        "Operating Income": 14375000.0,
        "Operating Expense": 77641000.0,
        "Other Operating Expenses": 3962000.0,
        "Depreciation Amortization Depletion Income Statement": 33989000.0,
        "Depreciation And Amortization In Income Statement": 33989000.0,
        "Selling General And Administration": 39690000.0,
        "General And Administrative Expense": 39690000.0,
        "Other Gand A": 39690000.0,
        "Gross Profit": 92016000.0,
        "Cost Of Revenue": 1900093000.0,
        "Total Revenue": 1992109000.0,
        "Operating Revenue": 1965011000.0
    },
    "2025-03-31": {
        "Tax Effect Of Unusual Items": 0.0,
        "Tax Rate For Calcs": 0.21,
        "Normalized EBITDA": 32598000.0,
        "Net Income From Continuing Operation Net Minority Interest": -12672000.0,
        "Reconciled Depreciation": 34887000.0,
        "Reconciled Cost Of Revenue": 1761952000.0,
        "EBITDA": 32598000.0,
        "EBIT": -2289000.0,
        "Net Interest Income": -13851000.0,
        "Interest Expense": 23326000.0,
        "Interest Income": 9475000.0,
        "Normalized Income": -12672000.0,
        "Net Income From Continuing And Discontinued Operation": -12672000.0,
        "Total Expenses": 1840669000.0,
        "Total Operating Income As Reported": -11764000.0,
        "Diluted Average Shares": 115883000.0,
        "Basic Average Shares": 115883000.0,
        "Diluted EPS": -0.12,
        "Basic EPS": -0.12,
        "Diluted NI Availto Com Stockholders": -14090000.0,
        "Net Income Common Stockholders": -14090000.0,
        "Preferred Stock Dividends": 1418000.0,
        "Net Income": -12672000.0,
        "Minority Interests": NaN,
        "Net Income Including Noncontrolling Interests": -12672000.0,
        "Net Income Continuous Operations": -12672000.0,
        "Earnings From Equity Interest Net Of Tax": 21000.0,
        "Tax Provision": -12922000.0,
        "Pretax Income": -25615000.0,
        "Net Non Operating Interest Income Expense": -13851000.0,
        "Interest Expense Non Operating": 23326000.0,
        "Interest Income Non Operating": 9475000.0,
        "Operating Income": -11764000.0,
        "Operating Expense": 78717000.0,
        "Other Operating Expenses": 2217000.0,
        "Depreciation Amortization Depletion Income Statement": 34887000.0,
        "Depreciation And Amortization In Income Statement": 34887000.0,
        "Selling General And Administration": 41613000.0,
        "General And Administrative Expense": 41613000.0,
        "Other Gand A": 41613000.0,
        "Gross Profit": 66953000.0,
        "Cost Of Revenue": 1761952000.0,
        "Total Revenue": 1828905000.0,
        "Operating Revenue": 1801401000.0
    },
    "2025-06-30": {
        "Tax Effect Of Unusual Items": 0.0,
        "Tax Rate For Calcs": 0.21,
        "Normalized EBITDA": 93995000.0,
        "Net Income From Continuing Operation Net Minority Interest": 20098000.0,
        "Reconciled Depreciation": 33602000.0,
        "Reconciled Cost Of Revenue": 1885740000.0,
        "EBITDA": 93995000.0,
        "EBIT": 60393000.0,
        "Net Interest Income": -19518000.0,
        "Interest Expense": 23221000.0,
        "Interest Income": 3703000.0,
        "Normalized Income": 20098000.0,
        "Net Income From Continuing And Discontinued Operation": 20098000.0,
        "Total Expenses": 1942829000.0,
        "Total Operating Income As Reported": 56690000.0,
        "Diluted Average Shares": 115411000.0,
        "Basic Average Shares": 114012000.0,
        "Diluted EPS": 0.16,
        "Basic EPS": 0.16,
        "Diluted NI Availto Com Stockholders": 18665000.0,
        "Net Income Common Stockholders": 18665000.0,
        "Preferred Stock Dividends": 1433000.0,
        "Net Income": 20098000.0,
        "Minority Interests": NaN,
        "Net Income Including Noncontrolling Interests": 20098000.0,
        "Net Income Continuous Operations": 20098000.0,
        "Earnings From Equity Interest Net Of Tax": 26000.0,
        "Tax Provision": 17100000.0,
        "Pretax Income": 37172000.0,
        "Net Non Operating Interest Income Expense": -19518000.0,
        "Interest Expense Non Operating": 23221000.0,
        "Interest Income Non Operating": 3703000.0,
        "Operating Income": 56690000.0,
        "Operating Expense": 57089000.0,
        "Other Operating Expenses": -17255000.0,
        "Depreciation Amortization Depletion Income Statement": 33602000.0,
        "Depreciation And Amortization In Income Statement": 33602000.0,
        "Selling General And Administration": 40742000.0,
        "General And Administrative Expense": 40742000.0,
        "Other Gand A": 40742000.0,
        "Gross Profit": 113779000.0,
        "Cost Of Revenue": 1885740000.0,
        "Total Revenue": 1999519000.0,
        "Operating Revenue": 1969668000.0
    }
}