{
    "2023-06-30": {
        "Tax Effect Of Unusual Items": NaN,
        "Tax Rate For Calcs": NaN,
        "Normalized EBITDA": NaN,
        "Total Unusual Items": NaN,
        "Total Unusual Items Excluding Goodwill": NaN,
        "Net Income From Continuing Operation Net Minority Interest": NaN,
        "Reconciled Depreciation": NaN,
        "Reconciled Cost Of Revenue": NaN,
        "EBITDA": NaN,
        "EBIT": NaN,
        "Net Interest Income": NaN,
        "Interest Income": NaN,
        "Normalized Income": NaN,
        "Net Income From Continuing And Discontinued Operation": NaN,
        "Total Expenses": NaN,
        "Total Operating Income As Reported": NaN,
        "Diluted Average Shares": NaN,
        "Basic Average Shares": NaN,
        "Diluted EPS": NaN,
        "Basic EPS": NaN,
        "Diluted NI Availto Com Stockholders": NaN,
        "Net Income Common Stockholders": NaN,
        "Net Income": NaN,
        "Net Income Including Noncontrolling Interests": NaN,
        "Net Income Continuous Operations": NaN,
        "Tax Provision": NaN,
        "Pretax Income": NaN,
        "Other Income Expense": NaN,
        "Other Non Operating Income Expenses": NaN,
        "Special Income Charges": 0.0,
        "Impairment Of Capital Assets": 0.0,
        "Restructuring And Mergern Acquisition": 0.0,
        "Earnings From Equity Interest": -7000000.0,
        "Gain On Sale Of Security": NaN,
        "Net Non Operating Interest Income Expense": NaN,
        "Interest Income Non Operating": NaN,
        "Operating Income": NaN,
        "Operating Expense": NaN,
        "Research And Development": NaN,
        "Selling General And Administration": NaN,
        "Gross Profit": NaN,
        "Cost Of Revenue": NaN,
        "Total Revenue": NaN,
        "Operating Revenue": NaN
    },
    "2022-06-30": {
        "Tax Effect Of Unusual Items": -426573.426573,
        "Tax Rate For Calcs": 0.213287,
        "Normalized EBITDA": 340000000.0,
        "Total Unusual Items": -2000000.0,
        "Total Unusual Items Excluding Goodwill": -2000000.0,
        "Net Income From Continuing Operation Net Minority Interest": 225000000.0,
        "Reconciled Depreciation": 42000000.0,
        "Reconciled Cost Of Revenue": 25000000.0,
        "EBITDA": 338000000.0,
        "EBIT": 296000000.0,
        "Net Interest Income": 2000000.0,
        "Interest Income": 2000000.0,
        "Normalized Income": 226573426.573427,
        "Net Income From Continuing And Discontinued Operation": 225000000.0,
        "Total Expenses": 396000000.0,
        "Total Operating Income As Reported": 294000000.0,
        "Diluted NI Availto Com Stockholders": 225000000.0,
        "Net Income Common Stockholders": 225000000.0,
        "Net Income": 225000000.0,
        "Net Income Including Noncontrolling Interests": 225000000.0,
        "Net Income Continuous Operations": 225000000.0,
        "Tax Provision": 61000000.0,
        "Pretax Income": 286000000.0,
        "Other Income Expense": -12000000.0,
        "Other Non Operating Income Expenses": 4000000.0,
        "Special Income Charges": -2000000.0,
        "Impairment Of Capital Assets": 0.0,
        "Restructuring And Mergern Acquisition": 2000000.0,
        "Earnings From Equity Interest": -14000000.0,
        "Net Non Operating Interest Income Expense": 2000000.0,
        "Interest Income Non Operating": 2000000.0,
        "Operating Income": 296000000.0,
        "Operating Expense": 371000000.0,
        "Research And Development": 218000000.0,
        "Selling General And Administration": 153000000.0,
        "Gross Profit": 667000000.0,
        "Cost Of Revenue": 25000000.0,
        "Total Revenue": 692000000.0,
        "Operating Revenue": 692000000.0
    },
    "2023-09-30": {
        "Tax Effect Of Unusual Items": NaN,
        "Tax Rate For Calcs": NaN,
        "Normalized EBITDA": NaN,
        "Total Unusual Items": NaN,
        "Total Unusual Items Excluding Goodwill": NaN,
        "Net Income From Continuing Operation Net Minority Interest": NaN,
        "Reconciled Depreciation": NaN,
        "Reconciled Cost Of Revenue": NaN,
        "EBITDA": NaN,
        "EBIT": NaN,
        "Net Interest Income": NaN,
        "Interest Income": NaN,
        "Normalized Income": NaN,
        "Net Income From Continuing And Discontinued Operation": NaN,
        "Total Expenses": NaN,
        "Total Operating Income As Reported": NaN,
        "Diluted Average Shares": NaN,
        "Basic Average Shares": NaN,
        "Diluted EPS": NaN,
        "Basic EPS": NaN,
        "Diluted NI Availto Com Stockholders": NaN,
        "Net Income Common Stockholders": NaN,
        "Net Income": NaN,
        "Net Income Including Noncontrolling Interests": NaN,
        "Net Income Continuous Operations": NaN,
        "Tax Provision": NaN,
        "Pretax Income": NaN,
        "Other Income Expense": NaN,
        "Other Non Operating Income Expenses": NaN,
        "Special Income Charges": 0.0,
        "Restructuring And Mergern Acquisition": 0.0,
        "Earnings From Equity Interest": -5000000.0,
        "Gain On Sale Of Security": NaN,
        "Net Non Operating Interest Income Expense": NaN,
        "Interest Income Non Operating": NaN,
        "Operating Income": NaN,
        "Operating Expense": NaN,
        "Research And Development": NaN,
        "Selling General And Administration": NaN,
        "Gross Profit": NaN,
        "Cost Of Revenue": NaN,
        "Total Revenue": NaN,
        "Operating Revenue": NaN
    },
    "2022-09-30": {
        "Tax Effect Of Unusual Items": -500000.0,
        "Tax Rate For Calcs": 0.25,
        "Normalized EBITDA": 232000000.0,
        "Total Unusual Items": -2000000.0,
        "Total Unusual Items Excluding Goodwill": -2000000.0,
        "Net Income From Continuing Operation Net Minority Interest": 114000000.0,
        "Reconciled Depreciation": 45000000.0,
        "Reconciled Cost Of Revenue": 25000000.0,
        "EBITDA": 230000000.0,
        "EBIT": 185000000.0,
        "Net Interest Income": 6000000.0,
        "Interest Income": 6000000.0,
        "Normalized Income": 115500000.0,
        "Net Income From Continuing And Discontinued Operation": 114000000.0,
        "Total Expenses": 445000000.0,
        "Total Operating Income As Reported": 183000000.0,
        "Diluted Average Shares": 1026054856.0,
        "Basic Average Shares": 1026054856.0,
        "Diluted EPS": 0.111105,
        "Basic EPS": 0.111105,
        "Diluted NI Availto Com Stockholders": 114000000.0,
        "Net Income Common Stockholders": 114000000.0,
        "Net Income": 114000000.0,
        "Net Income Including Noncontrolling Interests": 114000000.0,
        "Net Income Continuous Operations": 114000000.0,
        "Tax Provision": 38000000.0,
        "Pretax Income": 152000000.0,
        "Other Income Expense": -39000000.0,
        "Other Non Operating Income Expenses": 23000000.0,
        "Special Income Charges": -2000000.0,
        "Impairment Of Capital Assets": NaN,
        "Restructuring And Mergern Acquisition": 2000000.0,
        "Earnings From Equity Interest": -60000000.0,
        "Net Non Operating Interest Income Expense": 6000000.0,
        "Interest Income Non Operating": 6000000.0,
        "Operating Income": 185000000.0,
        "Operating Expense": 420000000.0,
        "Research And Development": 248000000.0,
        "Selling General And Administration": 172000000.0,
        "Gross Profit": 605000000.0,
        "Cost Of Revenue": 25000000.0,
        "Total Revenue": 630000000.0,
        "Operating Revenue": 630000000.0
    },
    "2023-12-31": {
        "Tax Effect Of Unusual Items": NaN,
        "Tax Rate For Calcs": NaN,
        "Normalized EBITDA": NaN,
        "Total Unusual Items": NaN,
        "Total Unusual Items Excluding Goodwill": NaN,
        "Net Income From Continuing Operation Net Minority Interest": NaN,
        "Reconciled Depreciation": NaN,
        "Reconciled Cost Of Revenue": NaN,
        "EBITDA": NaN,
        "EBIT": NaN,
        "Net Interest Income": NaN,
        "Interest Income": NaN,
        "Normalized Income": NaN,
        "Net Income From Continuing And Discontinued Operation": NaN,
        "Total Expenses": NaN,
        "Total Operating Income As Reported": NaN,
        "Diluted Average Shares": NaN,
        "Basic Average Shares": NaN,
        "Diluted EPS": NaN,
        "Basic EPS": NaN,
        "Diluted NI Availto Com Stockholders": NaN,
        "Net Income Common Stockholders": NaN,
        "Net Income": NaN,
        "Net Income Including Noncontrolling Interests": NaN,
        "Net Income Continuous Operations": NaN,
        "Tax Provision": NaN,
        "Pretax Income": NaN,
        "Other Income Expense": NaN,
        "Other Non Operating Income Expenses": NaN,
        "Special Income Charges": -6000000.0,
        "Restructuring And Mergern Acquisition": 6000000.0,
        "Earnings From Equity Interest": -1000000.0,
        "Gain On Sale Of Security": NaN,
        "Net Non Operating Interest Income Expense": NaN,
        "Interest Income Non Operating": NaN,
        "Operating Income": NaN,
        "Operating Expense": NaN,
        "Research And Development": NaN,
        "Selling General And Administration": NaN,
        "Gross Profit": NaN,
        "Cost Of Revenue": NaN,
        "Total Revenue": NaN,
        "Operating Revenue": NaN
    },
    "2023-03-31": {
        "Tax Effect Of Unusual Items": NaN,
        "Tax Rate For Calcs": NaN,
        "Normalized EBITDA": NaN,
        "Total Unusual Items": NaN,
        "Total Unusual Items Excluding Goodwill": NaN,
        "Net Income From Continuing Operation Net Minority Interest": NaN,
        "Reconciled Depreciation": NaN,
        "Reconciled Cost Of Revenue": NaN,
        "EBITDA": NaN,
        "EBIT": NaN,
        "Net Interest Income": NaN,
        "Interest Income": NaN,
        "Normalized Income": NaN,
        "Net Income From Continuing And Discontinued Operation": NaN,
        "Total Expenses": NaN,
        "Total Operating Income As Reported": NaN,
        "Diluted Average Shares": NaN,
        "Basic Average Shares": NaN,
        "Diluted EPS": NaN,
        "Basic EPS": NaN,
        "Diluted NI Availto Com Stockholders": NaN,
        "Net Income Common Stockholders": NaN,
        "Net Income": NaN,
        "Net Income Including Noncontrolling Interests": NaN,
        "Net Income Continuous Operations": NaN,
        "Tax Provision": NaN,
        "Pretax Income": NaN,
        "Other Income Expense": NaN,
        "Other Non Operating Income Expenses": NaN,
        "Special Income Charges": -1000000.0,
        "Impairment Of Capital Assets": NaN,
        "Restructuring And Mergern Acquisition": 1000000.0,
        "Earnings From Equity Interest": 35000000.0,
        "Gain On Sale Of Security": NaN,
        "Net Non Operating Interest Income Expense": NaN,
        "Interest Income Non Operating": NaN,
        "Operating Income": NaN,
        "Operating Expense": NaN,
        "Research And Development": NaN,
        "Selling General And Administration": NaN,
        "Gross Profit": NaN,
        "Cost Of Revenue": NaN,
        "Total Revenue": NaN,
        "Operating Revenue": NaN
    },
    "2022-12-31": {
        "Tax Effect Of Unusual Items": NaN,
        "Tax Rate For Calcs": NaN,
        "Normalized EBITDA": NaN,
        "Total Unusual Items": NaN,
        "Total Unusual Items Excluding Goodwill": NaN,
        "Net Income From Continuing Operation Net Minority Interest": NaN,
        "Reconciled Depreciation": NaN,
        "Reconciled Cost Of Revenue": NaN,
        "EBITDA": NaN,
        "EBIT": NaN,
        "Net Interest Income": NaN,
        "Interest Income": NaN,
        "Normalized Income": NaN,
        "Net Income From Continuing And Discontinued Operation": NaN,
        "Total Expenses": NaN,
        "Total Operating Income As Reported": NaN,
        "Diluted Average Shares": 1026054856.0,
        "Basic Average Shares": 1026054856.0,
        "Diluted EPS": 0.177378,
        "Basic EPS": 0.177378,
        "Diluted NI Availto Com Stockholders": NaN,
        "Net Income Common Stockholders": NaN,
        "Net Income": NaN,
        "Net Income Including Noncontrolling Interests": NaN,
        "Net Income Continuous Operations": NaN,
        "Tax Provision": NaN,
        "Pretax Income": NaN,
        "Other Income Expense": NaN,
        "Other Non Operating Income Expenses": NaN,
        "Special Income Charges": NaN,
        "Impairment Of Capital Assets": NaN,
        "Restructuring And Mergern Acquisition": NaN,
        "Earnings From Equity Interest": NaN,
        "Net Non Operating Interest Income Expense": NaN,
        "Interest Income Non Operating": NaN,
        "Operating Income": NaN,
        "Operating Expense": NaN,
        "Research And Development": NaN,
        "Selling General And Administration": NaN,
        "Gross Profit": NaN,
        "Cost Of Revenue": NaN,
        "Total Revenue": NaN,
        "Operating Revenue": NaN
    },
    "2024-03-31": {
        "Tax Effect Of Unusual Items": NaN,
        "Tax Rate For Calcs": NaN,
        "Normalized EBITDA": NaN,
        "Total Unusual Items": NaN,
        "Total Unusual Items Excluding Goodwill": NaN,
        "Net Income From Continuing Operation Net Minority Interest": NaN,
        "Reconciled Depreciation": NaN,
        "Reconciled Cost Of Revenue": NaN,
        "EBITDA": NaN,
        "EBIT": NaN,
        "Net Interest Income": NaN,
        "Interest Income": NaN,
        "Normalized Income": NaN,
        "Net Income From Continuing And Discontinued Operation": NaN,
        "Total Expenses": NaN,
        "Total Operating Income As Reported": NaN,
        "Diluted Average Shares": NaN,
        "Basic Average Shares": NaN,
        "Diluted EPS": NaN,
        "Basic EPS": NaN,
        "Diluted NI Availto Com Stockholders": NaN,
        "Net Income Common Stockholders": NaN,
        "Net Income": NaN,
        "Net Income Including Noncontrolling Interests": NaN,
        "Net Income Continuous Operations": NaN,
        "Tax Provision": NaN,
        "Pretax Income": NaN,
        "Other Income Expense": NaN,
        "Other Non Operating Income Expenses": NaN,
        "Special Income Charges": 0.0,
        "Restructuring And Mergern Acquisition": 0.0,
        "Earnings From Equity Interest": -7000000.0,
        "Gain On Sale Of Security": NaN,
        "Net Non Operating Interest Income Expense": NaN,
        "Interest Income Non Operating": NaN,
        "Operating Income": NaN,
        "Operating Expense": NaN,
        "Research And Development": NaN,
        "Selling General And Administration": NaN,
        "Gross Profit": NaN,
        "Cost Of Revenue": NaN,
        "Total Revenue": NaN,
        "Operating Revenue": NaN
    },
    "2024-06-30": {
        "Tax Effect Of Unusual Items": 2065573.770492,
        "Tax Rate For Calcs": 0.086066,
        "Normalized EBITDA": 201000000.0,
        "Total Unusual Items": 24000000.0,
        "Total Unusual Items Excluding Goodwill": 24000000.0,
        "Net Income From Continuing Operation Net Minority Interest": 223000000.0,
        "Reconciled Depreciation": 43000000.0,
        "Reconciled Cost Of Revenue": 33000000.0,
        "EBITDA": 225000000.0,
        "EBIT": 182000000.0,
        "Net Interest Income": 32000000.0,
        "Interest Income": 32000000.0,
        "Normalized Income": 201065573.770492,
        "Net Income From Continuing And Discontinued Operation": 223000000.0,
        "Total Expenses": 757000000.0,
        "Total Operating Income As Reported": 182000000.0,
        "Diluted Average Shares": 1060000000.0,
        "Basic Average Shares": 1044000000.0,
        "Diluted EPS": 0.21,
        "Basic EPS": 0.21,
        "Diluted NI Availto Com Stockholders": 223000000.0,
        "Net Income Common Stockholders": 223000000.0,
        "Net Income": 223000000.0,
        "Net Income Including Noncontrolling Interests": 223000000.0,
        "Net Income Continuous Operations": 223000000.0,
        "Tax Provision": 21000000.0,
        "Pretax Income": 244000000.0,
        "Other Income Expense": 30000000.0,
        "Other Non Operating Income Expenses": 6000000.0,
        "Special Income Charges": NaN,
        "Restructuring And Mergern Acquisition": NaN,
        "Earnings From Equity Interest": NaN,
        "Gain On Sale Of Security": 24000000.0,
        "Net Non Operating Interest Income Expense": 32000000.0,
        "Interest Income Non Operating": 32000000.0,
        "Operating Income": 182000000.0,
        "Operating Expense": 724000000.0,
        "Research And Development": 485000000.0,
        "Selling General And Administration": 239000000.0,
        "Gross Profit": 906000000.0,
        "Cost Of Revenue": 33000000.0,
        "Total Revenue": 939000000.0,
        "Operating Revenue": 939000000.0
    },
    "2024-09-30": {
        "Tax Effect Of Unusual Items": -2100000.0,
        "Tax Rate For Calcs": 0.21,
        "Normalized EBITDA": 118000000.0,
        "Total Unusual Items": -10000000.0,
        "Total Unusual Items Excluding Goodwill": -10000000.0,
        "Net Income From Continuing Operation Net Minority Interest": 107000000.0,
        "Reconciled Depreciation": 44000000.0,
        "Reconciled Cost Of Revenue": 32000000.0,
        "EBITDA": 108000000.0,
        "EBIT": 64000000.0,
        "Net Interest Income": 29000000.0,
        "Interest Income": 29000000.0,
        "Normalized Income": 114900000.0,
        "Net Income From Continuing And Discontinued Operation": 107000000.0,
        "Total Expenses": 780000000.0,
        "Total Operating Income As Reported": 64000000.0,
        "Diluted Average Shares": 1063000000.0,
        "Basic Average Shares": 1049000000.0,
        "Diluted EPS": 0.1,
        "Basic EPS": 0.1,
        "Diluted NI Availto Com Stockholders": 107000000.0,
        "Net Income Common Stockholders": 107000000.0,
        "Net Income": 107000000.0,
        "Net Income Including Noncontrolling Interests": 107000000.0,
        "Net Income Continuous Operations": 107000000.0,
        "Tax Provision": -43000000.0,
        "Pretax Income": 64000000.0,
        "Other Income Expense": -29000000.0,
        "Other Non Operating Income Expenses": -19000000.0,
        "Special Income Charges": NaN,
        "Gain On Sale Of Security": -10000000.0,
        "Net Non Operating Interest Income Expense": 29000000.0,
        "Interest Income Non Operating": 29000000.0,
        "Operating Income": 64000000.0,
        "Operating Expense": 748000000.0,
        "Research And Development": 507000000.0,
        "Selling General And Administration": 241000000.0,
        "Gross Profit": 812000000.0,
        "Cost Of Revenue": 32000000.0,
        "Total Revenue": 844000000.0,
        "Operating Revenue": 844000000.0
    },
    "2024-12-31": {
        "Tax Effect Of Unusual Items": 2340000.0,
        "Tax Rate For Calcs": 0.06,
        "Normalized EBITDA": 183000000.0,
        "Total Unusual Items": 39000000.0,
        "Total Unusual Items Excluding Goodwill": 39000000.0,
        "Net Income From Continuing Operation Net Minority Interest": 252000000.0,
        "Reconciled Depreciation": 47000000.0,
        "Reconciled Cost Of Revenue": 28000000.0,
        "EBITDA": 222000000.0,
        "EBIT": 175000000.0,
        "Net Interest Income": 28000000.0,
        "Interest Income": 28000000.0,
        "Normalized Income": 215340000.0,
        "Net Income From Continuing And Discontinued Operation": 252000000.0,
        "Total Expenses": 808000000.0,
        "Total Operating Income As Reported": 175000000.0,
        "Diluted Average Shares": 1064000000.0,
        "Basic Average Shares": 1052000000.0,
        "Diluted EPS": 0.24,
        "Basic EPS": 0.24,
        "Diluted NI Availto Com Stockholders": 252000000.0,
        "Net Income Common Stockholders": 252000000.0,
        "Net Income": 252000000.0,
        "Net Income Including Noncontrolling Interests": 252000000.0,
        "Net Income Continuous Operations": 252000000.0,
        "Tax Provision": 16000000.0,
        "Pretax Income": 268000000.0,
        "Other Income Expense": 65000000.0,
        "Other Non Operating Income Expenses": 26000000.0,
        "Special Income Charges": 0.0,
        "Gain On Sale Of Security": 39000000.0,
        "Net Non Operating Interest Income Expense": 28000000.0,
        "Interest Income Non Operating": 28000000.0,
        "Operating Income": 175000000.0,
        "Operating Expense": 780000000.0,
        "Research And Development": 533000000.0,
        "Selling General And Administration": 247000000.0,
        "Gross Profit": 955000000.0,
        "Cost Of Revenue": 28000000.0,
        "Total Revenue": 983000000.0,
        "Operating Revenue": 983000000.0
    },
    "2025-03-31": {
        "Tax Effect Of Unusual Items": -60900000.0,
        "Tax Rate For Calcs": 0.21,
        "Normalized EBITDA": 749000000.0,
        "Total Unusual Items": -290000000.0,
        "Total Unusual Items Excluding Goodwill": -290000000.0,
        "Net Income From Continuing Operation Net Minority Interest": 210000000.0,
        "Reconciled Depreciation": 49000000.0,
        "Reconciled Cost Of Revenue": 28000000.0,
        "EBITDA": 459000000.0,
        "EBIT": 410000000.0,
        "Net Interest Income": 27000000.0,
        "Interest Income": 27000000.0,
        "Normalized Income": 439100000.0,
        "Net Income From Continuing And Discontinued Operation": 210000000.0,
        "Total Expenses": 831000000.0,
        "Total Operating Income As Reported": 410000000.0,
        "Diluted Average Shares": 1065000000.0,
        "Basic Average Shares": 1055000000.0,
        "Diluted EPS": 0.2,
        "Basic EPS": 0.2,
        "Diluted NI Availto Com Stockholders": 210000000.0,
        "Net Income Common Stockholders": 210000000.0,
        "Net Income": 210000000.0,
        "Net Income Including Noncontrolling Interests": 210000000.0,
        "Net Income Continuous Operations": 210000000.0,
        "Tax Provision": -66000000.0,
        "Pretax Income": 144000000.0,
        "Other Income Expense": -293000000.0,
        "Other Non Operating Income Expenses": -3000000.0,
        "Special Income Charges": 0.0,
        "Gain On Sale Of Security": -290000000.0,
        "Net Non Operating Interest Income Expense": 27000000.0,
        "Interest Income Non Operating": 27000000.0,
        "Operating Income": 410000000.0,
        "Operating Expense": 803000000.0,
        "Research And Development": 546000000.0,
        "Selling General And Administration": 257000000.0,
        "Gross Profit": 1213000000.0,
        "Cost Of Revenue": 28000000.0,
        "Total Revenue": 1241000000.0,
        "Operating Revenue": 1241000000.0
    },
    "2025-06-30": {
        "Tax Effect Of Unusual Items": 440000.0,
        "Tax Rate For Calcs": 0.11,
        "Normalized EBITDA": 170000000.0,
        "Total Unusual Items": 4000000.0,
        "Total Unusual Items Excluding Goodwill": 4000000.0,
        "Net Income From Continuing Operation Net Minority Interest": 130000000.0,
        "Reconciled Depreciation": 60000000.0,
        "Reconciled Cost Of Revenue": 30000000.0,
        "EBITDA": 174000000.0,
        "EBIT": 114000000.0,
        "Net Interest Income": 27000000.0,
        "Interest Income": 27000000.0,
        "Normalized Income": 126440000.0,
        "Net Income From Continuing And Discontinued Operation": 130000000.0,
        "Total Expenses": 939000000.0,
        "Total Operating Income As Reported": 114000000.0,
        "Diluted Average Shares": 1065000000.0,
        "Basic Average Shares": 1058000000.0,
        "Diluted EPS": 0.12,
        "Basic EPS": 0.12,
        "Diluted NI Availto Com Stockholders": 130000000.0,
        "Net Income Common Stockholders": 130000000.0,
        "Net Income": 130000000.0,
        "Net Income Including Noncontrolling Interests": 130000000.0,
        "Net Income Continuous Operations": 130000000.0,
        "Tax Provision": 16000000.0,
        "Pretax Income": 146000000.0,
        "Other Income Expense": 5000000.0,
        "Other Non Operating Income Expenses": 1000000.0,
        "Special Income Charges": NaN,
        "Gain On Sale Of Security": 4000000.0,
        "Net Non Operating Interest Income Expense": 27000000.0,
        "Interest Income Non Operating": 27000000.0,
        "Operating Income": 114000000.0,
        "Operating Expense": 909000000.0,
        "Research And Development": 650000000.0,
        "Selling General And Administration": 259000000.0,
        "Gross Profit": 1023000000.0,
        "Cost Of Revenue": 30000000.0,
        "Total Revenue": 1053000000.0,
        "Operating Revenue": 1053000000.0
    },
    "2025-09-30": {
        "Tax Effect Of Unusual Items": -3392000.0,
        "Tax Rate For Calcs": 0.212,
        "Normalized EBITDA": 234000000.0,
        "Total Unusual Items": -16000000.0,
        "Total Unusual Items Excluding Goodwill": -16000000.0,
        "Net Income From Continuing Operation Net Minority Interest": 238000000.0,
        "Reconciled Depreciation": 55000000.0,
        "Reconciled Cost Of Revenue": 29000000.0,
        "EBITDA": 218000000.0,
        "EBIT": 163000000.0,
        "Net Interest Income": 27000000.0,
        "Interest Income": 27000000.0,
        "Normalized Income": 250608000.0,
        "Net Income From Continuing And Discontinued Operation": 238000000.0,
        "Total Expenses": 972000000.0,
        "Total Operating Income As Reported": 163000000.0,
        "Diluted Average Shares": 1069000000.0,
        "Basic Average Shares": 1060000000.0,
        "Diluted EPS": 0.22,
        "Basic EPS": 0.22,
        "Diluted NI Availto Com Stockholders": 238000000.0,
        "Net Income Common Stockholders": 238000000.0,
        "Net Income": 238000000.0,
        "Net Income Including Noncontrolling Interests": 238000000.0,
        "Net Income Continuous Operations": 238000000.0,
        "Tax Provision": 64000000.0,
        "Pretax Income": 302000000.0,
        "Other Income Expense": 112000000.0,
        "Other Non Operating Income Expenses": 128000000.0,
        "Special Income Charges": NaN,
        "Gain On Sale Of Security": -16000000.0,
        "Net Non Operating Interest Income Expense": 27000000.0,
        "Interest Income Non Operating": 27000000.0,
        "Operating Income": 163000000.0,
        "Operating Expense": 943000000.0,
        "Research And Development": 691000000.0,
        "Selling General And Administration": 252000000.0,
        "Gross Profit": 1106000000.0,
        "Cost Of Revenue": 29000000.0,
        "Total Revenue": 1135000000.0,
        "Operating Revenue": 1135000000.0
    }
}