{
    "2023-12-31": {
        "Tax Effect Of Unusual Items": NaN,
        "Tax Rate For Calcs": NaN,
        "Normalized EBITDA": NaN,
        "Total Unusual Items": NaN,
        "Total Unusual Items Excluding Goodwill": NaN,
        "Net Income From Continuing Operation Net Minority Interest": NaN,
        "Reconciled Depreciation": NaN,
        "Reconciled Cost Of Revenue": NaN,
        "EBITDA": NaN,
        "EBIT": NaN,
        "Net Interest Income": NaN,
        "Interest Expense": NaN,
        "Interest Income": NaN,
        "Normalized Income": NaN,
        "Net Income From Continuing And Discontinued Operation": NaN,
        "Total Expenses": NaN,
        "Total Operating Income As Reported": NaN,
        "Diluted Average Shares": NaN,
        "Basic Average Shares": NaN,
        "Diluted EPS": -0.04,
        "Basic EPS": -0.04,
        "Diluted NI Availto Com Stockholders": NaN,
        "Net Income Common Stockholders": NaN,
        "Otherunder Preferred Stock Dividend": NaN,
        "Net Income": NaN,
        "Minority Interests": NaN,
        "Net Income Including Noncontrolling Interests": NaN,
        "Net Income Continuous Operations": NaN,
        "Tax Provision": NaN,
        "Pretax Income": NaN,
        "Other Income Expense": NaN,
        "Special Income Charges": 0.0,
        "Gain On Sale Of Ppe": NaN,
        "Gain On Sale Of Business": NaN,
        "Restructuring And Mergern Acquisition": 0.0,
        "Earnings From Equity Interest": NaN,
        "Gain On Sale Of Security": NaN,
        "Net Non Operating Interest Income Expense": NaN,
        "Total Other Finance Cost": -6000.0,
        "Interest Expense Non Operating": NaN,
        "Interest Income Non Operating": NaN,
        "Operating Income": NaN,
        "Operating Expense": NaN,
        "Other Operating Expenses": NaN,
        "Selling General And Administration": NaN,
        "General And Administrative Expense": NaN,
        "Other Gand A": NaN,
        "Salaries And Wages": NaN,
        "Gross Profit": NaN,
        "Cost Of Revenue": NaN,
        "Total Revenue": NaN,
        "Operating Revenue": NaN
    },
    "2023-09-30": {
        "Tax Effect Of Unusual Items": NaN,
        "Tax Rate For Calcs": NaN,
        "Normalized EBITDA": NaN,
        "Total Unusual Items": NaN,
        "Total Unusual Items Excluding Goodwill": NaN,
        "Net Income From Continuing Operation Net Minority Interest": NaN,
        "Reconciled Depreciation": NaN,
        "Reconciled Cost Of Revenue": NaN,
        "EBITDA": NaN,
        "EBIT": NaN,
        "Net Interest Income": NaN,
        "Interest Expense": NaN,
        "Interest Income": NaN,
        "Normalized Income": NaN,
        "Net Income From Continuing And Discontinued Operation": NaN,
        "Total Expenses": NaN,
        "Total Operating Income As Reported": NaN,
        "Diluted Average Shares": NaN,
        "Basic Average Shares": NaN,
        "Diluted EPS": NaN,
        "Basic EPS": NaN,
        "Diluted NI Availto Com Stockholders": NaN,
        "Net Income Common Stockholders": NaN,
        "Otherunder Preferred Stock Dividend": 0.0,
        "Net Income": NaN,
        "Minority Interests": NaN,
        "Net Income Including Noncontrolling Interests": NaN,
        "Net Income Continuous Operations": NaN,
        "Tax Provision": NaN,
        "Pretax Income": NaN,
        "Other Income Expense": NaN,
        "Special Income Charges": 0.0,
        "Gain On Sale Of Ppe": 0.0,
        "Gain On Sale Of Business": 0.0,
        "Restructuring And Mergern Acquisition": 0.0,
        "Earnings From Equity Interest": NaN,
        "Gain On Sale Of Security": NaN,
        "Net Non Operating Interest Income Expense": NaN,
        "Total Other Finance Cost": -22000.0,
        "Interest Expense Non Operating": NaN,
        "Interest Income Non Operating": NaN,
        "Operating Income": NaN,
        "Operating Expense": NaN,
        "Other Operating Expenses": NaN,
        "Selling General And Administration": NaN,
        "General And Administrative Expense": NaN,
        "Other Gand A": NaN,
        "Salaries And Wages": NaN,
        "Gross Profit": NaN,
        "Cost Of Revenue": NaN,
        "Total Revenue": NaN,
        "Operating Revenue": NaN
    },
    "2023-06-30": {
        "Tax Effect Of Unusual Items": NaN,
        "Tax Rate For Calcs": NaN,
        "Normalized EBITDA": NaN,
        "Total Unusual Items": NaN,
        "Total Unusual Items Excluding Goodwill": NaN,
        "Net Income From Continuing Operation Net Minority Interest": NaN,
        "Reconciled Depreciation": NaN,
        "Reconciled Cost Of Revenue": NaN,
        "EBITDA": NaN,
        "EBIT": NaN,
        "Net Interest Income": NaN,
        "Interest Expense": NaN,
        "Interest Income": NaN,
        "Normalized Income": NaN,
        "Net Income From Continuing And Discontinued Operation": NaN,
        "Total Expenses": NaN,
        "Total Operating Income As Reported": NaN,
        "Diluted Average Shares": NaN,
        "Basic Average Shares": NaN,
        "Diluted EPS": NaN,
        "Basic EPS": NaN,
        "Diluted NI Availto Com Stockholders": NaN,
        "Net Income Common Stockholders": NaN,
        "Otherunder Preferred Stock Dividend": NaN,
        "Net Income": NaN,
        "Minority Interests": 0.0,
        "Net Income Including Noncontrolling Interests": NaN,
        "Net Income Continuous Operations": NaN,
        "Tax Provision": NaN,
        "Pretax Income": NaN,
        "Other Income Expense": NaN,
        "Special Income Charges": NaN,
        "Gain On Sale Of Ppe": NaN,
        "Gain On Sale Of Business": -10023000.0,
        "Restructuring And Mergern Acquisition": NaN,
        "Earnings From Equity Interest": NaN,
        "Gain On Sale Of Security": NaN,
        "Net Non Operating Interest Income Expense": NaN,
        "Total Other Finance Cost": -14000.0,
        "Interest Expense Non Operating": NaN,
        "Interest Income Non Operating": NaN,
        "Operating Income": NaN,
        "Operating Expense": NaN,
        "Other Operating Expenses": NaN,
        "Selling General And Administration": NaN,
        "General And Administrative Expense": NaN,
        "Other Gand A": NaN,
        "Salaries And Wages": NaN,
        "Gross Profit": NaN,
        "Cost Of Revenue": NaN,
        "Total Revenue": NaN,
        "Operating Revenue": NaN
    },
    "2023-03-31": {
        "Tax Effect Of Unusual Items": NaN,
        "Tax Rate For Calcs": NaN,
        "Normalized EBITDA": NaN,
        "Total Unusual Items": NaN,
        "Total Unusual Items Excluding Goodwill": NaN,
        "Net Income From Continuing Operation Net Minority Interest": NaN,
        "Reconciled Depreciation": NaN,
        "Reconciled Cost Of Revenue": NaN,
        "EBITDA": NaN,
        "EBIT": NaN,
        "Net Interest Income": NaN,
        "Interest Expense": NaN,
        "Interest Income": NaN,
        "Normalized Income": NaN,
        "Net Income From Continuing And Discontinued Operation": NaN,
        "Total Expenses": NaN,
        "Total Operating Income As Reported": NaN,
        "Diluted Average Shares": NaN,
        "Basic Average Shares": NaN,
        "Diluted EPS": NaN,
        "Basic EPS": NaN,
        "Diluted NI Availto Com Stockholders": NaN,
        "Average Dilution Earnings": 0.0,
        "Net Income Common Stockholders": NaN,
        "Otherunder Preferred Stock Dividend": NaN,
        "Net Income": NaN,
        "Minority Interests": NaN,
        "Net Income Including Noncontrolling Interests": NaN,
        "Net Income Continuous Operations": NaN,
        "Tax Provision": NaN,
        "Pretax Income": NaN,
        "Other Income Expense": NaN,
        "Special Income Charges": NaN,
        "Gain On Sale Of Ppe": NaN,
        "Gain On Sale Of Business": NaN,
        "Restructuring And Mergern Acquisition": NaN,
        "Earnings From Equity Interest": NaN,
        "Gain On Sale Of Security": NaN,
        "Net Non Operating Interest Income Expense": NaN,
        "Total Other Finance Cost": NaN,
        "Interest Expense Non Operating": NaN,
        "Interest Income Non Operating": NaN,
        "Operating Income": NaN,
        "Operating Expense": NaN,
        "Other Operating Expenses": NaN,
        "Selling General And Administration": NaN,
        "General And Administrative Expense": NaN,
        "Other Gand A": NaN,
        "Salaries And Wages": NaN,
        "Gross Profit": NaN,
        "Cost Of Revenue": NaN,
        "Total Revenue": NaN,
        "Operating Revenue": NaN
    },
    "2024-03-31": {
        "Tax Effect Of Unusual Items": -545100.0,
        "Tax Rate For Calcs": 0.15,
        "Normalized EBITDA": 28527000.0,
        "Total Unusual Items": -3634000.0,
        "Total Unusual Items Excluding Goodwill": -3634000.0,
        "Net Income From Continuing Operation Net Minority Interest": -744000.0,
        "Reconciled Depreciation": 7762000.0,
        "Reconciled Cost Of Revenue": 78852000.0,
        "EBITDA": 24893000.0,
        "EBIT": 17131000.0,
        "Net Interest Income": -4557000.0,
        "Interest Expense": 6821000.0,
        "Interest Income": 2246000.0,
        "Normalized Income": 2344900.0,
        "Net Income From Continuing And Discontinued Operation": -744000.0,
        "Total Expenses": 88568000.0,
        "Total Operating Income As Reported": 18501000.0,
        "Diluted Average Shares": 138381653.0,
        "Basic Average Shares": 138381653.0,
        "Diluted EPS": -0.01,
        "Basic EPS": -0.01,
        "Diluted NI Availto Com Stockholders": -744000.0,
        "Net Income Common Stockholders": -744000.0,
        "Otherunder Preferred Stock Dividend": NaN,
        "Net Income": -744000.0,
        "Minority Interests": 0.0,
        "Net Income Including Noncontrolling Interests": -744000.0,
        "Net Income Continuous Operations": -744000.0,
        "Tax Provision": 11054000.0,
        "Pretax Income": 10310000.0,
        "Other Income Expense": -4185000.0,
        "Special Income Charges": NaN,
        "Gain On Sale Of Ppe": NaN,
        "Gain On Sale Of Business": NaN,
        "Restructuring And Mergern Acquisition": NaN,
        "Earnings From Equity Interest": -551000.0,
        "Gain On Sale Of Security": -3634000.0,
        "Net Non Operating Interest Income Expense": -4557000.0,
        "Total Other Finance Cost": -18000.0,
        "Interest Expense Non Operating": 6821000.0,
        "Interest Income Non Operating": 2246000.0,
        "Operating Income": 19052000.0,
        "Operating Expense": 9716000.0,
        "Other Operating Expenses": 3667000.0,
        "Selling General And Administration": 6049000.0,
        "General And Administrative Expense": 6049000.0,
        "Other Gand A": 4207000.0,
        "Salaries And Wages": 1842000.0,
        "Gross Profit": 28768000.0,
        "Cost Of Revenue": 78852000.0,
        "Total Revenue": 107620000.0,
        "Operating Revenue": 107620000.0
    },
    "2022-12-31": {
        "Tax Effect Of Unusual Items": NaN,
        "Tax Rate For Calcs": NaN,
        "Normalized EBITDA": NaN,
        "Total Unusual Items": NaN,
        "Total Unusual Items Excluding Goodwill": NaN,
        "Net Income From Continuing Operation Net Minority Interest": NaN,
        "Reconciled Depreciation": NaN,
        "Reconciled Cost Of Revenue": NaN,
        "EBITDA": NaN,
        "EBIT": NaN,
        "Net Interest Income": NaN,
        "Interest Expense": NaN,
        "Interest Income": NaN,
        "Normalized Income": NaN,
        "Net Income From Continuing And Discontinued Operation": NaN,
        "Total Expenses": NaN,
        "Total Operating Income As Reported": NaN,
        "Diluted Average Shares": NaN,
        "Basic Average Shares": NaN,
        "Diluted EPS": NaN,
        "Basic EPS": NaN,
        "Diluted NI Availto Com Stockholders": NaN,
        "Average Dilution Earnings": NaN,
        "Net Income Common Stockholders": NaN,
        "Otherunder Preferred Stock Dividend": NaN,
        "Net Income": NaN,
        "Minority Interests": 0.0,
        "Net Income Including Noncontrolling Interests": NaN,
        "Net Income Continuous Operations": NaN,
        "Tax Provision": NaN,
        "Pretax Income": NaN,
        "Other Income Expense": NaN,
        "Special Income Charges": -8065000.0,
        "Gain On Sale Of Ppe": NaN,
        "Gain On Sale Of Business": 0.0,
        "Restructuring And Mergern Acquisition": 8065000.0,
        "Earnings From Equity Interest": NaN,
        "Gain On Sale Of Security": NaN,
        "Net Non Operating Interest Income Expense": NaN,
        "Total Other Finance Cost": NaN,
        "Interest Expense Non Operating": NaN,
        "Interest Income Non Operating": NaN,
        "Operating Income": NaN,
        "Operating Expense": NaN,
        "Other Operating Expenses": NaN,
        "Selling General And Administration": NaN,
        "General And Administrative Expense": NaN,
        "Other Gand A": NaN,
        "Salaries And Wages": NaN,
        "Gross Profit": NaN,
        "Cost Of Revenue": NaN,
        "Total Revenue": NaN,
        "Operating Revenue": NaN
    },
    "2022-09-30": {
        "Tax Effect Of Unusual Items": NaN,
        "Tax Rate For Calcs": NaN,
        "Normalized EBITDA": NaN,
        "Total Unusual Items": NaN,
        "Total Unusual Items Excluding Goodwill": NaN,
        "Net Income From Continuing Operation Net Minority Interest": NaN,
        "Reconciled Depreciation": NaN,
        "Reconciled Cost Of Revenue": NaN,
        "EBITDA": NaN,
        "EBIT": NaN,
        "Net Interest Income": NaN,
        "Interest Expense": NaN,
        "Interest Income": NaN,
        "Normalized Income": NaN,
        "Net Income From Continuing And Discontinued Operation": NaN,
        "Total Expenses": NaN,
        "Total Operating Income As Reported": NaN,
        "Diluted Average Shares": NaN,
        "Basic Average Shares": NaN,
        "Diluted EPS": NaN,
        "Basic EPS": NaN,
        "Diluted NI Availto Com Stockholders": NaN,
        "Average Dilution Earnings": NaN,
        "Net Income Common Stockholders": NaN,
        "Otherunder Preferred Stock Dividend": 0.0,
        "Net Income": NaN,
        "Minority Interests": 0.0,
        "Net Income Including Noncontrolling Interests": NaN,
        "Net Income Continuous Operations": NaN,
        "Tax Provision": NaN,
        "Pretax Income": NaN,
        "Other Income Expense": NaN,
        "Special Income Charges": -51176000.0,
        "Gain On Sale Of Ppe": -1311000.0,
        "Gain On Sale Of Business": 0.0,
        "Restructuring And Mergern Acquisition": 49865000.0,
        "Earnings From Equity Interest": NaN,
        "Gain On Sale Of Security": NaN,
        "Net Non Operating Interest Income Expense": NaN,
        "Total Other Finance Cost": NaN,
        "Interest Expense Non Operating": NaN,
        "Interest Income Non Operating": NaN,
        "Operating Income": NaN,
        "Operating Expense": NaN,
        "Other Operating Expenses": NaN,
        "Selling General And Administration": NaN,
        "General And Administrative Expense": NaN,
        "Other Gand A": NaN,
        "Salaries And Wages": NaN,
        "Gross Profit": NaN,
        "Cost Of Revenue": NaN,
        "Total Revenue": NaN,
        "Operating Revenue": NaN
    },
    "2024-06-30": {
        "Tax Effect Of Unusual Items": 160050.0,
        "Tax Rate For Calcs": 0.15,
        "Normalized EBITDA": 31179000.0,
        "Total Unusual Items": 1067000.0,
        "Total Unusual Items Excluding Goodwill": 1067000.0,
        "Net Income From Continuing Operation Net Minority Interest": 5713000.0,
        "Reconciled Depreciation": 8391000.0,
        "Reconciled Cost Of Revenue": 85076000.0,
        "EBITDA": 32246000.0,
        "EBIT": 23855000.0,
        "Net Interest Income": -4278000.0,
        "Interest Expense": 5951000.0,
        "Interest Income": 1691000.0,
        "Normalized Income": 4806050.0,
        "Net Income From Continuing And Discontinued Operation": 5713000.0,
        "Total Expenses": 93769000.0,
        "Total Operating Income As Reported": 21642000.0,
        "Diluted Average Shares": 152353037.0,
        "Basic Average Shares": 151474859.0,
        "Diluted EPS": 0.04,
        "Basic EPS": 0.04,
        "Diluted NI Availto Com Stockholders": 5713000.0,
        "Net Income Common Stockholders": 5713000.0,
        "Otherunder Preferred Stock Dividend": NaN,
        "Net Income": 5713000.0,
        "Minority Interests": 0.0,
        "Net Income Including Noncontrolling Interests": 5713000.0,
        "Net Income Continuous Operations": 5713000.0,
        "Tax Provision": 12191000.0,
        "Pretax Income": 17904000.0,
        "Other Income Expense": -1234000.0,
        "Special Income Charges": 0.0,
        "Gain On Sale Of Ppe": NaN,
        "Gain On Sale Of Business": 0.0,
        "Restructuring And Mergern Acquisition": NaN,
        "Earnings From Equity Interest": -2301000.0,
        "Gain On Sale Of Security": 1067000.0,
        "Net Non Operating Interest Income Expense": -4278000.0,
        "Total Other Finance Cost": 18000.0,
        "Interest Expense Non Operating": 5951000.0,
        "Interest Income Non Operating": 1691000.0,
        "Operating Income": 23416000.0,
        "Operating Expense": 8693000.0,
        "Other Operating Expenses": 5267000.0,
        "Selling General And Administration": 3426000.0,
        "General And Administrative Expense": 3426000.0,
        "Other Gand A": 2053000.0,
        "Salaries And Wages": 1373000.0,
        "Gross Profit": 32109000.0,
        "Cost Of Revenue": 85076000.0,
        "Total Revenue": 117185000.0,
        "Operating Revenue": 117185000.0
    },
    "2024-09-30": {
        "Tax Effect Of Unusual Items": -1972950.0,
        "Tax Rate For Calcs": 0.15,
        "Normalized EBITDA": 42021000.0,
        "Total Unusual Items": -13153000.0,
        "Total Unusual Items Excluding Goodwill": -13153000.0,
        "Net Income From Continuing Operation Net Minority Interest": -2074000.0,
        "Reconciled Depreciation": 9231000.0,
        "Reconciled Cost Of Revenue": 92262000.0,
        "EBITDA": 28868000.0,
        "EBIT": 19637000.0,
        "Net Interest Income": -4683000.0,
        "Interest Expense": 6034000.0,
        "Interest Income": 1351000.0,
        "Normalized Income": 9106050.0,
        "Net Income From Continuing And Discontinued Operation": -2074000.0,
        "Total Expenses": 103267000.0,
        "Total Operating Income As Reported": 31898000.0,
        "Diluted Average Shares": 169873924.0,
        "Basic Average Shares": 169873924.0,
        "Diluted EPS": -0.01,
        "Basic EPS": -0.01,
        "Diluted NI Availto Com Stockholders": -2074000.0,
        "Net Income Common Stockholders": -2074000.0,
        "Otherunder Preferred Stock Dividend": NaN,
        "Net Income": -2074000.0,
        "Minority Interests": 153000.0,
        "Net Income Including Noncontrolling Interests": -2227000.0,
        "Net Income Continuous Operations": -2227000.0,
        "Tax Provision": 15830000.0,
        "Pretax Income": 13603000.0,
        "Other Income Expense": -13170000.0,
        "Special Income Charges": 0.0,
        "Gain On Sale Of Ppe": NaN,
        "Gain On Sale Of Business": 0.0,
        "Restructuring And Mergern Acquisition": NaN,
        "Earnings From Equity Interest": -17000.0,
        "Gain On Sale Of Security": -13153000.0,
        "Net Non Operating Interest Income Expense": -4683000.0,
        "Total Other Finance Cost": NaN,
        "Interest Expense Non Operating": 6034000.0,
        "Interest Income Non Operating": 1351000.0,
        "Operating Income": 31456000.0,
        "Operating Expense": 11005000.0,
        "Other Operating Expenses": 4510000.0,
        "Selling General And Administration": 6495000.0,
        "General And Administrative Expense": 6495000.0,
        "Other Gand A": 3962000.0,
        "Salaries And Wages": 2533000.0,
        "Gross Profit": 42461000.0,
        "Cost Of Revenue": 92262000.0,
        "Total Revenue": 134723000.0,
        "Operating Revenue": 134723000.0
    },
    "2024-12-31": {
        "Tax Effect Of Unusual Items": 31500.0,
        "Tax Rate For Calcs": 0.15,
        "Normalized EBITDA": 55085000.0,
        "Total Unusual Items": 210000.0,
        "Total Unusual Items Excluding Goodwill": 210000.0,
        "Net Income From Continuing Operation Net Minority Interest": 21686000.0,
        "Reconciled Depreciation": 8693000.0,
        "Reconciled Cost Of Revenue": 92719000.0,
        "EBITDA": 55295000.0,
        "EBIT": 46602000.0,
        "Net Interest Income": -7484000.0,
        "Interest Expense": 9090000.0,
        "Interest Income": 1606000.0,
        "Normalized Income": 21507500.0,
        "Net Income From Continuing And Discontinued Operation": 21686000.0,
        "Total Expenses": 106277000.0,
        "Total Operating Income As Reported": 45398000.0,
        "Diluted Average Shares": 170900890.0,
        "Basic Average Shares": 170900890.0,
        "Diluted EPS": NaN,
        "Basic EPS": NaN,
        "Diluted NI Availto Com Stockholders": 19593000.0,
        "Net Income Common Stockholders": 21686000.0,
        "Otherunder Preferred Stock Dividend": NaN,
        "Net Income": 21686000.0,
        "Minority Interests": 1138000.0,
        "Net Income Including Noncontrolling Interests": 20548000.0,
        "Net Income Continuous Operations": 20548000.0,
        "Tax Provision": 16964000.0,
        "Pretax Income": 37512000.0,
        "Other Income Expense": 197000.0,
        "Special Income Charges": -11463000.0,
        "Gain On Sale Of Ppe": NaN,
        "Gain On Sale Of Business": 0.0,
        "Restructuring And Mergern Acquisition": NaN,
        "Earnings From Equity Interest": -13000.0,
        "Gain On Sale Of Security": 11673000.0,
        "Net Non Operating Interest Income Expense": -7484000.0,
        "Total Other Finance Cost": NaN,
        "Interest Expense Non Operating": 9090000.0,
        "Interest Income Non Operating": 1606000.0,
        "Operating Income": 44799000.0,
        "Operating Expense": 13558000.0,
        "Other Operating Expenses": 5957000.0,
        "Selling General And Administration": 7601000.0,
        "General And Administrative Expense": 7601000.0,
        "Other Gand A": 8084000.0,
        "Salaries And Wages": -483000.0,
        "Gross Profit": 58357000.0,
        "Cost Of Revenue": 92719000.0,
        "Total Revenue": 151076000.0,
        "Operating Revenue": 151076000.0
    },
    "2025-03-31": {
        "Tax Effect Of Unusual Items": -3393750.0,
        "Tax Rate For Calcs": 0.15,
        "Normalized EBITDA": 64410000.0,
        "Total Unusual Items": -22625000.0,
        "Total Unusual Items Excluding Goodwill": -22625000.0,
        "Net Income From Continuing Operation Net Minority Interest": 2368000.0,
        "Reconciled Depreciation": 10528000.0,
        "Reconciled Cost Of Revenue": 93209000.0,
        "EBITDA": 41785000.0,
        "EBIT": 31257000.0,
        "Net Interest Income": -7701000.0,
        "Interest Expense": 10037000.0,
        "Interest Income": 2336000.0,
        "Normalized Income": 21599250.0,
        "Net Income From Continuing And Discontinued Operation": 2368000.0,
        "Total Expenses": 105968000.0,
        "Total Operating Income As Reported": 51546000.0,
        "Diluted Average Shares": 172299011.0,
        "Basic Average Shares": 171622649.0,
        "Diluted EPS": 0.01,
        "Basic EPS": 0.01,
        "Diluted NI Availto Com Stockholders": 2368000.0,
        "Net Income Common Stockholders": 2368000.0,
        "Otherunder Preferred Stock Dividend": NaN,
        "Net Income": 2368000.0,
        "Minority Interests": -842000.0,
        "Net Income Including Noncontrolling Interests": 3210000.0,
        "Net Income Continuous Operations": 3210000.0,
        "Tax Provision": 18010000.0,
        "Pretax Income": 21220000.0,
        "Other Income Expense": -22639000.0,
        "Special Income Charges": NaN,
        "Gain On Sale Of Ppe": NaN,
        "Gain On Sale Of Business": NaN,
        "Restructuring And Mergern Acquisition": NaN,
        "Earnings From Equity Interest": -14000.0,
        "Gain On Sale Of Security": -22625000.0,
        "Net Non Operating Interest Income Expense": -7701000.0,
        "Total Other Finance Cost": NaN,
        "Interest Expense Non Operating": 10037000.0,
        "Interest Income Non Operating": 2336000.0,
        "Operating Income": 51560000.0,
        "Operating Expense": 12759000.0,
        "Other Operating Expenses": 4869000.0,
        "Selling General And Administration": 7890000.0,
        "General And Administrative Expense": 7890000.0,
        "Other Gand A": 4106000.0,
        "Salaries And Wages": 3784000.0,
        "Gross Profit": 64319000.0,
        "Cost Of Revenue": 93209000.0,
        "Total Revenue": 157528000.0,
        "Operating Revenue": 157528000.0
    }
}