{
    "2023-03-31": {
        "Tax Effect Of Unusual Items": 0.0,
        "Tax Rate For Calcs": 0.0,
        "Normalized EBITDA": -72695000.0,
        "Net Income From Continuing Operation Net Minority Interest": -80100000.0,
        "Reconciled Depreciation": 363000.0,
        "Reconciled Cost Of Revenue": 783000.0,
        "EBITDA": -72695000.0,
        "EBIT": -73058000.0,
        "Net Interest Income": -7042000.0,
        "Interest Expense": 7042000.0,
        "Normalized Income": -80100000.0,
        "Net Income From Continuing And Discontinued Operation": -80100000.0,
        "Total Expenses": 79046000.0,
        "Total Operating Income As Reported": -76265000.0,
        "Diluted Average Shares": 61169089.0,
        "Basic Average Shares": 61169089.0,
        "Diluted EPS": -1.31,
        "Basic EPS": -1.31,
        "Diluted NI Availto Com Stockholders": -80100000.0,
        "Net Income Common Stockholders": -80100000.0,
        "Net Income": -80100000.0,
        "Net Income Including Noncontrolling Interests": -80100000.0,
        "Net Income Continuous Operations": -80100000.0,
        "Tax Provision": 0.0,
        "Pretax Income": -80100000.0,
        "Other Income Expense": 3207000.0,
        "Other Non Operating Income Expenses": 3207000.0,
        "Net Non Operating Interest Income Expense": -7042000.0,
        "Interest Expense Non Operating": 7042000.0,
        "Operating Income": -76265000.0,
        "Operating Expense": 78263000.0,
        "Research And Development": 35345000.0,
        "Selling General And Administration": 42918000.0,
        "Gross Profit": 1998000.0,
        "Cost Of Revenue": 783000.0,
        "Total Revenue": 2781000.0,
        "Operating Revenue": 2781000.0
    },
    "2022-12-31": {
        "Tax Effect Of Unusual Items": 0.0,
        "Tax Rate For Calcs": 0.0,
        "Normalized EBITDA": -64757000.0,
        "Net Income From Continuing Operation Net Minority Interest": -72019000.0,
        "Reconciled Depreciation": 347000.0,
        "Reconciled Cost Of Revenue": 485000.0,
        "EBITDA": -64757000.0,
        "EBIT": -65104000.0,
        "Net Interest Income": -6915000.0,
        "Interest Expense": 6915000.0,
        "Normalized Income": -72019000.0,
        "Net Income From Continuing And Discontinued Operation": -72019000.0,
        "Total Expenses": 71385000.0,
        "Total Operating Income As Reported": -68424000.0,
        "Diluted Average Shares": 60959523.0,
        "Basic Average Shares": 60959523.0,
        "Diluted EPS": -1.18,
        "Basic EPS": -1.18,
        "Diluted NI Availto Com Stockholders": -72019000.0,
        "Net Income Common Stockholders": -72019000.0,
        "Net Income": -72019000.0,
        "Net Income Including Noncontrolling Interests": -72019000.0,
        "Net Income Continuous Operations": -72019000.0,
        "Tax Provision": NaN,
        "Pretax Income": -72019000.0,
        "Other Income Expense": 3320000.0,
        "Other Non Operating Income Expenses": 3320000.0,
        "Net Non Operating Interest Income Expense": -6915000.0,
        "Interest Expense Non Operating": 6915000.0,
        "Operating Income": -68424000.0,
        "Operating Expense": 70900000.0,
        "Research And Development": 33877000.0,
        "Selling General And Administration": 37023000.0,
        "Gross Profit": 2476000.0,
        "Cost Of Revenue": 485000.0,
        "Total Revenue": 2961000.0,
        "Operating Revenue": 2961000.0
    },
    "2022-09-30": {
        "Tax Effect Of Unusual Items": NaN,
        "Tax Rate For Calcs": NaN,
        "Normalized EBITDA": NaN,
        "Net Income From Continuing Operation Net Minority Interest": NaN,
        "Reconciled Depreciation": NaN,
        "Reconciled Cost Of Revenue": NaN,
        "EBITDA": NaN,
        "EBIT": NaN,
        "Net Interest Income": NaN,
        "Interest Expense": NaN,
        "Normalized Income": NaN,
        "Net Income From Continuing And Discontinued Operation": NaN,
        "Total Expenses": NaN,
        "Total Operating Income As Reported": NaN,
        "Diluted Average Shares": NaN,
        "Basic Average Shares": NaN,
        "Diluted EPS": NaN,
        "Basic EPS": NaN,
        "Diluted NI Availto Com Stockholders": NaN,
        "Net Income Common Stockholders": NaN,
        "Net Income": NaN,
        "Net Income Including Noncontrolling Interests": NaN,
        "Net Income Continuous Operations": NaN,
        "Tax Provision": 0.0,
        "Pretax Income": NaN,
        "Other Income Expense": NaN,
        "Other Non Operating Income Expenses": NaN,
        "Net Non Operating Interest Income Expense": NaN,
        "Interest Expense Non Operating": NaN,
        "Operating Income": NaN,
        "Operating Expense": NaN,
        "Research And Development": NaN,
        "Selling General And Administration": NaN,
        "Gross Profit": NaN,
        "Cost Of Revenue": NaN,
        "Total Revenue": NaN,
        "Operating Revenue": NaN
    },
    "2022-06-30": {
        "Tax Effect Of Unusual Items": 0.0,
        "Tax Rate For Calcs": 0.0,
        "Normalized EBITDA": -65251000.0,
        "Net Income From Continuing Operation Net Minority Interest": -67406000.0,
        "Reconciled Depreciation": 155000.0,
        "Reconciled Cost Of Revenue": NaN,
        "EBITDA": -65251000.0,
        "EBIT": -65406000.0,
        "Net Interest Income": -2000000.0,
        "Interest Expense": 2000000.0,
        "Normalized Income": -67406000.0,
        "Net Income From Continuing And Discontinued Operation": -67406000.0,
        "Total Expenses": 65827000.0,
        "Total Operating Income As Reported": -65827000.0,
        "Diluted Average Shares": 51422386.0,
        "Basic Average Shares": 51422386.0,
        "Diluted EPS": -1.31,
        "Basic EPS": -1.31,
        "Diluted NI Availto Com Stockholders": -67406000.0,
        "Net Income Common Stockholders": -67406000.0,
        "Net Income": -67406000.0,
        "Net Income Including Noncontrolling Interests": -67406000.0,
        "Net Income Continuous Operations": -67406000.0,
        "Pretax Income": -67406000.0,
        "Other Income Expense": 421000.0,
        "Other Non Operating Income Expenses": 421000.0,
        "Net Non Operating Interest Income Expense": -2000000.0,
        "Interest Expense Non Operating": 2000000.0,
        "Operating Income": -65827000.0,
        "Operating Expense": 65827000.0,
        "Research And Development": 38205000.0,
        "Selling General And Administration": 27622000.0,
        "General And Administrative Expense": 27622000.0,
        "Other Gand A": 27622000.0,
        "Gross Profit": NaN,
        "Cost Of Revenue": NaN,
        "Total Revenue": 0.0,
        "Operating Revenue": 0.0
    },
    "2022-03-31": {
        "Diluted EPS": -1.27,
        "Total Revenue": NaN,
        "Gross Profit": NaN,
        "Operating Income": -63,
        "EBIT": -62,
        "Net Income": -64
    },
    "2021-12-31": {
        "Diluted EPS": -1.44,
        "Total Revenue": NaN,
        "Gross Profit": NaN,
        "Operating Income": -71,
        "EBIT": -70,
        "Net Income": -71
    },
    "2021-09-30": {
        "Diluted EPS": -1.14,
        "Total Revenue": NaN,
        "Gross Profit": NaN,
        "Operating Income": -57,
        "EBIT": -56,
        "Net Income": -57
    },
    "2021-06-30": {
        "Diluted EPS": -0.84,
        "Total Revenue": NaN,
        "Gross Profit": NaN,
        "Operating Income": -42,
        "EBIT": -41,
        "Net Income": -42
    },
    "2021-03-31": {
        "Diluted EPS": -0.76,
        "Total Revenue": NaN,
        "Gross Profit": NaN,
        "Operating Income": -36,
        "EBIT": -35,
        "Net Income": -36
    },
    "2020-12-31": {
        "Diluted EPS": -0.7,
        "Total Revenue": NaN,
        "Gross Profit": NaN,
        "Operating Income": -34,
        "EBIT": -34,
        "Net Income": -34
    },
    "2020-09-30": {
        "Diluted EPS": -1.01,
        "Total Revenue": NaN,
        "Gross Profit": NaN,
        "Operating Income": -38,
        "EBIT": -38,
        "Net Income": -38
    },
    "2020-06-30": {
        "Diluted EPS": -0.94,
        "Total Revenue": NaN,
        "Gross Profit": NaN,
        "Operating Income": -36,
        "EBIT": -36,
        "Net Income": -35
    },
    "2020-03-31": {
        "Diluted EPS": -1.15,
        "Total Revenue": NaN,
        "Gross Profit": NaN,
        "Operating Income": -29,
        "EBIT": -29,
        "Net Income": -28
    },
    "2019-12-31": {
        "Diluted EPS": -6.13,
        "Total Revenue": NaN,
        "Gross Profit": NaN,
        "Operating Income": -13,
        "EBIT": -13,
        "Net Income": -13
    },
    "2019-09-30": {
        "Diluted EPS": -7.56,
        "Total Revenue": NaN,
        "Gross Profit": NaN,
        "Operating Income": -15,
        "EBIT": -15,
        "Net Income": -14
    },
    "2019-06-30": {
        "Diluted EPS": -4.69,
        "Total Revenue": NaN,
        "Gross Profit": NaN,
        "Operating Income": -9,
        "EBIT": -9,
        "Net Income": -8
    },
    "2019-03-31": {
        "Diluted EPS": -4.08,
        "Total Revenue": NaN,
        "Gross Profit": NaN,
        "Operating Income": -7,
        "EBIT": -7,
        "Net Income": -7
    },
    "2018-12-31": {
        "Diluted EPS": 0.0,
        "Total Revenue": NaN,
        "Gross Profit": NaN,
        "Operating Income": NaN,
        "EBIT": NaN,
        "Net Income": NaN
    },
    "2017-12-31": {
        "Diluted EPS": 0.0,
        "Total Revenue": NaN,
        "Gross Profit": NaN,
        "Operating Income": NaN,
        "EBIT": NaN,
        "Net Income": NaN
    },
    "2023-06-30": {
        "Tax Effect Of Unusual Items": 0.0,
        "Tax Rate For Calcs": 0.0,
        "Normalized EBITDA": -63256000.0,
        "Net Income From Continuing Operation Net Minority Interest": -70991000.0,
        "Reconciled Depreciation": 386000.0,
        "Reconciled Cost Of Revenue": 776000.0,
        "EBITDA": -63256000.0,
        "EBIT": -63642000.0,
        "Net Interest Income": -7349000.0,
        "Interest Expense": 7349000.0,
        "Normalized Income": -70991000.0,
        "Net Income From Continuing And Discontinued Operation": -70991000.0,
        "Total Expenses": 71953000.0,
        "Total Operating Income As Reported": -66763000.0,
        "Diluted Average Shares": 61430620.0,
        "Basic Average Shares": 61430620.0,
        "Diluted EPS": -1.16,
        "Basic EPS": -1.16,
        "Diluted NI Availto Com Stockholders": -70991000.0,
        "Net Income Common Stockholders": -70991000.0,
        "Net Income": -70991000.0,
        "Net Income Including Noncontrolling Interests": -70991000.0,
        "Net Income Continuous Operations": -70991000.0,
        "Tax Provision": 0.0,
        "Pretax Income": -70991000.0,
        "Other Income Expense": 3121000.0,
        "Other Non Operating Income Expenses": 3121000.0,
        "Net Non Operating Interest Income Expense": -7349000.0,
        "Interest Expense Non Operating": 7349000.0,
        "Operating Income": -66763000.0,
        "Operating Expense": 71177000.0,
        "Research And Development": 25219000.0,
        "Selling General And Administration": 45958000.0,
        "Gross Profit": 4414000.0,
        "Cost Of Revenue": 776000.0,
        "Total Revenue": 5190000.0,
        "Operating Revenue": 4770000.0
    },
    "2023-09-30": {
        "Tax Effect Of Unusual Items": 0.0,
        "Tax Rate For Calcs": 0.21,
        "Normalized EBITDA": -33796000.0,
        "Net Income From Continuing Operation Net Minority Interest": -44765000.0,
        "Reconciled Depreciation": 387000.0,
        "Reconciled Cost Of Revenue": 1182000.0,
        "EBITDA": -33796000.0,
        "EBIT": -34183000.0,
        "Net Interest Income": -7559000.0,
        "Interest Expense": 7559000.0,
        "Normalized Income": -44765000.0,
        "Net Income From Continuing And Discontinued Operation": -44765000.0,
        "Total Expenses": 75013000.0,
        "Total Operating Income As Reported": -36904000.0,
        "Diluted Average Shares": 61727278.0,
        "Basic Average Shares": 61727278.0,
        "Diluted EPS": -0.73,
        "Basic EPS": -0.73,
        "Diluted NI Availto Com Stockholders": -44765000.0,
        "Net Income Common Stockholders": -44765000.0,
        "Net Income": -44765000.0,
        "Net Income Including Noncontrolling Interests": -44765000.0,
        "Net Income Continuous Operations": -44765000.0,
        "Tax Provision": 3023000.0,
        "Pretax Income": -41742000.0,
        "Other Income Expense": 2721000.0,
        "Other Non Operating Income Expenses": 2721000.0,
        "Net Non Operating Interest Income Expense": -7559000.0,
        "Interest Expense Non Operating": 7559000.0,
        "Operating Income": -36904000.0,
        "Operating Expense": 73831000.0,
        "Research And Development": 26236000.0,
        "Selling General And Administration": 47595000.0,
        "Gross Profit": 36927000.0,
        "Cost Of Revenue": 1182000.0,
        "Total Revenue": 38109000.0,
        "Operating Revenue": 8109000.0
    },
    "2023-12-31": {
        "Tax Effect Of Unusual Items": 0.0,
        "Tax Rate For Calcs": 0.21,
        "Normalized EBITDA": -58112000.0,
        "Net Income From Continuing Operation Net Minority Interest": -66284000.0,
        "Reconciled Depreciation": 385000.0,
        "Reconciled Cost Of Revenue": 2246000.0,
        "EBITDA": -58112000.0,
        "EBIT": -58497000.0,
        "Net Interest Income": -7762000.0,
        "Interest Expense": 7762000.0,
        "Normalized Income": -66284000.0,
        "Net Income From Continuing And Discontinued Operation": -66284000.0,
        "Total Expenses": 74695000.0,
        "Total Operating Income As Reported": -61169000.0,
        "Diluted Average Shares": 92580106.0,
        "Basic Average Shares": 92580106.0,
        "Diluted EPS": -0.72,
        "Basic EPS": -0.72,
        "Diluted NI Availto Com Stockholders": -66284000.0,
        "Net Income Common Stockholders": -66284000.0,
        "Net Income": -66284000.0,
        "Net Income Including Noncontrolling Interests": -66284000.0,
        "Net Income Continuous Operations": -66284000.0,
        "Tax Provision": 25000.0,
        "Pretax Income": -66259000.0,
        "Other Income Expense": 2672000.0,
        "Other Non Operating Income Expenses": 2672000.0,
        "Net Non Operating Interest Income Expense": -7762000.0,
        "Interest Expense Non Operating": 7762000.0,
        "Operating Income": -61169000.0,
        "Operating Expense": 72449000.0,
        "Research And Development": 23775000.0,
        "Selling General And Administration": 48674000.0,
        "Gross Profit": 11280000.0,
        "Cost Of Revenue": 2246000.0,
        "Total Revenue": 13526000.0,
        "Operating Revenue": 13526000.0
    },
    "2024-03-31": {
        "Tax Effect Of Unusual Items": 0.0,
        "Tax Rate For Calcs": 0.21,
        "Normalized EBITDA": -27220000.0,
        "Net Income From Continuing Operation Net Minority Interest": -35382000.0,
        "Reconciled Depreciation": 358000.0,
        "Reconciled Cost Of Revenue": 3256000.0,
        "EBITDA": -27220000.0,
        "EBIT": -27578000.0,
        "Net Interest Income": -7480000.0,
        "Interest Expense": 7480000.0,
        "Normalized Income": -35382000.0,
        "Net Income From Continuing And Discontinued Operation": -35382000.0,
        "Total Expenses": 81191000.0,
        "Total Operating Income As Reported": -31622000.0,
        "Diluted Average Shares": 111048525.0,
        "Basic Average Shares": 111048525.0,
        "Diluted EPS": -0.32,
        "Basic EPS": -0.32,
        "Diluted NI Availto Com Stockholders": -35382000.0,
        "Net Income Common Stockholders": -35382000.0,
        "Net Income": -35382000.0,
        "Net Income Including Noncontrolling Interests": -35382000.0,
        "Net Income Continuous Operations": -35382000.0,
        "Tax Provision": 324000.0,
        "Pretax Income": -35058000.0,
        "Other Income Expense": 4044000.0,
        "Other Non Operating Income Expenses": 4044000.0,
        "Net Non Operating Interest Income Expense": -7480000.0,
        "Interest Expense Non Operating": 7480000.0,
        "Operating Income": -31622000.0,
        "Operating Expense": 77935000.0,
        "Research And Development": 23141000.0,
        "Selling General And Administration": 54794000.0,
        "Gross Profit": 46313000.0,
        "Cost Of Revenue": 3256000.0,
        "Total Revenue": 49569000.0,
        "Operating Revenue": 21569000.0
    },
    "2024-06-30": {
        "Tax Effect Of Unusual Items": 0.0,
        "Tax Rate For Calcs": 0.0,
        "Normalized EBITDA": -44497000.0,
        "Net Income From Continuing Operation Net Minority Interest": -52332000.0,
        "Reconciled Depreciation": 351000.0,
        "Reconciled Cost Of Revenue": 3464000.0,
        "EBITDA": -44497000.0,
        "EBIT": -44848000.0,
        "Net Interest Income": -7484000.0,
        "Interest Expense": 7484000.0,
        "Normalized Income": -52332000.0,
        "Net Income From Continuing And Discontinued Operation": -52332000.0,
        "Total Expenses": 80935000.0,
        "Total Operating Income As Reported": -50077000.0,
        "Diluted Average Shares": 123480849.0,
        "Basic Average Shares": 123480849.0,
        "Diluted EPS": -0.42,
        "Basic EPS": -0.42,
        "Diluted NI Availto Com Stockholders": -52332000.0,
        "Net Income Common Stockholders": -52332000.0,
        "Net Income": -52332000.0,
        "Net Income Including Noncontrolling Interests": -52332000.0,
        "Net Income Continuous Operations": -52332000.0,
        "Tax Provision": 0.0,
        "Pretax Income": -52332000.0,
        "Other Income Expense": 5229000.0,
        "Other Non Operating Income Expenses": 5229000.0,
        "Net Non Operating Interest Income Expense": -7484000.0,
        "Interest Expense Non Operating": 7484000.0,
        "Operating Income": -50077000.0,
        "Operating Expense": 77471000.0,
        "Research And Development": 19298000.0,
        "Selling General And Administration": 58173000.0,
        "Gross Profit": 27394000.0,
        "Cost Of Revenue": 3464000.0,
        "Total Revenue": 30858000.0,
        "Operating Revenue": 30858000.0
    },
    "2024-09-30": {
        "Tax Effect Of Unusual Items": 0.0,
        "Tax Rate For Calcs": 0.0,
        "Normalized EBITDA": -33452000.0,
        "Net Income From Continuing Operation Net Minority Interest": -41537000.0,
        "Reconciled Depreciation": 1432000.0,
        "Reconciled Cost Of Revenue": 5503000.0,
        "EBITDA": -33452000.0,
        "EBIT": -34884000.0,
        "Net Interest Income": -6653000.0,
        "Interest Expense": 6653000.0,
        "Normalized Income": -41537000.0,
        "Net Income From Continuing And Discontinued Operation": -41537000.0,
        "Total Expenses": 83821000.0,
        "Total Operating Income As Reported": -39066000.0,
        "Diluted Average Shares": 124302317.0,
        "Basic Average Shares": 124302317.0,
        "Diluted EPS": -0.33,
        "Basic EPS": -0.33,
        "Diluted NI Availto Com Stockholders": -41537000.0,
        "Net Income Common Stockholders": -41537000.0,
        "Net Income": -41537000.0,
        "Net Income Including Noncontrolling Interests": -41537000.0,
        "Net Income Continuous Operations": -41537000.0,
        "Tax Provision": 0.0,
        "Pretax Income": -41537000.0,
        "Other Income Expense": 4182000.0,
        "Other Non Operating Income Expenses": 4182000.0,
        "Net Non Operating Interest Income Expense": -6653000.0,
        "Interest Expense Non Operating": 6653000.0,
        "Operating Income": -39066000.0,
        "Operating Expense": 78318000.0,
        "Research And Development": 19501000.0,
        "Selling General And Administration": 58817000.0,
        "Gross Profit": 39252000.0,
        "Cost Of Revenue": 5503000.0,
        "Total Revenue": 44755000.0,
        "Operating Revenue": 44755000.0
    }
}