{
    "2023-05-31": {
        "Tax Effect Of Unusual Items": NaN,
        "Tax Rate For Calcs": NaN,
        "Normalized EBITDA": NaN,
        "Net Income From Continuing Operation Net Minority Interest": NaN,
        "Reconciled Depreciation": NaN,
        "Reconciled Cost Of Revenue": NaN,
        "EBITDA": NaN,
        "EBIT": NaN,
        "Net Interest Income": NaN,
        "Interest Expense": NaN,
        "Normalized Income": NaN,
        "Net Income From Continuing And Discontinued Operation": NaN,
        "Total Expenses": NaN,
        "Total Operating Income As Reported": NaN,
        "Diluted Average Shares": 5014050.0,
        "Basic Average Shares": 5014050.0,
        "Diluted EPS": 0.06,
        "Basic EPS": 0.06,
        "Diluted NI Availto Com Stockholders": NaN,
        "Net Income Common Stockholders": NaN,
        "Net Income": NaN,
        "Net Income Including Noncontrolling Interests": NaN,
        "Net Income Discontinuous Operations": NaN,
        "Net Income Continuous Operations": NaN,
        "Tax Provision": NaN,
        "Pretax Income": NaN,
        "Other Income Expense": NaN,
        "Other Non Operating Income Expenses": NaN,
        "Net Non Operating Interest Income Expense": NaN,
        "Interest Expense Non Operating": NaN,
        "Operating Income": NaN,
        "Operating Expense": NaN,
        "Research And Development": NaN,
        "Selling General And Administration": NaN,
        "Selling And Marketing Expense": NaN,
        "General And Administrative Expense": NaN,
        "Other Gand A": NaN,
        "Gross Profit": NaN,
        "Cost Of Revenue": NaN,
        "Total Revenue": NaN,
        "Operating Revenue": NaN
    },
    "2023-02-28": {
        "Tax Effect Of Unusual Items": NaN,
        "Tax Rate For Calcs": NaN,
        "Normalized EBITDA": NaN,
        "Net Income From Continuing Operation Net Minority Interest": NaN,
        "Reconciled Depreciation": NaN,
        "Reconciled Cost Of Revenue": NaN,
        "EBITDA": NaN,
        "EBIT": NaN,
        "Net Interest Income": NaN,
        "Interest Expense": NaN,
        "Normalized Income": NaN,
        "Net Income From Continuing And Discontinued Operation": NaN,
        "Total Expenses": NaN,
        "Total Operating Income As Reported": NaN,
        "Diluted Average Shares": NaN,
        "Basic Average Shares": NaN,
        "Diluted EPS": NaN,
        "Basic EPS": NaN,
        "Diluted NI Availto Com Stockholders": NaN,
        "Net Income Common Stockholders": NaN,
        "Net Income": NaN,
        "Net Income Including Noncontrolling Interests": NaN,
        "Net Income Discontinuous Operations": NaN,
        "Net Income Continuous Operations": NaN,
        "Tax Provision": NaN,
        "Pretax Income": NaN,
        "Other Income Expense": NaN,
        "Other Non Operating Income Expenses": NaN,
        "Net Non Operating Interest Income Expense": NaN,
        "Interest Expense Non Operating": NaN,
        "Operating Income": NaN,
        "Operating Expense": NaN,
        "Other Operating Expenses": 128295.0,
        "Research And Development": NaN,
        "Selling General And Administration": NaN,
        "Selling And Marketing Expense": NaN,
        "General And Administrative Expense": NaN,
        "Other Gand A": NaN,
        "Gross Profit": NaN,
        "Cost Of Revenue": NaN,
        "Total Revenue": NaN,
        "Operating Revenue": NaN
    },
    "2022-11-30": {
        "Tax Effect Of Unusual Items": 0.0,
        "Tax Rate For Calcs": 0.160159,
        "Normalized EBITDA": 516399.0,
        "Net Income From Continuing Operation Net Minority Interest": 91394.0,
        "Reconciled Depreciation": 260521.0,
        "Reconciled Cost Of Revenue": 5489778.0,
        "EBITDA": 516399.0,
        "EBIT": 255878.0,
        "Net Interest Income": -147055.0,
        "Interest Expense": 147055.0,
        "Normalized Income": 91394.0,
        "Net Income From Continuing And Discontinued Operation": 91394.0,
        "Total Expenses": 7353071.0,
        "Total Operating Income As Reported": 17893.0,
        "Diluted Average Shares": NaN,
        "Basic Average Shares": NaN,
        "Diluted EPS": NaN,
        "Basic EPS": NaN,
        "Diluted NI Availto Com Stockholders": 91394.0,
        "Net Income Common Stockholders": 91394.0,
        "Net Income": 91394.0,
        "Net Income Including Noncontrolling Interests": 91394.0,
        "Net Income Discontinuous Operations": NaN,
        "Net Income Continuous Operations": 91394.0,
        "Tax Provision": 17429.0,
        "Pretax Income": 108823.0,
        "Other Income Expense": 237985.0,
        "Other Non Operating Income Expenses": 237985.0,
        "Net Non Operating Interest Income Expense": -147055.0,
        "Interest Expense Non Operating": 147055.0,
        "Operating Income": 17893.0,
        "Operating Expense": 1863293.0,
        "Other Operating Expenses": NaN,
        "Research And Development": 134425.0,
        "Selling General And Administration": 1728868.0,
        "Selling And Marketing Expense": 573411.0,
        "General And Administrative Expense": 1155457.0,
        "Other Gand A": 1155457.0,
        "Gross Profit": 1881186.0,
        "Cost Of Revenue": 5489778.0,
        "Total Revenue": 7370964.0,
        "Operating Revenue": 7370964.0
    },
    "2022-08-31": {
        "Tax Effect Of Unusual Items": NaN,
        "Tax Rate For Calcs": NaN,
        "Normalized EBITDA": NaN,
        "Net Income From Continuing Operation Net Minority Interest": NaN,
        "Reconciled Depreciation": NaN,
        "Reconciled Cost Of Revenue": NaN,
        "EBITDA": NaN,
        "EBIT": NaN,
        "Net Interest Income": NaN,
        "Interest Expense": NaN,
        "Normalized Income": NaN,
        "Net Income From Continuing And Discontinued Operation": NaN,
        "Total Expenses": NaN,
        "Total Operating Income As Reported": NaN,
        "Diluted Average Shares": 4700422.0,
        "Basic Average Shares": 4700422.0,
        "Diluted EPS": 0.05,
        "Basic EPS": 0.05,
        "Diluted NI Availto Com Stockholders": NaN,
        "Net Income Common Stockholders": NaN,
        "Net Income": NaN,
        "Net Income Including Noncontrolling Interests": NaN,
        "Net Income Discontinuous Operations": -66232.0,
        "Net Income Continuous Operations": NaN,
        "Tax Provision": NaN,
        "Pretax Income": NaN,
        "Other Income Expense": NaN,
        "Other Non Operating Income Expenses": NaN,
        "Net Non Operating Interest Income Expense": NaN,
        "Interest Expense Non Operating": NaN,
        "Operating Income": NaN,
        "Operating Expense": NaN,
        "Other Operating Expenses": NaN,
        "Research And Development": NaN,
        "Selling General And Administration": NaN,
        "Selling And Marketing Expense": NaN,
        "General And Administrative Expense": NaN,
        "Other Gand A": NaN,
        "Gross Profit": NaN,
        "Cost Of Revenue": NaN,
        "Total Revenue": NaN,
        "Operating Revenue": NaN
    },
    "2022-05-31": {
        "Tax Effect Of Unusual Items": 0.0,
        "Tax Rate For Calcs": 0.210999,
        "Normalized EBITDA": 502532.0,
        "Net Income From Continuing Operation Net Minority Interest": 175353.0,
        "Reconciled Depreciation": 182893.0,
        "Reconciled Cost Of Revenue": 5082195.0,
        "EBIT": 319639.0,
        "Net Interest Income": -97392.0,
        "Interest Expense": 97392.0,
        "Normalized Income": 175353.0,
        "Net Income From Continuing And Discontinued Operation": 175353.0,
        "Total Expenses": 6954260.0,
        "Total Operating Income As Reported": 321093.0,
        "Diluted Average Shares": 4629331.0,
        "Basic Average Shares": 4629331.0,
        "Diluted EPS": 0.04,
        "Basic EPS": 0.04,
        "Diluted NI Availto Com Stockholders": 175353.0,
        "Net Income Common Stockholders": 175353.0,
        "Net Income": 175353.0,
        "Net Income Including Noncontrolling Interests": 175353.0,
        "Net Income Continuous Operations": 175353.0,
        "Tax Provision": 46894.0,
        "Pretax Income": 222247.0,
        "Other Income Expense": -1454.0,
        "Other Non Operating Income Expenses": -1454.0,
        "Net Non Operating Interest Income Expense": -97392.0,
        "Interest Expense Non Operating": 97392.0,
        "Operating Income": 321093.0,
        "Operating Expense": 1872065.0,
        "Other Operating Expenses": NaN,
        "Research And Development": 143943.0,
        "Selling General And Administration": 1728122.0,
        "Selling And Marketing Expense": 630772.0,
        "General And Administrative Expense": 1097350.0,
        "Other Gand A": 1097350.0,
        "Gross Profit": 2193158.0,
        "Cost Of Revenue": 5082195.0,
        "Total Revenue": 7275353.0,
        "Operating Revenue": 7275353.0
    },
    "2022-02-28": {
        "Diluted EPS": -0.09,
        "Total Revenue": 6,
        "Gross Profit": 1,
        "Operating Income": 0,
        "EBIT": 0,
        "Net Income": 0
    },
    "2021-11-30": {
        "Diluted EPS": 0.1,
        "Total Revenue": 7,
        "Gross Profit": 2,
        "Operating Income": 1,
        "EBIT": 1,
        "Net Income": 0
    },
    "2021-08-31": {
        "Diluted EPS": 0.01,
        "Total Revenue": 7,
        "Gross Profit": 2,
        "Operating Income": 0,
        "EBIT": 0,
        "Net Income": 0
    },
    "2021-05-31": {
        "Diluted EPS": 0.01,
        "Total Revenue": 6,
        "Gross Profit": 2,
        "Operating Income": 0,
        "EBIT": 0,
        "Net Income": 0
    },
    "2021-02-28": {
        "Diluted EPS": -0.07,
        "Total Revenue": 5,
        "Gross Profit": 1,
        "Operating Income": 0,
        "EBIT": 0,
        "Net Income": 0
    },
    "2020-11-30": {
        "Diluted EPS": -0.1,
        "Total Revenue": 5,
        "Gross Profit": 0,
        "Operating Income": -2,
        "EBIT": -2,
        "Net Income": 0
    },
    "2020-08-31": {
        "Diluted EPS": -0.1,
        "Total Revenue": 6,
        "Gross Profit": 1,
        "Operating Income": -1,
        "EBIT": 0,
        "Net Income": 0
    },
    "2020-05-31": {
        "Diluted EPS": -0.18,
        "Total Revenue": 5,
        "Gross Profit": 1,
        "Operating Income": -1,
        "EBIT": -1,
        "Net Income": -1
    },
    "2020-02-29": {
        "Diluted EPS": -0.1,
        "Total Revenue": 5,
        "Gross Profit": 1,
        "Operating Income": 0,
        "EBIT": 0,
        "Net Income": 0
    },
    "2019-11-30": {
        "Diluted EPS": -0.04,
        "Total Revenue": 8,
        "Gross Profit": 1,
        "Operating Income": 0,
        "EBIT": 0,
        "Net Income": 0
    },
    "2019-08-31": {
        "Diluted EPS": -0.07,
        "Total Revenue": 6,
        "Gross Profit": 1,
        "Operating Income": 0,
        "EBIT": 0,
        "Net Income": 0
    },
    "2019-05-31": {
        "Diluted EPS": -0.08,
        "Total Revenue": 6,
        "Gross Profit": 1,
        "Operating Income": 0,
        "EBIT": 0,
        "Net Income": 0
    },
    "2019-02-28": {
        "Diluted EPS": -0.14,
        "Total Revenue": 4,
        "Gross Profit": 1,
        "Operating Income": -1,
        "EBIT": 0,
        "Net Income": -1
    },
    "2018-11-30": {
        "Diluted EPS": -0.33,
        "Total Revenue": 4,
        "Gross Profit": 0,
        "Operating Income": -2,
        "EBIT": -1,
        "Net Income": -1
    },
    "2018-08-31": {
        "Diluted EPS": -0.18,
        "Total Revenue": 5,
        "Gross Profit": 1,
        "Operating Income": -1,
        "EBIT": 0,
        "Net Income": -1
    },
    "2018-05-31": {
        "Diluted EPS": -0.16,
        "Total Revenue": 5,
        "Gross Profit": 1,
        "Operating Income": 0,
        "EBIT": 0,
        "Net Income": -1
    },
    "2018-02-28": {
        "Diluted EPS": -0.14,
        "Total Revenue": 5,
        "Gross Profit": 1,
        "Operating Income": 0,
        "EBIT": 0,
        "Net Income": -1
    },
    "2017-11-30": {
        "Diluted EPS": -0.22,
        "Total Revenue": 5,
        "Gross Profit": 1,
        "Operating Income": -1,
        "EBIT": -1,
        "Net Income": -1
    },
    "2017-08-31": {
        "Diluted EPS": 0.01,
        "Total Revenue": 7,
        "Gross Profit": 1,
        "Operating Income": 0,
        "EBIT": 0,
        "Net Income": 0
    },
    "2017-05-31": {
        "Diluted EPS": -0.12,
        "Total Revenue": 5,
        "Gross Profit": 1,
        "Operating Income": -1,
        "EBIT": -1,
        "Net Income": -1
    },
    "2017-02-28": {
        "Diluted EPS": -0.06,
        "Total Revenue": 4,
        "Gross Profit": 1,
        "Operating Income": 0,
        "EBIT": 0,
        "Net Income": 0
    },
    "2016-11-30": {
        "Diluted EPS": -0.13,
        "Total Revenue": 4,
        "Gross Profit": 1,
        "Operating Income": 0,
        "EBIT": 0,
        "Net Income": -1
    },
    "2016-08-31": {
        "Diluted EPS": -0.07,
        "Total Revenue": 6,
        "Gross Profit": 1,
        "Operating Income": 0,
        "EBIT": 0,
        "Net Income": 0
    },
    "2016-05-31": {
        "Diluted EPS": -0.02,
        "Total Revenue": 5,
        "Gross Profit": 1,
        "Operating Income": 0,
        "EBIT": 0,
        "Net Income": 0
    },
    "2016-02-29": {
        "Diluted EPS": 0.02,
        "Total Revenue": 6,
        "Gross Profit": 2,
        "Operating Income": 0,
        "EBIT": 0,
        "Net Income": 0
    },
    "2015-11-30": {
        "Diluted EPS": -0.04,
        "Total Revenue": 5,
        "Gross Profit": 1,
        "Operating Income": 0,
        "EBIT": 0,
        "Net Income": 0
    },
    "2015-08-31": {
        "Diluted EPS": -0.2,
        "Total Revenue": 7,
        "Gross Profit": 1,
        "Operating Income": -1,
        "EBIT": -1,
        "Net Income": -1
    },
    "2015-05-31": {
        "Diluted EPS": 0.06,
        "Total Revenue": 8,
        "Gross Profit": 2,
        "Operating Income": 0,
        "EBIT": 1,
        "Net Income": 0
    },
    "2015-02-28": {
        "Diluted EPS": 0.04,
        "Total Revenue": 7,
        "Gross Profit": 2,
        "Operating Income": 0,
        "EBIT": 1,
        "Net Income": 0
    },
    "2014-11-30": {
        "Diluted EPS": 0.09,
        "Total Revenue": 9,
        "Gross Profit": 2,
        "Operating Income": 1,
        "EBIT": 1,
        "Net Income": 0
    },
    "2014-08-31": {
        "Diluted EPS": 0.14,
        "Total Revenue": 12,
        "Gross Profit": 3,
        "Operating Income": 1,
        "EBIT": 1,
        "Net Income": 1
    },
    "2014-05-31": {
        "Diluted EPS": 0.06,
        "Total Revenue": 9,
        "Gross Profit": 2,
        "Operating Income": 0,
        "EBIT": 1,
        "Net Income": 0
    },
    "2014-02-28": {
        "Diluted EPS": -0.06,
        "Total Revenue": 6,
        "Gross Profit": 1,
        "Operating Income": 0,
        "EBIT": 0,
        "Net Income": 0
    },
    "2013-11-30": {
        "Diluted EPS": 0.04,
        "Total Revenue": 7,
        "Gross Profit": 2,
        "Operating Income": 0,
        "EBIT": 0,
        "Net Income": 0
    },
    "2013-08-31": {
        "Diluted EPS": 0.01,
        "Total Revenue": 9,
        "Gross Profit": 2,
        "Operating Income": 0,
        "EBIT": 0,
        "Net Income": 0
    },
    "2013-05-31": {
        "Diluted EPS": 0.13,
        "Total Revenue": 9,
        "Gross Profit": 3,
        "Operating Income": 1,
        "EBIT": 1,
        "Net Income": 1
    },
    "2013-02-28": {
        "Diluted EPS": 0.2,
        "Total Revenue": 8,
        "Gross Profit": 2,
        "Operating Income": 1,
        "EBIT": 1,
        "Net Income": 1
    },
    "2012-11-30": {
        "Diluted EPS": 0.14,
        "Total Revenue": 7,
        "Gross Profit": 2,
        "Operating Income": 1,
        "EBIT": 1,
        "Net Income": 1
    },
    "2012-08-31": {
        "Diluted EPS": 0.24,
        "Total Revenue": 12,
        "Gross Profit": 3,
        "Operating Income": 2,
        "EBIT": 2,
        "Net Income": 1
    },
    "2012-05-31": {
        "Diluted EPS": 0.23,
        "Total Revenue": 12,
        "Gross Profit": 3,
        "Operating Income": 1,
        "EBIT": 2,
        "Net Income": 1
    },
    "2012-02-29": {
        "Diluted EPS": 0.05,
        "Total Revenue": 6,
        "Gross Profit": 1,
        "Operating Income": 0,
        "EBIT": 1,
        "Net Income": 0
    },
    "2011-11-30": {
        "Diluted EPS": 0.11,
        "Total Revenue": 6,
        "Gross Profit": 2,
        "Operating Income": 1,
        "EBIT": 1,
        "Net Income": 0
    },
    "2011-08-31": {
        "Diluted EPS": 0.25,
        "Total Revenue": 9,
        "Gross Profit": 3,
        "Operating Income": 1,
        "EBIT": 2,
        "Net Income": 1
    },
    "2011-05-31": {
        "Diluted EPS": 0.07,
        "Total Revenue": 8,
        "Gross Profit": 2,
        "Operating Income": 1,
        "EBIT": 1,
        "Net Income": 0
    },
    "2011-02-28": {
        "Diluted EPS": -0.12,
        "Total Revenue": 5,
        "Gross Profit": 0,
        "Operating Income": -1,
        "EBIT": 0,
        "Net Income": 0
    },
    "2010-11-30": {
        "Diluted EPS": 0.03,
        "Total Revenue": 6,
        "Gross Profit": 1,
        "Operating Income": 0,
        "EBIT": 0,
        "Net Income": 0
    },
    "2010-08-31": {
        "Diluted EPS": 0.19,
        "Total Revenue": 11,
        "Gross Profit": 3,
        "Operating Income": 1,
        "EBIT": 1,
        "Net Income": 1
    },
    "2010-05-31": {
        "Diluted EPS": 0.03,
        "Total Revenue": 7,
        "Gross Profit": 2,
        "Operating Income": 0,
        "EBIT": 0,
        "Net Income": 0
    },
    "2010-02-28": {
        "Diluted EPS": 0.01,
        "Total Revenue": 6,
        "Gross Profit": 1,
        "Operating Income": 0,
        "EBIT": 0,
        "Net Income": 0
    },
    "2009-11-30": {
        "Diluted EPS": 0.14,
        "Total Revenue": 7,
        "Gross Profit": 1,
        "Operating Income": 0,
        "EBIT": 0,
        "Net Income": 1
    },
    "2009-08-31": {
        "Diluted EPS": 0.02,
        "Total Revenue": 6,
        "Gross Profit": 1,
        "Operating Income": 0,
        "EBIT": 0,
        "Net Income": 0
    },
    "2009-05-31": {
        "Diluted EPS": 0.03,
        "Total Revenue": 7,
        "Gross Profit": 1,
        "Operating Income": 0,
        "EBIT": 0,
        "Net Income": 0
    },
    "2009-02-28": {
        "Diluted EPS": 0.0,
        "Total Revenue": 7,
        "Gross Profit": 1,
        "Operating Income": 0,
        "EBIT": 0,
        "Net Income": 0
    },
    "2023-08-31": {
        "Tax Effect Of Unusual Items": NaN,
        "Tax Rate For Calcs": NaN,
        "Normalized EBITDA": NaN,
        "Net Income From Continuing Operation Net Minority Interest": NaN,
        "Reconciled Depreciation": NaN,
        "Reconciled Cost Of Revenue": NaN,
        "EBITDA": NaN,
        "EBIT": NaN,
        "Net Interest Income": NaN,
        "Interest Expense": NaN,
        "Normalized Income": NaN,
        "Net Income From Continuing And Discontinued Operation": NaN,
        "Total Expenses": NaN,
        "Total Operating Income As Reported": NaN,
        "Diluted Average Shares": 5009041.0,
        "Basic Average Shares": 5009041.0,
        "Diluted EPS": -0.01,
        "Basic EPS": -0.01,
        "Diluted NI Availto Com Stockholders": NaN,
        "Net Income Common Stockholders": NaN,
        "Net Income": NaN,
        "Net Income Including Noncontrolling Interests": NaN,
        "Net Income Discontinuous Operations": NaN,
        "Net Income Continuous Operations": NaN,
        "Tax Provision": NaN,
        "Pretax Income": NaN,
        "Other Income Expense": NaN,
        "Other Non Operating Income Expenses": NaN,
        "Net Non Operating Interest Income Expense": NaN,
        "Interest Expense Non Operating": NaN,
        "Operating Income": NaN,
        "Operating Expense": NaN,
        "Research And Development": NaN,
        "Selling General And Administration": NaN,
        "Selling And Marketing Expense": NaN,
        "General And Administrative Expense": NaN,
        "Other Gand A": NaN,
        "Gross Profit": NaN,
        "Cost Of Revenue": NaN,
        "Total Revenue": NaN,
        "Operating Revenue": NaN
    },
    "2023-11-30": {
        "Tax Effect Of Unusual Items": 0.0,
        "Tax Rate For Calcs": 0.21,
        "Normalized EBITDA": 298642.0,
        "Net Income From Continuing Operation Net Minority Interest": -158140.0,
        "Reconciled Depreciation": 205639.0,
        "Reconciled Cost Of Revenue": 4939489.0,
        "EBITDA": 298642.0,
        "EBIT": 93003.0,
        "Net Interest Income": -170203.0,
        "Interest Expense": 170203.0,
        "Normalized Income": -158140.0,
        "Net Income From Continuing And Discontinued Operation": -307876.0,
        "Total Expenses": 6765706.0,
        "Total Operating Income As Reported": 86570.0,
        "Diluted Average Shares": NaN,
        "Basic Average Shares": NaN,
        "Diluted EPS": NaN,
        "Basic EPS": NaN,
        "Diluted NI Availto Com Stockholders": -307876.0,
        "Net Income Common Stockholders": -307876.0,
        "Net Income": -307876.0,
        "Net Income Including Noncontrolling Interests": -307876.0,
        "Net Income Discontinuous Operations": -149736.0,
        "Net Income Continuous Operations": -158140.0,
        "Tax Provision": 80940.0,
        "Pretax Income": -77200.0,
        "Other Income Expense": 6433.0,
        "Other Non Operating Income Expenses": 6433.0,
        "Net Non Operating Interest Income Expense": -170203.0,
        "Interest Expense Non Operating": 170203.0,
        "Operating Income": 86570.0,
        "Operating Expense": 1826217.0,
        "Research And Development": 158678.0,
        "Selling General And Administration": 1667539.0,
        "Selling And Marketing Expense": 523349.0,
        "General And Administrative Expense": 1144190.0,
        "Other Gand A": 1144190.0,
        "Gross Profit": 1912787.0,
        "Cost Of Revenue": 4939489.0,
        "Total Revenue": 6852276.0,
        "Operating Revenue": 6852276.0
    },
    "2024-02-29": {
        "Tax Effect Of Unusual Items": 0.0,
        "Tax Rate For Calcs": 0.209999,
        "Normalized EBITDA": -132826.0,
        "Net Income From Continuing Operation Net Minority Interest": -424259.0,
        "Reconciled Depreciation": 238571.0,
        "Reconciled Cost Of Revenue": 4249870.0,
        "EBITDA": -132826.0,
        "EBIT": -371397.0,
        "Net Interest Income": -165639.0,
        "Interest Expense": 165639.0,
        "Normalized Income": -424259.0,
        "Net Income From Continuing And Discontinued Operation": -465040.0,
        "Total Expenses": 6103476.0,
        "Total Operating Income As Reported": -380082.0,
        "Diluted Average Shares": 5022680.0,
        "Basic Average Shares": 5022680.0,
        "Diluted EPS": -0.09,
        "Basic EPS": -0.09,
        "Diluted NI Availto Com Stockholders": -465040.0,
        "Net Income Common Stockholders": -465040.0,
        "Net Income": -465040.0,
        "Net Income Including Noncontrolling Interests": -465040.0,
        "Net Income Discontinuous Operations": -40781.0,
        "Net Income Continuous Operations": -424259.0,
        "Tax Provision": -112777.0,
        "Pretax Income": -537036.0,
        "Other Income Expense": 8685.0,
        "Other Non Operating Income Expenses": 8685.0,
        "Net Non Operating Interest Income Expense": -165639.0,
        "Interest Expense Non Operating": 165639.0,
        "Operating Income": -380082.0,
        "Operating Expense": 1853606.0,
        "Research And Development": 160353.0,
        "Selling General And Administration": 1693253.0,
        "Selling And Marketing Expense": 462759.0,
        "General And Administrative Expense": 1230494.0,
        "Other Gand A": 1230494.0,
        "Gross Profit": 1473524.0,
        "Cost Of Revenue": 4249870.0,
        "Total Revenue": 5723394.0,
        "Operating Revenue": 5723394.0
    },
    "2024-05-31": {
        "Tax Effect Of Unusual Items": 0.0,
        "Tax Rate For Calcs": 0.116319,
        "Normalized EBITDA": 411136.0,
        "Net Income From Continuing Operation Net Minority Interest": -4657.0,
        "Reconciled Depreciation": 256638.0,
        "Reconciled Cost Of Revenue": 4823516.0,
        "EBITDA": 411136.0,
        "EBIT": 154498.0,
        "Net Interest Income": -159768.0,
        "Interest Expense": 159768.0,
        "Normalized Income": -4657.0,
        "Net Income From Continuing And Discontinued Operation": -33340.0,
        "Total Expenses": 6561500.0,
        "Total Operating Income As Reported": 168768.0,
        "Diluted Average Shares": 5067742.0,
        "Basic Average Shares": 5067742.0,
        "Diluted EPS": -0.01,
        "Basic EPS": -0.01,
        "Diluted NI Availto Com Stockholders": -33340.0,
        "Net Income Common Stockholders": -33340.0,
        "Net Income": -33340.0,
        "Net Income Including Noncontrolling Interests": -33340.0,
        "Net Income Discontinuous Operations": -28683.0,
        "Net Income Continuous Operations": -4657.0,
        "Tax Provision": -613.0,
        "Pretax Income": -5270.0,
        "Other Income Expense": -14270.0,
        "Other Non Operating Income Expenses": -14270.0,
        "Net Non Operating Interest Income Expense": -159768.0,
        "Interest Expense Non Operating": 159768.0,
        "Operating Income": 168768.0,
        "Operating Expense": 1737984.0,
        "Research And Development": 107072.0,
        "Selling General And Administration": 1630912.0,
        "Selling And Marketing Expense": 397631.0,
        "General And Administrative Expense": 1233281.0,
        "Other Gand A": 1233281.0,
        "Gross Profit": 1906752.0,
        "Cost Of Revenue": 4823516.0,
        "Total Revenue": 6730268.0,
        "Operating Revenue": 6730268.0
    },
    "2024-08-31": {
        "Tax Effect Of Unusual Items": 0.0,
        "Tax Rate For Calcs": 0.21,
        "Normalized EBITDA": 409512.0,
        "Net Income From Continuing Operation Net Minority Interest": 2230.0,
        "Reconciled Depreciation": 259983.0,
        "Reconciled Cost Of Revenue": 4175575.0,
        "EBITDA": 409512.0,
        "EBIT": 149529.0,
        "Net Interest Income": -150012.0,
        "Interest Expense": 150012.0,
        "Normalized Income": 2230.0,
        "Net Income From Continuing And Discontinued Operation": -26200.0,
        "Total Expenses": 5722006.0,
        "Total Operating Income As Reported": 153694.0,
        "Diluted Average Shares": 5071512.0,
        "Basic Average Shares": 5071512.0,
        "Diluted EPS": -0.01,
        "Basic EPS": -0.01,
        "Diluted NI Availto Com Stockholders": -26200.0,
        "Net Income Common Stockholders": -26200.0,
        "Net Income": -26200.0,
        "Net Income Including Noncontrolling Interests": -26200.0,
        "Net Income Discontinuous Operations": -28430.0,
        "Net Income Continuous Operations": 2230.0,
        "Tax Provision": -2713.0,
        "Pretax Income": -483.0,
        "Other Income Expense": -4165.0,
        "Other Non Operating Income Expenses": -4165.0,
        "Net Non Operating Interest Income Expense": -150012.0,
        "Interest Expense Non Operating": 150012.0,
        "Operating Income": 153694.0,
        "Operating Expense": 1546431.0,
        "Research And Development": 78949.0,
        "Selling General And Administration": 1467482.0,
        "Selling And Marketing Expense": 380797.0,
        "General And Administrative Expense": 1086685.0,
        "Other Gand A": 1086685.0,
        "Gross Profit": 1700125.0,
        "Cost Of Revenue": 4175575.0,
        "Total Revenue": 5875700.0,
        "Operating Revenue": 5875700.0
    },
    "2024-11-30": {
        "Tax Effect Of Unusual Items": 0.0,
        "Tax Rate For Calcs": 0.184401,
        "Normalized EBITDA": 769540.0,
        "Net Income From Continuing Operation Net Minority Interest": 332191.0,
        "Reconciled Depreciation": 234631.0,
        "Reconciled Cost Of Revenue": 3940545.0,
        "EBITDA": 769540.0,
        "EBIT": 534909.0,
        "Net Interest Income": -127612.0,
        "Interest Expense": 127612.0,
        "Normalized Income": 332191.0,
        "Net Income From Continuing And Discontinued Operation": 831927.0,
        "Total Expenses": 5651693.0,
        "Total Operating Income As Reported": 518315.0,
        "Diluted Average Shares": NaN,
        "Basic Average Shares": NaN,
        "Diluted EPS": NaN,
        "Basic EPS": NaN,
        "Diluted NI Availto Com Stockholders": 831927.0,
        "Net Income Common Stockholders": 831927.0,
        "Net Income": 831927.0,
        "Net Income Including Noncontrolling Interests": 831927.0,
        "Net Income Discontinuous Operations": 499736.0,
        "Net Income Continuous Operations": 332191.0,
        "Tax Provision": 75106.0,
        "Pretax Income": 407297.0,
        "Other Income Expense": 16594.0,
        "Other Non Operating Income Expenses": 16594.0,
        "Net Non Operating Interest Income Expense": -127612.0,
        "Interest Expense Non Operating": 127612.0,
        "Operating Income": 518315.0,
        "Operating Expense": 1711148.0,
        "Research And Development": 86214.0,
        "Selling General And Administration": 1624934.0,
        "Selling And Marketing Expense": 393979.0,
        "General And Administrative Expense": 1230955.0,
        "Other Gand A": 1230955.0,
        "Gross Profit": 2229463.0,
        "Cost Of Revenue": 3940545.0,
        "Total Revenue": 6170008.0,
        "Operating Revenue": 6170008.0
    }
}