{
    "2023-03-31": {
        "Tax Effect Of Unusual Items": NaN,
        "Tax Rate For Calcs": NaN,
        "Normalized EBITDA": NaN,
        "Net Income From Continuing Operation Net Minority Interest": NaN,
        "Reconciled Depreciation": NaN,
        "EBITDA": NaN,
        "EBIT": NaN,
        "Net Interest Income": NaN,
        "Interest Income": NaN,
        "Normalized Income": NaN,
        "Net Income From Continuing And Discontinued Operation": NaN,
        "Total Expenses": NaN,
        "Total Operating Income As Reported": NaN,
        "Diluted Average Shares": NaN,
        "Basic Average Shares": NaN,
        "Diluted EPS": NaN,
        "Basic EPS": NaN,
        "Diluted NI Availto Com Stockholders": NaN,
        "Net Income Common Stockholders": NaN,
        "Net Income": NaN,
        "Net Income Including Noncontrolling Interests": NaN,
        "Net Income Continuous Operations": NaN,
        "Earnings From Equity Interest Net Of Tax": NaN,
        "Tax Provision": NaN,
        "Pretax Income": NaN,
        "Other Income Expense": -1100000.0,
        "Other Non Operating Income Expenses": -1100000.0,
        "Net Non Operating Interest Income Expense": NaN,
        "Interest Income Non Operating": NaN,
        "Operating Income": NaN,
        "Operating Expense": NaN,
        "Research And Development": NaN,
        "Selling General And Administration": NaN,
        "General And Administrative Expense": NaN,
        "Other Gand A": NaN,
        "Total Revenue": NaN,
        "Operating Revenue": NaN
    },
    "2022-12-31": {
        "Tax Effect Of Unusual Items": NaN,
        "Tax Rate For Calcs": NaN,
        "Normalized EBITDA": NaN,
        "Net Income From Continuing Operation Net Minority Interest": NaN,
        "Reconciled Depreciation": NaN,
        "EBITDA": NaN,
        "EBIT": NaN,
        "Net Interest Income": NaN,
        "Interest Income": NaN,
        "Normalized Income": NaN,
        "Net Income From Continuing And Discontinued Operation": NaN,
        "Total Expenses": NaN,
        "Total Operating Income As Reported": NaN,
        "Diluted Average Shares": NaN,
        "Basic Average Shares": NaN,
        "Diluted EPS": NaN,
        "Basic EPS": NaN,
        "Diluted NI Availto Com Stockholders": NaN,
        "Net Income Common Stockholders": NaN,
        "Net Income": NaN,
        "Net Income Including Noncontrolling Interests": NaN,
        "Net Income Continuous Operations": NaN,
        "Earnings From Equity Interest Net Of Tax": NaN,
        "Tax Provision": NaN,
        "Pretax Income": NaN,
        "Other Income Expense": 600000.0,
        "Other Non Operating Income Expenses": 600000.0,
        "Net Non Operating Interest Income Expense": NaN,
        "Interest Income Non Operating": NaN,
        "Operating Income": NaN,
        "Operating Expense": NaN,
        "Research And Development": NaN,
        "Selling General And Administration": NaN,
        "General And Administrative Expense": NaN,
        "Other Gand A": NaN,
        "Total Revenue": NaN,
        "Operating Revenue": NaN
    },
    "2022-09-30": {
        "Tax Effect Of Unusual Items": NaN,
        "Tax Rate For Calcs": NaN,
        "Normalized EBITDA": NaN,
        "Net Income From Continuing Operation Net Minority Interest": NaN,
        "Reconciled Depreciation": NaN,
        "EBITDA": NaN,
        "EBIT": NaN,
        "Net Interest Income": NaN,
        "Interest Income": NaN,
        "Normalized Income": NaN,
        "Net Income From Continuing And Discontinued Operation": NaN,
        "Total Expenses": NaN,
        "Total Operating Income As Reported": NaN,
        "Diluted Average Shares": NaN,
        "Basic Average Shares": NaN,
        "Diluted EPS": NaN,
        "Basic EPS": NaN,
        "Diluted NI Availto Com Stockholders": NaN,
        "Net Income Common Stockholders": NaN,
        "Net Income": NaN,
        "Net Income Including Noncontrolling Interests": NaN,
        "Net Income Continuous Operations": NaN,
        "Earnings From Equity Interest Net Of Tax": NaN,
        "Tax Provision": NaN,
        "Pretax Income": NaN,
        "Other Income Expense": -200000.0,
        "Other Non Operating Income Expenses": -200000.0,
        "Net Non Operating Interest Income Expense": NaN,
        "Interest Income Non Operating": NaN,
        "Operating Income": NaN,
        "Operating Expense": NaN,
        "Research And Development": NaN,
        "Selling General And Administration": NaN,
        "General And Administrative Expense": NaN,
        "Other Gand A": NaN,
        "Total Revenue": NaN,
        "Operating Revenue": NaN
    },
    "2022-06-30": {
        "Tax Effect Of Unusual Items": 0.0,
        "Tax Rate For Calcs": 0.4,
        "Normalized EBITDA": -66400000.0,
        "Net Income From Continuing Operation Net Minority Interest": -70000000.0,
        "Reconciled Depreciation": 1900000.0,
        "EBITDA": -66400000.0,
        "EBIT": -68300000.0,
        "Net Interest Income": 1800000.0,
        "Interest Income": 1800000.0,
        "Normalized Income": -70000000.0,
        "Net Income From Continuing And Discontinued Operation": -70000000.0,
        "Total Expenses": 99600000.0,
        "Total Operating Income As Reported": -68300000.0,
        "Diluted Average Shares": 53200000.0,
        "Basic Average Shares": 53200000.0,
        "Diluted EPS": -1.32,
        "Basic EPS": -1.32,
        "Diluted NI Availto Com Stockholders": -70000000.0,
        "Net Income Common Stockholders": -70000000.0,
        "Net Income": -70000000.0,
        "Net Income Including Noncontrolling Interests": -70000000.0,
        "Net Income Continuous Operations": -70000000.0,
        "Earnings From Equity Interest Net Of Tax": NaN,
        "Tax Provision": 3400000.0,
        "Pretax Income": -66600000.0,
        "Other Income Expense": -100000.0,
        "Other Non Operating Income Expenses": -100000.0,
        "Net Non Operating Interest Income Expense": 1800000.0,
        "Interest Income Non Operating": 1800000.0,
        "Operating Income": -68300000.0,
        "Operating Expense": 99600000.0,
        "Research And Development": 75300000.0,
        "Selling General And Administration": 24300000.0,
        "General And Administrative Expense": 24300000.0,
        "Other Gand A": 24300000.0,
        "Total Revenue": 31300000.0,
        "Operating Revenue": 31300000.0
    },
    "2022-03-31": {
        "Diluted EPS": -1.2,
        "Total Revenue": 27,
        "Gross Profit": 27,
        "Operating Income": -58,
        "EBIT": -52,
        "Net Income": -63
    },
    "2021-12-31": {
        "Diluted EPS": -1.01,
        "Total Revenue": 33,
        "Gross Profit": 33,
        "Operating Income": -48,
        "EBIT": -41,
        "Net Income": -53
    },
    "2021-09-30": {
        "Diluted EPS": -0.94,
        "Total Revenue": 9,
        "Gross Profit": 9,
        "Operating Income": -47,
        "EBIT": -43,
        "Net Income": -47
    },
    "2021-06-30": {
        "Diluted EPS": -1.03,
        "Total Revenue": 6,
        "Gross Profit": 6,
        "Operating Income": -52,
        "EBIT": -49,
        "Net Income": -50
    },
    "2021-03-31": {
        "Diluted EPS": -0.84,
        "Total Revenue": 6,
        "Gross Profit": 6,
        "Operating Income": -42,
        "EBIT": -39,
        "Net Income": -41
    },
    "2020-12-31": {
        "Diluted EPS": -1.02,
        "Total Revenue": 6,
        "Gross Profit": 6,
        "Operating Income": -39,
        "EBIT": -37,
        "Net Income": -42
    },
    "2020-09-30": {
        "Diluted EPS": -0.79,
        "Total Revenue": 8,
        "Gross Profit": 8,
        "Operating Income": -32,
        "EBIT": -30,
        "Net Income": -31
    },
    "2020-06-30": {
        "Diluted EPS": -0.65,
        "Total Revenue": 6,
        "Gross Profit": 6,
        "Operating Income": -26,
        "EBIT": -25,
        "Net Income": -25
    },
    "2020-03-31": {
        "Diluted EPS": -0.56,
        "Total Revenue": 6,
        "Gross Profit": 6,
        "Operating Income": -23,
        "EBIT": -22,
        "Net Income": -22
    },
    "2019-12-31": {
        "Diluted EPS": -0.58,
        "Total Revenue": 5,
        "Gross Profit": 5,
        "Operating Income": -23,
        "EBIT": -22,
        "Net Income": -21
    },
    "2019-09-30": {
        "Diluted EPS": -0.54,
        "Total Revenue": 30,
        "Gross Profit": 30,
        "Operating Income": 6,
        "EBIT": 6,
        "Net Income": -18
    },
    "2019-06-30": {
        "Diluted EPS": -0.55,
        "Total Revenue": 4,
        "Gross Profit": 4,
        "Operating Income": -18,
        "EBIT": -18,
        "Net Income": -17
    },
    "2019-03-31": {
        "Diluted EPS": -0.46,
        "Total Revenue": 4,
        "Gross Profit": 4,
        "Operating Income": -16,
        "EBIT": -15,
        "Net Income": -14
    },
    "2018-12-31": {
        "Diluted EPS": 88.75,
        "Total Revenue": 3,
        "Gross Profit": 3,
        "Operating Income": -17,
        "EBIT": -17,
        "Net Income": -16
    },
    "2018-09-30": {
        "Diluted EPS": -62.38,
        "Total Revenue": 3,
        "Gross Profit": 3,
        "Operating Income": -14,
        "EBIT": -14,
        "Net Income": -125
    },
    "2018-06-30": {
        "Diluted EPS": -11.96,
        "Total Revenue": 3,
        "Gross Profit": 3,
        "Operating Income": -9,
        "EBIT": -8,
        "Net Income": -23
    },
    "2018-03-31": {
        "Diluted EPS": -39.86,
        "Total Revenue": 4,
        "Gross Profit": 4,
        "Operating Income": -4,
        "EBIT": -4,
        "Net Income": -76
    },
    "2017-12-31": {
        "Diluted EPS": 0.0,
        "Total Revenue": NaN,
        "Gross Profit": NaN,
        "Operating Income": NaN,
        "EBIT": NaN,
        "Net Income": NaN
    },
    "2017-09-30": {
        "Diluted EPS": -3.37,
        "Total Revenue": 2,
        "Gross Profit": 2,
        "Operating Income": -6,
        "EBIT": -6,
        "Net Income": -6
    },
    "2016-12-31": {
        "Diluted EPS": 0.0,
        "Total Revenue": NaN,
        "Gross Profit": NaN,
        "Operating Income": NaN,
        "EBIT": NaN,
        "Net Income": NaN
    },
    "2023-06-30": {
        "Tax Effect Of Unusual Items": 0.0,
        "Tax Rate For Calcs": 0.004,
        "Normalized EBITDA": -73000000.0,
        "Net Income From Continuing Operation Net Minority Interest": -66600000.0,
        "Reconciled Depreciation": 1600000.0,
        "EBITDA": -73000000.0,
        "EBIT": -74600000.0,
        "Net Interest Income": 9000000.0,
        "Interest Income": 9000000.0,
        "Normalized Income": -66600000.0,
        "Net Income From Continuing And Discontinued Operation": -66600000.0,
        "Total Expenses": 129100000.0,
        "Total Operating Income As Reported": -74600000.0,
        "Diluted Average Shares": 53400000.0,
        "Basic Average Shares": 53400000.0,
        "Diluted EPS": -1.25,
        "Basic EPS": -1.25,
        "Diluted NI Availto Com Stockholders": -66600000.0,
        "Net Income Common Stockholders": -66600000.0,
        "Net Income": -66600000.0,
        "Net Income Including Noncontrolling Interests": -66600000.0,
        "Net Income Continuous Operations": -66600000.0,
        "Earnings From Equity Interest Net Of Tax": -1300000.0,
        "Tax Provision": -300000.0,
        "Pretax Income": -65600000.0,
        "Other Income Expense": NaN,
        "Other Non Operating Income Expenses": NaN,
        "Net Non Operating Interest Income Expense": 9000000.0,
        "Interest Income Non Operating": 9000000.0,
        "Operating Income": -74600000.0,
        "Operating Expense": 129100000.0,
        "Research And Development": 103400000.0,
        "Selling General And Administration": 25700000.0,
        "General And Administrative Expense": 25700000.0,
        "Other Gand A": 25700000.0,
        "Total Revenue": 54500000.0,
        "Operating Revenue": 54500000.0
    },
    "2023-09-30": {
        "Tax Effect Of Unusual Items": NaN,
        "Tax Rate For Calcs": NaN,
        "Normalized EBITDA": NaN,
        "Net Income From Continuing Operation Net Minority Interest": NaN,
        "Reconciled Depreciation": NaN,
        "EBITDA": NaN,
        "EBIT": NaN,
        "Net Interest Income": NaN,
        "Interest Income": NaN,
        "Normalized Income": NaN,
        "Net Income From Continuing And Discontinued Operation": NaN,
        "Total Expenses": NaN,
        "Total Operating Income As Reported": NaN,
        "Diluted Average Shares": 54100000.0,
        "Basic Average Shares": 54100000.0,
        "Diluted EPS": -1.18,
        "Basic EPS": -1.18,
        "Diluted NI Availto Com Stockholders": NaN,
        "Net Income Common Stockholders": NaN,
        "Net Income": NaN,
        "Net Income Including Noncontrolling Interests": NaN,
        "Net Income Continuous Operations": NaN,
        "Earnings From Equity Interest Net Of Tax": NaN,
        "Tax Provision": NaN,
        "Pretax Income": NaN,
        "Other Income Expense": NaN,
        "Other Non Operating Income Expenses": NaN,
        "Net Non Operating Interest Income Expense": NaN,
        "Interest Income Non Operating": NaN,
        "Operating Income": NaN,
        "Operating Expense": NaN,
        "Research And Development": NaN,
        "Selling General And Administration": NaN,
        "General And Administrative Expense": NaN,
        "Other Gand A": NaN,
        "Total Revenue": NaN,
        "Operating Revenue": NaN
    },
    "2023-12-31": {
        "Tax Effect Of Unusual Items": NaN,
        "Tax Rate For Calcs": NaN,
        "Normalized EBITDA": NaN,
        "Net Income From Continuing Operation Net Minority Interest": NaN,
        "Reconciled Depreciation": NaN,
        "EBITDA": NaN,
        "EBIT": NaN,
        "Net Interest Income": NaN,
        "Interest Income": NaN,
        "Normalized Income": NaN,
        "Net Income From Continuing And Discontinued Operation": NaN,
        "Total Expenses": NaN,
        "Total Operating Income As Reported": NaN,
        "Diluted Average Shares": NaN,
        "Basic Average Shares": NaN,
        "Diluted EPS": NaN,
        "Basic EPS": NaN,
        "Diluted NI Availto Com Stockholders": NaN,
        "Net Income Common Stockholders": NaN,
        "Net Income": NaN,
        "Net Income Including Noncontrolling Interests": NaN,
        "Net Income Continuous Operations": NaN,
        "Earnings From Equity Interest Net Of Tax": 0.0,
        "Tax Provision": NaN,
        "Pretax Income": NaN,
        "Other Income Expense": -100000.0,
        "Other Non Operating Income Expenses": -100000.0,
        "Net Non Operating Interest Income Expense": NaN,
        "Interest Income Non Operating": NaN,
        "Operating Income": NaN,
        "Operating Expense": NaN,
        "Research And Development": NaN,
        "Selling General And Administration": NaN,
        "General And Administrative Expense": NaN,
        "Other Gand A": NaN,
        "Total Revenue": NaN,
        "Operating Revenue": NaN
    },
    "2024-03-31": {
        "Tax Effect Of Unusual Items": NaN,
        "Tax Rate For Calcs": NaN,
        "Normalized EBITDA": NaN,
        "Net Income From Continuing Operation Net Minority Interest": NaN,
        "Reconciled Depreciation": NaN,
        "EBITDA": NaN,
        "EBIT": NaN,
        "Net Interest Income": NaN,
        "Interest Income": NaN,
        "Normalized Income": NaN,
        "Net Income From Continuing And Discontinued Operation": NaN,
        "Total Expenses": NaN,
        "Total Operating Income As Reported": NaN,
        "Diluted Average Shares": NaN,
        "Basic Average Shares": NaN,
        "Diluted EPS": NaN,
        "Basic EPS": NaN,
        "Diluted NI Availto Com Stockholders": NaN,
        "Net Income Common Stockholders": NaN,
        "Net Income": NaN,
        "Net Income Including Noncontrolling Interests": NaN,
        "Net Income Continuous Operations": NaN,
        "Earnings From Equity Interest Net Of Tax": 0.0,
        "Tax Provision": NaN,
        "Pretax Income": NaN,
        "Other Income Expense": NaN,
        "Other Non Operating Income Expenses": NaN,
        "Net Non Operating Interest Income Expense": NaN,
        "Interest Income Non Operating": NaN,
        "Operating Income": NaN,
        "Operating Expense": NaN,
        "Research And Development": NaN,
        "Selling General And Administration": NaN,
        "General And Administrative Expense": NaN,
        "Other Gand A": NaN,
        "Total Revenue": NaN,
        "Operating Revenue": NaN
    },
    "2024-06-30": {
        "Tax Effect Of Unusual Items": NaN,
        "Tax Rate For Calcs": NaN,
        "Normalized EBITDA": NaN,
        "Net Income From Continuing Operation Net Minority Interest": NaN,
        "Reconciled Depreciation": NaN,
        "EBITDA": NaN,
        "EBIT": NaN,
        "Net Interest Income": NaN,
        "Interest Income": NaN,
        "Normalized Income": NaN,
        "Net Income From Continuing And Discontinued Operation": NaN,
        "Total Expenses": NaN,
        "Total Operating Income As Reported": NaN,
        "Diluted Average Shares": NaN,
        "Basic Average Shares": NaN,
        "Diluted EPS": NaN,
        "Basic EPS": NaN,
        "Diluted NI Availto Com Stockholders": NaN,
        "Net Income Common Stockholders": NaN,
        "Net Income": NaN,
        "Net Income Including Noncontrolling Interests": NaN,
        "Net Income Continuous Operations": NaN,
        "Earnings From Equity Interest Net Of Tax": 0.0,
        "Tax Provision": NaN,
        "Pretax Income": NaN,
        "Other Income Expense": -100000.0,
        "Other Non Operating Income Expenses": -100000.0,
        "Net Non Operating Interest Income Expense": NaN,
        "Interest Income Non Operating": NaN,
        "Operating Income": NaN,
        "Operating Expense": NaN,
        "Research And Development": NaN,
        "Selling General And Administration": NaN,
        "General And Administrative Expense": NaN,
        "Other Gand A": NaN,
        "Total Revenue": NaN,
        "Operating Revenue": NaN
    },
    "2024-09-30": {
        "Tax Effect Of Unusual Items": 0.0,
        "Tax Rate For Calcs": 0.21,
        "Normalized EBITDA": -58700000.0,
        "Net Income From Continuing Operation Net Minority Interest": -49200000.0,
        "Reconciled Depreciation": 1600000.0,
        "EBITDA": -58700000.0,
        "EBIT": -60300000.0,
        "Net Interest Income": 14300000.0,
        "Interest Income": 14300000.0,
        "Normalized Income": -49200000.0,
        "Net Income From Continuing And Discontinued Operation": -49200000.0,
        "Total Expenses": 162700000.0,
        "Total Operating Income As Reported": -60300000.0,
        "Diluted Average Shares": 72100000.0,
        "Basic Average Shares": 72100000.0,
        "Diluted EPS": -0.68,
        "Basic EPS": -0.68,
        "Diluted NI Availto Com Stockholders": -49200000.0,
        "Net Income Common Stockholders": -49200000.0,
        "Net Income": -49200000.0,
        "Net Income Including Noncontrolling Interests": -49200000.0,
        "Net Income Continuous Operations": -49200000.0,
        "Earnings From Equity Interest Net Of Tax": 0.0,
        "Tax Provision": 600000.0,
        "Pretax Income": -48600000.0,
        "Other Income Expense": -2600000.0,
        "Other Non Operating Income Expenses": -2600000.0,
        "Net Non Operating Interest Income Expense": 14300000.0,
        "Interest Income Non Operating": 14300000.0,
        "Operating Income": -60300000.0,
        "Operating Expense": 162700000.0,
        "Research And Development": 86900000.0,
        "Selling General And Administration": 75800000.0,
        "General And Administrative Expense": 75800000.0,
        "Other Gand A": 75800000.0,
        "Total Revenue": 102400000.0,
        "Operating Revenue": 102400000.0
    },
    "2024-12-31": {
        "Tax Effect Of Unusual Items": 0.0,
        "Tax Rate For Calcs": 0.008791,
        "Normalized EBITDA": -56600000.0,
        "Net Income From Continuing Operation Net Minority Interest": -45100000.0,
        "Reconciled Depreciation": 1600000.0,
        "EBITDA": -56600000.0,
        "EBIT": -58200000.0,
        "Net Interest Income": 12900000.0,
        "Interest Income": 12900000.0,
        "Normalized Income": -45100000.0,
        "Net Income From Continuing And Discontinued Operation": -45100000.0,
        "Total Expenses": 117400000.0,
        "Total Operating Income As Reported": -58200000.0,
        "Diluted Average Shares": 72100000.0,
        "Basic Average Shares": 72100000.0,
        "Diluted EPS": -0.63,
        "Basic EPS": -0.63,
        "Diluted NI Availto Com Stockholders": -45100000.0,
        "Net Income Common Stockholders": -45100000.0,
        "Net Income": -45100000.0,
        "Net Income Including Noncontrolling Interests": -45100000.0,
        "Net Income Continuous Operations": -45100000.0,
        "Earnings From Equity Interest Net Of Tax": 0.0,
        "Tax Provision": -400000.0,
        "Pretax Income": -45500000.0,
        "Other Income Expense": -200000.0,
        "Other Non Operating Income Expenses": -200000.0,
        "Net Non Operating Interest Income Expense": 12900000.0,
        "Interest Income Non Operating": 12900000.0,
        "Operating Income": -58200000.0,
        "Operating Expense": 117400000.0,
        "Research And Development": 83300000.0,
        "Selling General And Administration": 34100000.0,
        "General And Administrative Expense": 34100000.0,
        "Other Gand A": 34100000.0,
        "Total Revenue": 59200000.0,
        "Operating Revenue": 59200000.0
    },
    "2025-03-31": {
        "Tax Effect Of Unusual Items": 0.0,
        "Tax Rate For Calcs": 0.002,
        "Normalized EBITDA": 72700000.0,
        "Net Income From Continuing Operation Net Minority Interest": 82900000.0,
        "Reconciled Depreciation": 1300000.0,
        "EBITDA": 72700000.0,
        "EBIT": 71400000.0,
        "Net Interest Income": 11700000.0,
        "Interest Income": 11700000.0,
        "Normalized Income": 82900000.0,
        "Net Income From Continuing And Discontinued Operation": 82900000.0,
        "Total Expenses": 117400000.0,
        "Total Operating Income As Reported": 71400000.0,
        "Diluted Average Shares": 72700000.0,
        "Basic Average Shares": 72500000.0,
        "Diluted EPS": 1.14,
        "Basic EPS": 1.14,
        "Diluted NI Availto Com Stockholders": 82900000.0,
        "Net Income Common Stockholders": 82900000.0,
        "Net Income": 82900000.0,
        "Net Income Including Noncontrolling Interests": 82900000.0,
        "Net Income Continuous Operations": 82900000.0,
        "Earnings From Equity Interest Net Of Tax": NaN,
        "Tax Provision": 200000.0,
        "Pretax Income": 83100000.0,
        "Other Income Expense": NaN,
        "Other Non Operating Income Expenses": NaN,
        "Net Non Operating Interest Income Expense": 11700000.0,
        "Interest Income Non Operating": 11700000.0,
        "Operating Income": 71400000.0,
        "Operating Expense": 117400000.0,
        "Research And Development": 90800000.0,
        "Selling General And Administration": 26600000.0,
        "General And Administrative Expense": 26600000.0,
        "Other Gand A": 26600000.0,
        "Total Revenue": 188800000.0,
        "Operating Revenue": 188800000.0
    },
    "2025-06-30": {
        "Tax Effect Of Unusual Items": 0.0,
        "Tax Rate For Calcs": 0.006,
        "Normalized EBITDA": -70100000.0,
        "Net Income From Continuing Operation Net Minority Interest": -61200000.0,
        "Reconciled Depreciation": 1400000.0,
        "EBITDA": -70100000.0,
        "EBIT": -71500000.0,
        "Net Interest Income": 10300000.0,
        "Interest Income": 10300000.0,
        "Normalized Income": -61200000.0,
        "Net Income From Continuing And Discontinued Operation": -61200000.0,
        "Total Expenses": 93900000.0,
        "Total Operating Income As Reported": -71500000.0,
        "Diluted Average Shares": 73000000.0,
        "Basic Average Shares": 73000000.0,
        "Diluted EPS": -0.84,
        "Basic EPS": -0.84,
        "Diluted NI Availto Com Stockholders": -61200000.0,
        "Net Income Common Stockholders": -61200000.0,
        "Net Income": -61200000.0,
        "Net Income Including Noncontrolling Interests": -61200000.0,
        "Net Income Continuous Operations": -61200000.0,
        "Earnings From Equity Interest Net Of Tax": NaN,
        "Tax Provision": -300000.0,
        "Pretax Income": -61500000.0,
        "Other Income Expense": -300000.0,
        "Other Non Operating Income Expenses": -300000.0,
        "Net Non Operating Interest Income Expense": 10300000.0,
        "Interest Income Non Operating": 10300000.0,
        "Operating Income": -71500000.0,
        "Operating Expense": 93900000.0,
        "Research And Development": 68600000.0,
        "Selling General And Administration": 25300000.0,
        "General And Administrative Expense": 25300000.0,
        "Other Gand A": 25300000.0,
        "Total Revenue": 22400000.0,
        "Operating Revenue": 22400000.0
    },
    "2025-09-30": {
        "Tax Effect Of Unusual Items": 0.0,
        "Tax Rate For Calcs": 0.21,
        "Normalized EBITDA": -42500000.0,
        "Net Income From Continuing Operation Net Minority Interest": -35100000.0,
        "Reconciled Depreciation": 1300000.0,
        "EBITDA": -42500000.0,
        "EBIT": -43800000.0,
        "Net Interest Income": 9000000.0,
        "Interest Income": 9000000.0,
        "Normalized Income": -35100000.0,
        "Net Income From Continuing And Discontinued Operation": -35100000.0,
        "Total Expenses": 85700000.0,
        "Total Operating Income As Reported": -43800000.0,
        "Diluted Average Shares": 73200000.0,
        "Basic Average Shares": 73200000.0,
        "Diluted EPS": -0.48,
        "Basic EPS": -0.48,
        "Diluted NI Availto Com Stockholders": -35100000.0,
        "Net Income Common Stockholders": -35100000.0,
        "Net Income": -35100000.0,
        "Net Income Including Noncontrolling Interests": -35100000.0,
        "Net Income Continuous Operations": -35100000.0,
        "Earnings From Equity Interest Net Of Tax": NaN,
        "Tax Provision": 300000.0,
        "Pretax Income": -34800000.0,
        "Other Income Expense": NaN,
        "Other Non Operating Income Expenses": NaN,
        "Net Non Operating Interest Income Expense": 9000000.0,
        "Interest Income Non Operating": 9000000.0,
        "Operating Income": -43800000.0,
        "Operating Expense": 85700000.0,
        "Research And Development": 64700000.0,
        "Selling General And Administration": 21000000.0,
        "General And Administrative Expense": 21000000.0,
        "Other Gand A": 21000000.0,
        "Total Revenue": 41900000.0,
        "Operating Revenue": 41900000.0
    }
}