{
    "2023-12-31": {
        "Tax Effect Of Unusual Items": NaN,
        "Tax Rate For Calcs": NaN,
        "Normalized EBITDA": NaN,
        "Total Unusual Items": NaN,
        "Total Unusual Items Excluding Goodwill": NaN,
        "Net Income From Continuing Operation Net Minority Interest": NaN,
        "Reconciled Depreciation": 62400000.0,
        "Reconciled Cost Of Revenue": NaN,
        "EBITDA": NaN,
        "EBIT": NaN,
        "Net Interest Income": NaN,
        "Interest Expense": NaN,
        "Interest Income": NaN,
        "Normalized Income": NaN,
        "Net Income From Continuing And Discontinued Operation": NaN,
        "Total Expenses": NaN,
        "Total Operating Income As Reported": NaN,
        "Diluted Average Shares": NaN,
        "Basic Average Shares": NaN,
        "Diluted EPS": NaN,
        "Basic EPS": NaN,
        "Diluted NI Availto Com Stockholders": NaN,
        "Net Income Common Stockholders": NaN,
        "Net Income": NaN,
        "Minority Interests": NaN,
        "Net Income Including Noncontrolling Interests": NaN,
        "Net Income Discontinuous Operations": 0.0,
        "Net Income Continuous Operations": NaN,
        "Tax Provision": NaN,
        "Pretax Income": NaN,
        "Other Income Expense": NaN,
        "Special Income Charges": NaN,
        "Other Special Charges": NaN,
        "Write Off": NaN,
        "Impairment Of Capital Assets": -2200000.0,
        "Gain On Sale Of Security": -6800000.0,
        "Net Non Operating Interest Income Expense": NaN,
        "Total Other Finance Cost": 700000.0,
        "Interest Expense Non Operating": NaN,
        "Interest Income Non Operating": NaN,
        "Operating Income": NaN,
        "Operating Expense": NaN,
        "Other Operating Expenses": NaN,
        "Selling General And Administration": NaN,
        "Selling And Marketing Expense": 424900000.0,
        "General And Administrative Expense": 208600000.0,
        "Other Gand A": 208600000.0,
        "Gross Profit": NaN,
        "Cost Of Revenue": NaN,
        "Total Revenue": NaN,
        "Operating Revenue": NaN
    },
    "2023-09-30": {
        "Tax Effect Of Unusual Items": NaN,
        "Tax Rate For Calcs": NaN,
        "Normalized EBITDA": NaN,
        "Total Unusual Items": NaN,
        "Total Unusual Items Excluding Goodwill": NaN,
        "Net Income From Continuing Operation Net Minority Interest": NaN,
        "Reconciled Depreciation": 54100000.0,
        "Reconciled Cost Of Revenue": NaN,
        "EBITDA": NaN,
        "EBIT": NaN,
        "Net Interest Income": NaN,
        "Interest Expense": NaN,
        "Interest Income": NaN,
        "Normalized Income": NaN,
        "Net Income From Continuing And Discontinued Operation": NaN,
        "Total Expenses": NaN,
        "Total Operating Income As Reported": NaN,
        "Diluted Average Shares": NaN,
        "Basic Average Shares": NaN,
        "Diluted EPS": NaN,
        "Basic EPS": NaN,
        "Diluted NI Availto Com Stockholders": NaN,
        "Net Income Common Stockholders": NaN,
        "Net Income": NaN,
        "Minority Interests": NaN,
        "Net Income Including Noncontrolling Interests": NaN,
        "Net Income Discontinuous Operations": 0.0,
        "Net Income Continuous Operations": NaN,
        "Tax Provision": NaN,
        "Pretax Income": NaN,
        "Other Income Expense": NaN,
        "Special Income Charges": NaN,
        "Other Special Charges": NaN,
        "Write Off": NaN,
        "Impairment Of Capital Assets": -2900000.0,
        "Gain On Sale Of Security": 300000.0,
        "Net Non Operating Interest Income Expense": NaN,
        "Total Other Finance Cost": 2700000.0,
        "Interest Expense Non Operating": NaN,
        "Interest Income Non Operating": NaN,
        "Operating Income": NaN,
        "Operating Expense": NaN,
        "Other Operating Expenses": NaN,
        "Selling General And Administration": NaN,
        "Selling And Marketing Expense": 334200000.0,
        "General And Administrative Expense": 147100000.0,
        "Other Gand A": 147100000.0,
        "Gross Profit": NaN,
        "Cost Of Revenue": NaN,
        "Total Revenue": NaN,
        "Operating Revenue": NaN
    },
    "2023-06-30": {
        "Tax Effect Of Unusual Items": NaN,
        "Tax Rate For Calcs": NaN,
        "Normalized EBITDA": NaN,
        "Total Unusual Items": NaN,
        "Total Unusual Items Excluding Goodwill": NaN,
        "Net Income From Continuing Operation Net Minority Interest": NaN,
        "Reconciled Depreciation": 52400000.0,
        "Reconciled Cost Of Revenue": NaN,
        "EBITDA": NaN,
        "EBIT": NaN,
        "Net Interest Income": NaN,
        "Interest Expense": NaN,
        "Interest Income": NaN,
        "Normalized Income": NaN,
        "Net Income From Continuing And Discontinued Operation": NaN,
        "Total Expenses": NaN,
        "Total Operating Income As Reported": NaN,
        "Diluted Average Shares": 489499607.0,
        "Basic Average Shares": 489499607.0,
        "Diluted EPS": -0.197957,
        "Basic EPS": -0.197957,
        "Diluted NI Availto Com Stockholders": NaN,
        "Net Income Common Stockholders": NaN,
        "Net Income": NaN,
        "Minority Interests": NaN,
        "Net Income Including Noncontrolling Interests": NaN,
        "Net Income Discontinuous Operations": 0.0,
        "Net Income Continuous Operations": NaN,
        "Tax Provision": NaN,
        "Pretax Income": NaN,
        "Other Income Expense": NaN,
        "Special Income Charges": NaN,
        "Other Special Charges": NaN,
        "Write Off": NaN,
        "Impairment Of Capital Assets": 4700000.0,
        "Gain On Sale Of Security": -1300000.0,
        "Net Non Operating Interest Income Expense": NaN,
        "Total Other Finance Cost": 2200000.0,
        "Interest Expense Non Operating": NaN,
        "Interest Income Non Operating": NaN,
        "Operating Income": NaN,
        "Operating Expense": NaN,
        "Other Operating Expenses": NaN,
        "Selling General And Administration": NaN,
        "Selling And Marketing Expense": 318800000.0,
        "General And Administrative Expense": 126500000.0,
        "Other Gand A": 126500000.0,
        "Gross Profit": NaN,
        "Cost Of Revenue": NaN,
        "Total Revenue": NaN,
        "Operating Revenue": NaN
    },
    "2022-12-31": {
        "Tax Effect Of Unusual Items": NaN,
        "Tax Rate For Calcs": NaN,
        "Normalized EBITDA": NaN,
        "Total Unusual Items": NaN,
        "Total Unusual Items Excluding Goodwill": NaN,
        "Net Income From Continuing Operation Net Minority Interest": NaN,
        "Reconciled Depreciation": NaN,
        "Reconciled Cost Of Revenue": NaN,
        "EBITDA": NaN,
        "EBIT": NaN,
        "Net Interest Income": NaN,
        "Interest Expense": NaN,
        "Interest Income": NaN,
        "Normalized Income": NaN,
        "Net Income From Continuing And Discontinued Operation": NaN,
        "Total Expenses": NaN,
        "Total Operating Income As Reported": NaN,
        "Diluted Average Shares": NaN,
        "Basic Average Shares": NaN,
        "Diluted EPS": NaN,
        "Basic EPS": NaN,
        "Diluted NI Availto Com Stockholders": NaN,
        "Net Income Common Stockholders": NaN,
        "Net Income": NaN,
        "Minority Interests": NaN,
        "Net Income Including Noncontrolling Interests": NaN,
        "Net Income Discontinuous Operations": 0.0,
        "Net Income Continuous Operations": NaN,
        "Tax Provision": NaN,
        "Pretax Income": NaN,
        "Other Income Expense": NaN,
        "Special Income Charges": NaN,
        "Other Special Charges": NaN,
        "Write Off": NaN,
        "Impairment Of Capital Assets": NaN,
        "Gain On Sale Of Security": 8300000.0,
        "Net Non Operating Interest Income Expense": NaN,
        "Total Other Finance Cost": NaN,
        "Interest Expense Non Operating": NaN,
        "Interest Income Non Operating": NaN,
        "Operating Income": NaN,
        "Operating Expense": NaN,
        "Other Operating Expenses": NaN,
        "Selling General And Administration": NaN,
        "Selling And Marketing Expense": 353300000.0,
        "General And Administrative Expense": 115300000.0,
        "Other Gand A": 115300000.0,
        "Gross Profit": NaN,
        "Cost Of Revenue": NaN,
        "Total Revenue": NaN,
        "Operating Revenue": NaN
    },
    "2022-09-30": {
        "Tax Effect Of Unusual Items": NaN,
        "Tax Rate For Calcs": NaN,
        "Normalized EBITDA": NaN,
        "Total Unusual Items": NaN,
        "Total Unusual Items Excluding Goodwill": NaN,
        "Net Income From Continuing Operation Net Minority Interest": NaN,
        "Reconciled Depreciation": NaN,
        "Reconciled Cost Of Revenue": NaN,
        "EBITDA": NaN,
        "EBIT": NaN,
        "Net Interest Income": NaN,
        "Interest Expense": NaN,
        "Interest Income": NaN,
        "Normalized Income": NaN,
        "Net Income From Continuing And Discontinued Operation": NaN,
        "Total Expenses": NaN,
        "Total Operating Income As Reported": NaN,
        "Diluted Average Shares": 489499607.0,
        "Basic Average Shares": 489499607.0,
        "Diluted EPS": -0.004699,
        "Basic EPS": -0.004699,
        "Diluted NI Availto Com Stockholders": NaN,
        "Net Income Common Stockholders": NaN,
        "Net Income": NaN,
        "Minority Interests": NaN,
        "Net Income Including Noncontrolling Interests": NaN,
        "Net Income Discontinuous Operations": -500000.0,
        "Net Income Continuous Operations": NaN,
        "Tax Provision": NaN,
        "Pretax Income": NaN,
        "Other Income Expense": NaN,
        "Special Income Charges": NaN,
        "Other Special Charges": NaN,
        "Impairment Of Capital Assets": NaN,
        "Gain On Sale Of Security": NaN,
        "Net Non Operating Interest Income Expense": NaN,
        "Total Other Finance Cost": NaN,
        "Interest Expense Non Operating": NaN,
        "Interest Income Non Operating": NaN,
        "Operating Income": NaN,
        "Operating Expense": NaN,
        "Other Operating Expenses": NaN,
        "Selling General And Administration": NaN,
        "Selling And Marketing Expense": 263600000.0,
        "General And Administrative Expense": 100500000.0,
        "Other Gand A": 100500000.0,
        "Gross Profit": NaN,
        "Cost Of Revenue": NaN,
        "Total Revenue": NaN,
        "Operating Revenue": NaN
    },
    "2024-03-31": {
        "Tax Effect Of Unusual Items": NaN,
        "Tax Rate For Calcs": NaN,
        "Normalized EBITDA": NaN,
        "Total Unusual Items": NaN,
        "Total Unusual Items Excluding Goodwill": NaN,
        "Net Income From Continuing Operation Net Minority Interest": NaN,
        "Reconciled Depreciation": 62500000.0,
        "Reconciled Cost Of Revenue": NaN,
        "EBITDA": NaN,
        "EBIT": NaN,
        "Net Interest Income": NaN,
        "Interest Expense": NaN,
        "Interest Income": NaN,
        "Normalized Income": NaN,
        "Net Income From Continuing And Discontinued Operation": NaN,
        "Total Expenses": NaN,
        "Total Operating Income As Reported": NaN,
        "Diluted Average Shares": NaN,
        "Basic Average Shares": NaN,
        "Diluted EPS": NaN,
        "Basic EPS": NaN,
        "Diluted NI Availto Com Stockholders": NaN,
        "Net Income Common Stockholders": NaN,
        "Net Income": NaN,
        "Minority Interests": NaN,
        "Net Income Including Noncontrolling Interests": NaN,
        "Net Income Continuous Operations": NaN,
        "Tax Provision": NaN,
        "Pretax Income": NaN,
        "Other Income Expense": NaN,
        "Special Income Charges": NaN,
        "Other Special Charges": 14300000.0,
        "Write Off": NaN,
        "Impairment Of Capital Assets": 1300000.0,
        "Gain On Sale Of Security": NaN,
        "Net Non Operating Interest Income Expense": NaN,
        "Total Other Finance Cost": 2300000.0,
        "Interest Expense Non Operating": NaN,
        "Interest Income Non Operating": NaN,
        "Operating Income": NaN,
        "Operating Expense": NaN,
        "Other Operating Expenses": NaN,
        "Selling General And Administration": NaN,
        "Gross Profit": NaN,
        "Cost Of Revenue": NaN,
        "Total Revenue": NaN,
        "Operating Revenue": NaN
    },
    "2023-03-31": {
        "Tax Effect Of Unusual Items": NaN,
        "Tax Rate For Calcs": NaN,
        "Normalized EBITDA": NaN,
        "Total Unusual Items": NaN,
        "Total Unusual Items Excluding Goodwill": NaN,
        "Net Income From Continuing Operation Net Minority Interest": NaN,
        "Reconciled Depreciation": 52000000.0,
        "Reconciled Cost Of Revenue": NaN,
        "EBITDA": NaN,
        "EBIT": NaN,
        "Net Interest Income": NaN,
        "Interest Expense": NaN,
        "Interest Income": NaN,
        "Normalized Income": NaN,
        "Net Income From Continuing And Discontinued Operation": NaN,
        "Total Expenses": NaN,
        "Total Operating Income As Reported": NaN,
        "Diluted Average Shares": NaN,
        "Basic Average Shares": NaN,
        "Diluted EPS": NaN,
        "Basic EPS": NaN,
        "Diluted NI Availto Com Stockholders": NaN,
        "Net Income Common Stockholders": NaN,
        "Net Income": NaN,
        "Minority Interests": NaN,
        "Net Income Including Noncontrolling Interests": NaN,
        "Net Income Discontinuous Operations": NaN,
        "Net Income Continuous Operations": NaN,
        "Tax Provision": NaN,
        "Pretax Income": NaN,
        "Other Income Expense": NaN,
        "Special Income Charges": NaN,
        "Other Special Charges": NaN,
        "Write Off": NaN,
        "Impairment Of Capital Assets": 2800000.0,
        "Gain On Sale Of Security": NaN,
        "Net Non Operating Interest Income Expense": NaN,
        "Total Other Finance Cost": 2500000.0,
        "Interest Expense Non Operating": NaN,
        "Interest Income Non Operating": NaN,
        "Operating Income": NaN,
        "Operating Expense": NaN,
        "Other Operating Expenses": NaN,
        "Selling General And Administration": NaN,
        "Selling And Marketing Expense": NaN,
        "General And Administrative Expense": NaN,
        "Other Gand A": NaN,
        "Gross Profit": NaN,
        "Cost Of Revenue": NaN,
        "Total Revenue": NaN,
        "Operating Revenue": NaN
    },
    "2024-06-30": {
        "Tax Effect Of Unusual Items": NaN,
        "Tax Rate For Calcs": NaN,
        "Normalized EBITDA": NaN,
        "Total Unusual Items": NaN,
        "Total Unusual Items Excluding Goodwill": NaN,
        "Net Income From Continuing Operation Net Minority Interest": NaN,
        "Reconciled Depreciation": 62800000.0,
        "Reconciled Cost Of Revenue": NaN,
        "EBITDA": NaN,
        "EBIT": NaN,
        "Net Interest Income": NaN,
        "Interest Expense": NaN,
        "Interest Income": NaN,
        "Normalized Income": NaN,
        "Net Income From Continuing And Discontinued Operation": NaN,
        "Total Expenses": NaN,
        "Total Operating Income As Reported": NaN,
        "Diluted Average Shares": NaN,
        "Basic Average Shares": NaN,
        "Diluted EPS": NaN,
        "Basic EPS": NaN,
        "Diluted NI Availto Com Stockholders": NaN,
        "Net Income Common Stockholders": NaN,
        "Net Income": NaN,
        "Minority Interests": NaN,
        "Net Income Including Noncontrolling Interests": NaN,
        "Net Income Continuous Operations": NaN,
        "Tax Provision": NaN,
        "Pretax Income": NaN,
        "Other Income Expense": NaN,
        "Special Income Charges": NaN,
        "Other Special Charges": NaN,
        "Write Off": NaN,
        "Impairment Of Capital Assets": NaN,
        "Gain On Sale Of Security": -1500000.0,
        "Net Non Operating Interest Income Expense": NaN,
        "Total Other Finance Cost": 3600000.0,
        "Interest Expense Non Operating": NaN,
        "Interest Income Non Operating": NaN,
        "Operating Income": NaN,
        "Operating Expense": NaN,
        "Other Operating Expenses": NaN,
        "Selling General And Administration": NaN,
        "Gross Profit": NaN,
        "Cost Of Revenue": NaN,
        "Total Revenue": NaN,
        "Operating Revenue": NaN
    },
    "2024-09-30": {
        "Tax Effect Of Unusual Items": -960000.0,
        "Tax Rate For Calcs": 0.2,
        "Normalized EBITDA": 177800000.0,
        "Total Unusual Items": -4800000.0,
        "Total Unusual Items Excluding Goodwill": -4800000.0,
        "Net Income From Continuing Operation Net Minority Interest": 55800000.0,
        "Reconciled Depreciation": 71200000.0,
        "Reconciled Cost Of Revenue": 606500000.0,
        "EBITDA": 244200000.0,
        "EBIT": 173000000.0,
        "Net Interest Income": -43000000.0,
        "Interest Expense": 44100000.0,
        "Interest Income": 1100000.0,
        "Normalized Income": 59640000.0,
        "Net Income From Continuing And Discontinued Operation": 55800000.0,
        "Total Expenses": 1177100000.0,
        "Total Operating Income As Reported": 176700000.0,
        "Diluted Average Shares": 507716795.0,
        "Basic Average Shares": 505412690.0,
        "Diluted EPS": 0.11,
        "Basic EPS": 0.11,
        "Diluted NI Availto Com Stockholders": 55800000.0,
        "Net Income Common Stockholders": 55800000.0,
        "Net Income": 55800000.0,
        "Minority Interests": -400000.0,
        "Net Income Including Noncontrolling Interests": 56200000.0,
        "Net Income Continuous Operations": 56200000.0,
        "Tax Provision": 72700000.0,
        "Pretax Income": 128900000.0,
        "Other Income Expense": -4800000.0,
        "Special Income Charges": 0.0,
        "Other Special Charges": NaN,
        "Write Off": 0.0,
        "Impairment Of Capital Assets": NaN,
        "Gain On Sale Of Security": -4800000.0,
        "Net Non Operating Interest Income Expense": -43000000.0,
        "Total Other Finance Cost": NaN,
        "Interest Expense Non Operating": 44100000.0,
        "Interest Income Non Operating": 1100000.0,
        "Operating Income": 176700000.0,
        "Operating Expense": 570600000.0,
        "Other Operating Expenses": -15900000.0,
        "Selling General And Administration": 586500000.0,
        "Gross Profit": 747300000.0,
        "Cost Of Revenue": 606500000.0,
        "Total Revenue": 1353800000.0,
        "Operating Revenue": 1353800000.0
    },
    "2024-12-31": {
        "Tax Effect Of Unusual Items": -14300000.0,
        "Tax Rate For Calcs": 0.2,
        "Normalized EBITDA": 259600000.0,
        "Total Unusual Items": -71500000.0,
        "Total Unusual Items Excluding Goodwill": -71500000.0,
        "Net Income From Continuing Operation Net Minority Interest": 15400000.0,
        "Reconciled Depreciation": 77300000.0,
        "Reconciled Cost Of Revenue": 718000000.0,
        "EBITDA": 188100000.0,
        "EBIT": 110800000.0,
        "Net Interest Income": -49900000.0,
        "Interest Expense": 39900000.0,
        "Interest Income": 2500000.0,
        "Normalized Income": 72600000.0,
        "Net Income From Continuing And Discontinued Operation": 15400000.0,
        "Total Expenses": 1443200000.0,
        "Total Operating Income As Reported": 193600000.0,
        "Diluted Average Shares": 524564923.0,
        "Basic Average Shares": 519046419.0,
        "Diluted EPS": 0.03,
        "Basic EPS": 0.03,
        "Diluted NI Availto Com Stockholders": 15400000.0,
        "Net Income Common Stockholders": 15400000.0,
        "Net Income": 15400000.0,
        "Minority Interests": -1700000.0,
        "Net Income Including Noncontrolling Interests": 17100000.0,
        "Net Income Continuous Operations": 17100000.0,
        "Tax Provision": 53800000.0,
        "Pretax Income": 70900000.0,
        "Other Income Expense": -71500000.0,
        "Special Income Charges": -16200000.0,
        "Other Special Charges": 17500000.0,
        "Write Off": -600000.0,
        "Impairment Of Capital Assets": NaN,
        "Gain On Sale Of Security": NaN,
        "Net Non Operating Interest Income Expense": -49900000.0,
        "Total Other Finance Cost": NaN,
        "Interest Expense Non Operating": 39900000.0,
        "Interest Income Non Operating": 2500000.0,
        "Operating Income": 192300000.0,
        "Operating Expense": 725200000.0,
        "Other Operating Expenses": -7100000.0,
        "Selling General And Administration": 732300000.0,
        "Gross Profit": 917500000.0,
        "Cost Of Revenue": 718000000.0,
        "Total Revenue": 1635500000.0,
        "Operating Revenue": 1635500000.0
    },
    "2025-03-31": {
        "Tax Effect Of Unusual Items": 1084008.097166,
        "Tax Rate For Calcs": 0.301113,
        "Normalized EBITDA": 216000000.0,
        "Total Unusual Items": 3600000.0,
        "Total Unusual Items Excluding Goodwill": 3600000.0,
        "Net Income From Continuing Operation Net Minority Interest": 134600000.0,
        "Reconciled Depreciation": NaN,
        "Reconciled Cost Of Revenue": 621400000.0,
        "EBITDA": 219600000.0,
        "EBIT": 219600000.0,
        "Net Interest Income": -20500000.0,
        "Interest Expense": 22000000.0,
        "Interest Income": 1500000.0,
        "Normalized Income": 132084008.097166,
        "Net Income From Continuing And Discontinued Operation": 134600000.0,
        "Total Expenses": 1258000000.0,
        "Total Operating Income As Reported": 214200000.0,
        "Diluted Average Shares": 557567556.0,
        "Basic Average Shares": 553986158.0,
        "Diluted EPS": 0.24,
        "Basic EPS": 0.24,
        "Diluted NI Availto Com Stockholders": 134600000.0,
        "Net Income Common Stockholders": 134600000.0,
        "Net Income": 134600000.0,
        "Minority Interests": -3500000.0,
        "Net Income Including Noncontrolling Interests": 138100000.0,
        "Net Income Continuous Operations": 138100000.0,
        "Tax Provision": 59500000.0,
        "Pretax Income": 197600000.0,
        "Other Income Expense": 3600000.0,
        "Special Income Charges": -300000.0,
        "Other Special Charges": NaN,
        "Write Off": 300000.0,
        "Impairment Of Capital Assets": NaN,
        "Gain On Sale Of Security": 3900000.0,
        "Net Non Operating Interest Income Expense": -20500000.0,
        "Total Other Finance Cost": NaN,
        "Interest Expense Non Operating": 22000000.0,
        "Interest Income Non Operating": 1500000.0,
        "Operating Income": 214500000.0,
        "Operating Expense": 636600000.0,
        "Other Operating Expenses": -5300000.0,
        "Selling General And Administration": 641900000.0,
        "Gross Profit": 851100000.0,
        "Cost Of Revenue": 621400000.0,
        "Total Revenue": 1472500000.0,
        "Operating Revenue": 1472500000.0
    },
    "2025-06-30": {
        "Tax Effect Of Unusual Items": 1200000.0,
        "Tax Rate For Calcs": 0.2,
        "Normalized EBITDA": 45800000.0,
        "Total Unusual Items": 6000000.0,
        "Total Unusual Items Excluding Goodwill": 6000000.0,
        "Net Income From Continuing Operation Net Minority Interest": 18200000.0,
        "Reconciled Depreciation": NaN,
        "Reconciled Cost Of Revenue": 513400000.0,
        "EBITDA": 51800000.0,
        "EBIT": 51800000.0,
        "Net Interest Income": -30500000.0,
        "Interest Expense": 30000000.0,
        "Interest Income": 1400000.0,
        "Normalized Income": 13400000.0,
        "Net Income From Continuing And Discontinued Operation": 18200000.0,
        "Total Expenses": 1190000000.0,
        "Total Operating Income As Reported": 43700000.0,
        "Diluted Average Shares": 560798983.0,
        "Basic Average Shares": 555400923.0,
        "Diluted EPS": 0.03,
        "Basic EPS": 0.03,
        "Diluted NI Availto Com Stockholders": 18200000.0,
        "Net Income Common Stockholders": 18200000.0,
        "Net Income": 18200000.0,
        "Minority Interests": -4200000.0,
        "Net Income Including Noncontrolling Interests": 22400000.0,
        "Net Income Continuous Operations": 22400000.0,
        "Tax Provision": -600000.0,
        "Pretax Income": 21800000.0,
        "Other Income Expense": 6000000.0,
        "Special Income Charges": -2600000.0,
        "Other Special Charges": NaN,
        "Write Off": 2600000.0,
        "Impairment Of Capital Assets": NaN,
        "Gain On Sale Of Security": 8600000.0,
        "Net Non Operating Interest Income Expense": -30500000.0,
        "Total Other Finance Cost": 1900000.0,
        "Interest Expense Non Operating": 30000000.0,
        "Interest Income Non Operating": 1400000.0,
        "Operating Income": 46300000.0,
        "Operating Expense": 676600000.0,
        "Other Operating Expenses": -21200000.0,
        "Selling General And Administration": 697800000.0,
        "Gross Profit": 722900000.0,
        "Cost Of Revenue": 513400000.0,
        "Total Revenue": 1236300000.0,
        "Operating Revenue": 1236300000.0
    },
    "2025-09-30": {
        "Tax Effect Of Unusual Items": -1115781.487102,
        "Tax Rate For Calcs": 0.259484,
        "Normalized EBITDA": 227600000.0,
        "Total Unusual Items": -4300000.0,
        "Total Unusual Items Excluding Goodwill": -4300000.0,
        "Net Income From Continuing Operation Net Minority Interest": 143100000.0,
        "Reconciled Depreciation": NaN,
        "Reconciled Cost Of Revenue": 758100000.0,
        "EBITDA": 223300000.0,
        "EBIT": 223300000.0,
        "Net Interest Income": -24100000.0,
        "Interest Expense": 25600000.0,
        "Interest Income": 1500000.0,
        "Normalized Income": 146284218.512898,
        "Net Income From Continuing And Discontinued Operation": 143100000.0,
        "Total Expenses": 1530200000.0,
        "Total Operating Income As Reported": 215900000.0,
        "Diluted Average Shares": 563532523.0,
        "Basic Average Shares": 556199402.0,
        "Diluted EPS": 0.25,
        "Basic EPS": 0.26,
        "Diluted NI Availto Com Stockholders": 143100000.0,
        "Net Income Common Stockholders": 143100000.0,
        "Net Income": 143100000.0,
        "Minority Interests": -3300000.0,
        "Net Income Including Noncontrolling Interests": 146400000.0,
        "Net Income Continuous Operations": 146400000.0,
        "Tax Provision": 51300000.0,
        "Pretax Income": 197700000.0,
        "Other Income Expense": -4300000.0,
        "Special Income Charges": -10200000.0,
        "Other Special Charges": NaN,
        "Write Off": 10200000.0,
        "Impairment Of Capital Assets": NaN,
        "Gain On Sale Of Security": 5900000.0,
        "Net Non Operating Interest Income Expense": -24100000.0,
        "Total Other Finance Cost": NaN,
        "Interest Expense Non Operating": 25600000.0,
        "Interest Income Non Operating": 1500000.0,
        "Operating Income": 226100000.0,
        "Operating Expense": 772100000.0,
        "Other Operating Expenses": -4500000.0,
        "Selling General And Administration": 776600000.0,
        "Gross Profit": 998200000.0,
        "Cost Of Revenue": 758100000.0,
        "Total Revenue": 1756300000.0,
        "Operating Revenue": 1756300000.0
    }
}