{
    "2023-06-30": {
        "Tax Effect Of Unusual Items": NaN,
        "Tax Rate For Calcs": NaN,
        "Normalized EBITDA": NaN,
        "Net Income From Continuing Operation Net Minority Interest": NaN,
        "Reconciled Depreciation": NaN,
        "Reconciled Cost Of Revenue": NaN,
        "EBITDA": NaN,
        "EBIT": NaN,
        "Net Interest Income": NaN,
        "Interest Income": NaN,
        "Normalized Income": NaN,
        "Net Income From Continuing And Discontinued Operation": NaN,
        "Total Expenses": NaN,
        "Total Operating Income As Reported": NaN,
        "Diluted Average Shares": NaN,
        "Basic Average Shares": NaN,
        "Diluted EPS": NaN,
        "Basic EPS": NaN,
        "Diluted NI Availto Com Stockholders": NaN,
        "Net Income Common Stockholders": NaN,
        "Otherunder Preferred Stock Dividend": -65900000.0,
        "Net Income": NaN,
        "Net Income Including Noncontrolling Interests": NaN,
        "Net Income Continuous Operations": NaN,
        "Earnings From Equity Interest Net Of Tax": NaN,
        "Tax Provision": NaN,
        "Pretax Income": NaN,
        "Net Non Operating Interest Income Expense": NaN,
        "Total Other Finance Cost": -16700000.0,
        "Interest Income Non Operating": NaN,
        "Operating Income": NaN,
        "Operating Expense": NaN,
        "Research And Development": NaN,
        "Selling General And Administration": NaN,
        "Gross Profit": NaN,
        "Cost Of Revenue": NaN,
        "Total Revenue": NaN,
        "Operating Revenue": NaN
    },
    "2023-03-31": {
        "Tax Effect Of Unusual Items": NaN,
        "Tax Rate For Calcs": NaN,
        "Normalized EBITDA": NaN,
        "Net Income From Continuing Operation Net Minority Interest": NaN,
        "Reconciled Depreciation": NaN,
        "Reconciled Cost Of Revenue": NaN,
        "EBITDA": NaN,
        "EBIT": NaN,
        "Net Interest Income": NaN,
        "Interest Income": 12200000.0,
        "Normalized Income": NaN,
        "Net Income From Continuing And Discontinued Operation": NaN,
        "Total Expenses": NaN,
        "Total Operating Income As Reported": NaN,
        "Diluted Average Shares": NaN,
        "Basic Average Shares": NaN,
        "Diluted EPS": NaN,
        "Basic EPS": NaN,
        "Diluted NI Availto Com Stockholders": NaN,
        "Net Income Common Stockholders": NaN,
        "Otherunder Preferred Stock Dividend": -41200000.0,
        "Net Income": NaN,
        "Net Income Including Noncontrolling Interests": NaN,
        "Net Income Continuous Operations": NaN,
        "Earnings From Equity Interest Net Of Tax": NaN,
        "Tax Provision": NaN,
        "Pretax Income": NaN,
        "Net Non Operating Interest Income Expense": NaN,
        "Total Other Finance Cost": -12200000.0,
        "Interest Income Non Operating": 12200000.0,
        "Operating Income": NaN,
        "Operating Expense": NaN,
        "Research And Development": NaN,
        "Selling General And Administration": NaN,
        "Gross Profit": NaN,
        "Cost Of Revenue": NaN,
        "Total Revenue": NaN,
        "Operating Revenue": NaN
    },
    "2022-12-31": {
        "Tax Effect Of Unusual Items": NaN,
        "Tax Rate For Calcs": NaN,
        "Normalized EBITDA": NaN,
        "Net Income From Continuing Operation Net Minority Interest": NaN,
        "Reconciled Depreciation": NaN,
        "Reconciled Cost Of Revenue": NaN,
        "EBITDA": NaN,
        "EBIT": NaN,
        "Net Interest Income": NaN,
        "Interest Expense": 19300000.0,
        "Interest Income": NaN,
        "Normalized Income": NaN,
        "Net Income From Continuing And Discontinued Operation": NaN,
        "Total Expenses": NaN,
        "Total Operating Income As Reported": NaN,
        "Diluted Average Shares": NaN,
        "Basic Average Shares": NaN,
        "Diluted EPS": NaN,
        "Basic EPS": NaN,
        "Diluted NI Availto Com Stockholders": NaN,
        "Net Income Common Stockholders": NaN,
        "Otherunder Preferred Stock Dividend": NaN,
        "Net Income": NaN,
        "Net Income Including Noncontrolling Interests": NaN,
        "Net Income Continuous Operations": NaN,
        "Earnings From Equity Interest Net Of Tax": NaN,
        "Tax Provision": NaN,
        "Pretax Income": NaN,
        "Net Non Operating Interest Income Expense": NaN,
        "Total Other Finance Cost": NaN,
        "Interest Expense Non Operating": 19300000.0,
        "Interest Income Non Operating": NaN,
        "Operating Income": NaN,
        "Operating Expense": NaN,
        "Research And Development": NaN,
        "Selling General And Administration": NaN,
        "Gross Profit": NaN,
        "Cost Of Revenue": NaN,
        "Total Revenue": NaN,
        "Operating Revenue": NaN
    },
    "2022-09-30": {
        "Tax Effect Of Unusual Items": NaN,
        "Tax Rate For Calcs": NaN,
        "Normalized EBITDA": NaN,
        "Net Income From Continuing Operation Net Minority Interest": NaN,
        "Reconciled Depreciation": NaN,
        "Reconciled Cost Of Revenue": NaN,
        "EBITDA": NaN,
        "EBIT": NaN,
        "Net Interest Income": NaN,
        "Interest Expense": 15100000.0,
        "Interest Income": NaN,
        "Normalized Income": NaN,
        "Net Income From Continuing And Discontinued Operation": NaN,
        "Total Expenses": NaN,
        "Total Operating Income As Reported": NaN,
        "Diluted Average Shares": NaN,
        "Basic Average Shares": NaN,
        "Diluted EPS": NaN,
        "Basic EPS": NaN,
        "Diluted NI Availto Com Stockholders": NaN,
        "Net Income Common Stockholders": NaN,
        "Otherunder Preferred Stock Dividend": -30100000.0,
        "Net Income": NaN,
        "Net Income Including Noncontrolling Interests": NaN,
        "Net Income Continuous Operations": NaN,
        "Earnings From Equity Interest Net Of Tax": NaN,
        "Tax Provision": NaN,
        "Pretax Income": NaN,
        "Net Non Operating Interest Income Expense": NaN,
        "Total Other Finance Cost": 15100000.0,
        "Interest Expense Non Operating": 15100000.0,
        "Interest Income Non Operating": NaN,
        "Operating Income": NaN,
        "Operating Expense": NaN,
        "Research And Development": NaN,
        "Selling General And Administration": NaN,
        "Gross Profit": NaN,
        "Cost Of Revenue": NaN,
        "Total Revenue": NaN,
        "Operating Revenue": NaN
    },
    "2022-06-30": {
        "Tax Effect Of Unusual Items": 0.0,
        "Tax Rate For Calcs": 0.149884,
        "Normalized EBITDA": 1784900000.0,
        "Net Income From Continuing Operation Net Minority Interest": 1396400000.0,
        "Reconciled Depreciation": 131500000.0,
        "Reconciled Cost Of Revenue": 2766000000.0,
        "EBITDA": 1784900000.0,
        "EBIT": 1653400000.0,
        "Net Interest Income": -10800000.0,
        "Interest Expense": 10800000.0,
        "Normalized Income": 1396400000.0,
        "Net Income From Continuing And Discontinued Operation": 1396400000.0,
        "Total Expenses": 3777100000.0,
        "Total Operating Income As Reported": 1653400000.0,
        "Diluted Average Shares": 398600000.0,
        "Basic Average Shares": 398300000.0,
        "Diluted EPS": 3.54,
        "Basic EPS": 3.54,
        "Diluted NI Availto Com Stockholders": 1410900000.0,
        "Net Income Common Stockholders": 1410900000.0,
        "Otherunder Preferred Stock Dividend": -14500000.0,
        "Net Income": 1396400000.0,
        "Net Income Including Noncontrolling Interests": 1396400000.0,
        "Net Income Continuous Operations": 1396400000.0,
        "Tax Provision": 246200000.0,
        "Pretax Income": 1642600000.0,
        "Net Non Operating Interest Income Expense": -10800000.0,
        "Total Other Finance Cost": 10800000.0,
        "Interest Expense Non Operating": 10800000.0,
        "Operating Income": 1653400000.0,
        "Operating Expense": 1011100000.0,
        "Research And Development": 789100000.0,
        "Selling General And Administration": 222000000.0,
        "Gross Profit": 2664500000.0,
        "Cost Of Revenue": 2766000000.0,
        "Total Revenue": 5430500000.0,
        "Operating Revenue": 5430500000.0
    },
    "2022-03-31": {
        "Diluted EPS": 1.94,
        "Total Revenue": NaN,
        "Gross Profit": NaN,
        "Operating Income": 880,
        "EBIT": NaN,
        "Net Income": 780
    },
    "2021-12-31": {
        "Diluted EPS": 5.05,
        "Total Revenue": NaN,
        "Gross Profit": NaN,
        "Operating Income": NaN,
        "EBIT": NaN,
        "Net Income": NaN
    },
    "2021-09-30": {
        "Diluted EPS": 5.02,
        "Total Revenue": NaN,
        "Gross Profit": NaN,
        "Operating Income": NaN,
        "EBIT": NaN,
        "Net Income": NaN
    },
    "2021-06-30": {
        "Diluted EPS": 3.04,
        "Total Revenue": NaN,
        "Gross Profit": NaN,
        "Operating Income": NaN,
        "EBIT": NaN,
        "Net Income": NaN
    },
    "2021-03-31": {
        "Diluted EPS": 3.86,
        "Total Revenue": NaN,
        "Gross Profit": NaN,
        "Operating Income": NaN,
        "EBIT": NaN,
        "Net Income": NaN
    },
    "2020-12-31": {
        "Diluted EPS": 3.73,
        "Total Revenue": NaN,
        "Gross Profit": NaN,
        "Operating Income": NaN,
        "EBIT": NaN,
        "Net Income": NaN
    },
    "2020-09-30": {
        "Diluted EPS": 2.96,
        "Total Revenue": NaN,
        "Gross Profit": NaN,
        "Operating Income": NaN,
        "EBIT": NaN,
        "Net Income": NaN
    },
    "2020-06-30": {
        "Diluted EPS": 1.97,
        "Total Revenue": NaN,
        "Gross Profit": NaN,
        "Operating Income": 997,
        "EBIT": NaN,
        "Net Income": 827
    },
    "2020-03-31": {
        "Diluted EPS": 1.03,
        "Total Revenue": NaN,
        "Gross Profit": NaN,
        "Operating Income": 471,
        "EBIT": 601,
        "Net Income": 431
    },
    "2019-12-31": {
        "Diluted EPS": 3.01,
        "Total Revenue": NaN,
        "Gross Profit": NaN,
        "Operating Income": NaN,
        "EBIT": NaN,
        "Net Income": NaN
    },
    "2019-09-30": {
        "Diluted EPS": 1.65,
        "Total Revenue": NaN,
        "Gross Profit": NaN,
        "Operating Income": 762,
        "EBIT": 885,
        "Net Income": 697
    },
    "2019-06-30": {
        "Diluted EPS": 1.27,
        "Total Revenue": NaN,
        "Gross Profit": NaN,
        "Operating Income": 556,
        "EBIT": 676,
        "Net Income": 535
    },
    "2019-03-31": {
        "Diluted EPS": 0.95,
        "Total Revenue": NaN,
        "Gross Profit": NaN,
        "Operating Income": 380,
        "EBIT": 499,
        "Net Income": 404
    },
    "2018-12-31": {
        "Diluted EPS": 2.14,
        "Total Revenue": NaN,
        "Gross Profit": NaN,
        "Operating Income": 940,
        "EBIT": NaN,
        "Net Income": 910
    },
    "2018-09-30": {
        "Diluted EPS": 1.86,
        "Total Revenue": NaN,
        "Gross Profit": NaN,
        "Operating Income": 951,
        "EBIT": NaN,
        "Net Income": 791
    },
    "2018-06-30": {
        "Diluted EPS": 1.63,
        "Total Revenue": NaN,
        "Gross Profit": NaN,
        "Operating Income": 822,
        "EBIT": 937,
        "Net Income": 696
    },
    "2018-03-31": {
        "Diluted EPS": 1.55,
        "Total Revenue": NaN,
        "Gross Profit": NaN,
        "Operating Income": 789,
        "EBIT": 916,
        "Net Income": 663
    },
    "2017-12-31": {
        "Diluted EPS": 1.72,
        "Total Revenue": NaN,
        "Gross Profit": NaN,
        "Operating Income": 870,
        "EBIT": 971,
        "Net Income": 745
    },
    "2017-09-30": {
        "Diluted EPS": 1.52,
        "Total Revenue": NaN,
        "Gross Profit": NaN,
        "Operating Income": 771,
        "EBIT": 906,
        "Net Income": 655
    },
    "2017-06-30": {
        "Diluted EPS": 1.19,
        "Total Revenue": NaN,
        "Gross Profit": NaN,
        "Operating Income": 611,
        "EBIT": 730,
        "Net Income": 513
    },
    "2017-03-31": {
        "Diluted EPS": 1.12,
        "Total Revenue": NaN,
        "Gross Profit": 985,
        "Operating Income": 570,
        "EBIT": 687,
        "Net Income": 482
    },
    "2016-12-31": {
        "Diluted EPS": 1.32,
        "Total Revenue": NaN,
        "Gross Profit": 974,
        "Operating Income": 573,
        "EBIT": 685,
        "Net Income": 569
    },
    "2016-09-30": {
        "Diluted EPS": 1.04,
        "Total Revenue": NaN,
        "Gross Profit": 931,
        "Operating Income": 553,
        "EBIT": 648,
        "Net Income": 442
    },
    "2016-06-30": {
        "Diluted EPS": 0.94,
        "Total Revenue": NaN,
        "Gross Profit": 838,
        "Operating Income": 457,
        "EBIT": 554,
        "Net Income": 400
    },
    "2016-03-31": {
        "Diluted EPS": 0.51,
        "Total Revenue": NaN,
        "Gross Profit": 627,
        "Operating Income": 252,
        "EBIT": 342,
        "Net Income": 218
    },
    "2015-12-31": {
        "Diluted EPS": 0.74,
        "Total Revenue": NaN,
        "Gross Profit": 720,
        "Operating Income": 346,
        "EBIT": 435,
        "Net Income": 318
    },
    "2015-09-30": {
        "Diluted EPS": 0.84,
        "Total Revenue": NaN,
        "Gross Profit": 783,
        "Operating Income": 414,
        "EBIT": 501,
        "Net Income": 359
    },
    "2015-06-30": {
        "Diluted EPS": 0.94,
        "Total Revenue": NaN,
        "Gross Profit": 834,
        "Operating Income": 463,
        "EBIT": 542,
        "Net Income": 409
    },
    "2015-03-31": {
        "Diluted EPS": 1.05,
        "Total Revenue": NaN,
        "Gross Profit": 879,
        "Operating Income": 514,
        "EBIT": 589,
        "Net Income": 455
    },
    "2014-12-31": {
        "Diluted EPS": 0.81,
        "Total Revenue": NaN,
        "Gross Profit": 710,
        "Operating Income": 282,
        "EBIT": 258,
        "Net Income": 353
    },
    "2014-09-30": {
        "Diluted EPS": 0.74,
        "Total Revenue": NaN,
        "Gross Profit": 767,
        "Operating Income": 347,
        "Net Income": 324
    },
    "2014-06-30": {
        "Diluted EPS": 1.24,
        "Total Revenue": NaN,
        "Gross Profit": NaN,
        "Operating Income": 536,
        "EBIT": 448,
        "Net Income": 543
    },
    "2014-03-31": {
        "Diluted EPS": 0.62,
        "Total Revenue": NaN,
        "Gross Profit": 455,
        "Operating Income": -44,
        "EBIT": 45,
        "Net Income": 274
    },
    "2013-12-31": {
        "Diluted EPS": 1.46,
        "Total Revenue": NaN,
        "Gross Profit": NaN,
        "Operating Income": 660,
        "EBIT": 750,
        "Net Income": 652
    },
    "2013-09-30": {
        "Diluted EPS": 0.58,
        "Total Revenue": NaN,
        "Gross Profit": 741,
        "Operating Income": 297,
        "EBIT": 338,
        "Net Income": 261
    },
    "2013-06-30": {
        "Diluted EPS": 0.67,
        "Total Revenue": NaN,
        "Gross Profit": 608,
        "Operating Income": 365,
        "EBIT": 478,
        "Net Income": 289
    },
    "2013-03-31": {
        "Diluted EPS": 0.3,
        "Total Revenue": NaN,
        "Gross Profit": 447,
        "Operating Income": 121,
        "EBIT": 179,
        "Net Income": 127
    },
    "2012-12-31": {
        "Diluted EPS": 0.87,
        "Total Revenue": NaN,
        "Gross Profit": 668,
        "Operating Income": 74,
        "EBIT": 39,
        "Net Income": 396
    },
    "2012-09-30": {
        "Diluted EPS": 1.1,
        "Total Revenue": NaN,
        "Gross Profit": 701,
        "Operating Income": 538,
        "EBIT": 676,
        "Net Income": 360
    },
    "2012-06-30": {
        "Diluted EPS": 1.13,
        "Total Revenue": NaN,
        "Gross Profit": 590,
        "Operating Income": 432,
        "EBIT": 503,
        "Net Income": 358
    },
    "2012-03-31": {
        "Diluted EPS": 1.16,
        "Total Revenue": NaN,
        "Gross Profit": 654,
        "Operating Income": 478,
        "EBIT": 543,
        "Net Income": 370
    },
    "2011-12-31": {
        "Diluted EPS": 1.13,
        "Total Revenue": NaN,
        "Gross Profit": 571,
        "Operating Income": 361,
        "EBIT": 439,
        "Net Income": 364
    },
    "2011-09-30": {
        "Diluted EPS": 1.48,
        "Total Revenue": NaN,
        "Gross Profit": 749,
        "Operating Income": 481,
        "EBIT": 575,
        "Net Income": 483
    },
    "2011-06-30": {
        "Diluted EPS": 1.82,
        "Total Revenue": NaN,
        "Gross Profit": 888,
        "Operating Income": 629,
        "EBIT": 735,
        "Net Income": 604
    },
    "2011-03-31": {
        "Diluted EPS": 1.69,
        "Total Revenue": NaN,
        "Gross Profit": 966,
        "Operating Income": 716,
        "EBIT": 808,
        "Net Income": 571
    },
    "2010-12-31": {
        "Diluted EPS": 1.61,
        "Total Revenue": NaN,
        "Gross Profit": 760,
        "Operating Income": 534,
        "EBIT": 615,
        "Net Income": 543
    },
    "2010-09-30": {
        "Diluted EPS": 1.03,
        "Total Revenue": NaN,
        "Gross Profit": 600,
        "Operating Income": 398,
        "EBIT": 582,
        "Net Income": 346
    },
    "2010-06-30": {
        "Diluted EPS": 0.88,
        "Total Revenue": NaN,
        "Gross Profit": 572,
        "Operating Income": 359,
        "EBIT": 401,
        "Net Income": 302
    },
    "2010-03-31": {
        "Diluted EPS": 0.43,
        "Total Revenue": NaN,
        "Gross Profit": 394,
        "Operating Income": 170,
        "EBIT": 218,
        "Net Income": 146
    },
    "2009-12-31": {
        "Diluted EPS": 0.22,
        "Total Revenue": 833,
        "Gross Profit": 320,
        "Operating Income": 94,
        "EBIT": 134,
        "Net Income": 72
    },
    "2009-09-30": {
        "Diluted EPS": 0.08,
        "Total Revenue": 793,
        "Gross Profit": 273,
        "Operating Income": 55,
        "EBIT": 116,
        "Net Income": 28
    },
    "2009-06-30": {
        "Diluted EPS": -0.44,
        "Total Revenue": 387,
        "Gross Profit": 57,
        "Operating Income": -160,
        "EBIT": -115,
        "Net Income": -145
    },
    "2009-03-31": {
        "Diluted EPS": -0.47,
        "Total Revenue": 244,
        "Gross Profit": 20,
        "Operating Income": -188,
        "EBIT": -138,
        "Net Income": -156
    },
    "2023-09-30": {
        "Tax Effect Of Unusual Items": NaN,
        "Tax Rate For Calcs": NaN,
        "Normalized EBITDA": NaN,
        "Net Income From Continuing Operation Net Minority Interest": NaN,
        "Reconciled Depreciation": NaN,
        "Reconciled Cost Of Revenue": NaN,
        "EBITDA": NaN,
        "EBIT": NaN,
        "Net Interest Income": NaN,
        "Interest Income": NaN,
        "Normalized Income": NaN,
        "Net Income From Continuing And Discontinued Operation": NaN,
        "Total Expenses": NaN,
        "Total Operating Income As Reported": NaN,
        "Diluted Average Shares": NaN,
        "Basic Average Shares": NaN,
        "Diluted EPS": NaN,
        "Basic EPS": NaN,
        "Diluted NI Availto Com Stockholders": NaN,
        "Net Income Common Stockholders": NaN,
        "Net Income": NaN,
        "Net Income Including Noncontrolling Interests": NaN,
        "Net Income Continuous Operations": NaN,
        "Earnings From Equity Interest Net Of Tax": NaN,
        "Tax Provision": NaN,
        "Pretax Income": NaN,
        "Net Non Operating Interest Income Expense": NaN,
        "Total Other Finance Cost": -7100000.0,
        "Interest Income Non Operating": NaN,
        "Operating Income": NaN,
        "Operating Expense": NaN,
        "Research And Development": NaN,
        "Selling General And Administration": NaN,
        "Gross Profit": NaN,
        "Cost Of Revenue": NaN,
        "Total Revenue": NaN,
        "Operating Revenue": NaN
    },
    "2023-12-31": {
        "Tax Effect Of Unusual Items": 0.0,
        "Tax Rate For Calcs": 0.160861,
        "Normalized EBITDA": 2797900000.0,
        "Net Income From Continuing Operation Net Minority Interest": 2048100000.0,
        "Reconciled Depreciation": 212100000.0,
        "Reconciled Cost Of Revenue": 3519700000.0,
        "EBITDA": 2797900000.0,
        "EBIT": 2585800000.0,
        "Net Interest Income": 5200000.0,
        "Interest Income": NaN,
        "Normalized Income": 2048100000.0,
        "Net Income From Continuing And Discontinued Operation": 2048100000.0,
        "Total Expenses": 4845100000.0,
        "Total Operating Income As Reported": 2391900000.0,
        "Diluted Average Shares": 393800000.0,
        "Basic Average Shares": 393400000.0,
        "Diluted EPS": 5.2,
        "Basic EPS": 5.21,
        "Diluted NI Availto Com Stockholders": 2048100000.0,
        "Net Income Common Stockholders": 2048100000.0,
        "Net Income": 2048100000.0,
        "Net Income Including Noncontrolling Interests": 2048100000.0,
        "Net Income Continuous Operations": 2048100000.0,
        "Earnings From Equity Interest Net Of Tax": 36600000.0,
        "Tax Provision": 385600000.0,
        "Pretax Income": 2397100000.0,
        "Net Non Operating Interest Income Expense": 5200000.0,
        "Total Other Finance Cost": NaN,
        "Interest Income Non Operating": NaN,
        "Operating Income": 2391900000.0,
        "Operating Expense": 1325400000.0,
        "Research And Development": 1041300000.0,
        "Selling General And Administration": 284100000.0,
        "Gross Profit": 3717300000.0,
        "Cost Of Revenue": 3519700000.0,
        "Total Revenue": 7237000000.0,
        "Operating Revenue": 7237000000.0
    },
    "2024-03-31": {
        "Tax Effect Of Unusual Items": NaN,
        "Tax Rate For Calcs": NaN,
        "Normalized EBITDA": NaN,
        "Net Income From Continuing Operation Net Minority Interest": NaN,
        "Reconciled Depreciation": NaN,
        "Reconciled Cost Of Revenue": NaN,
        "EBITDA": NaN,
        "EBIT": NaN,
        "Net Interest Income": NaN,
        "Interest Income": 26200000.0,
        "Normalized Income": NaN,
        "Net Income From Continuing And Discontinued Operation": NaN,
        "Total Expenses": NaN,
        "Total Operating Income As Reported": NaN,
        "Diluted Average Shares": NaN,
        "Basic Average Shares": NaN,
        "Diluted EPS": NaN,
        "Basic EPS": NaN,
        "Diluted NI Availto Com Stockholders": NaN,
        "Net Income Common Stockholders": NaN,
        "Net Income": NaN,
        "Net Income Including Noncontrolling Interests": NaN,
        "Net Income Continuous Operations": NaN,
        "Earnings From Equity Interest Net Of Tax": NaN,
        "Tax Provision": NaN,
        "Pretax Income": NaN,
        "Net Non Operating Interest Income Expense": NaN,
        "Total Other Finance Cost": -26200000.0,
        "Interest Income Non Operating": 26200000.0,
        "Operating Income": NaN,
        "Operating Expense": NaN,
        "Research And Development": NaN,
        "Selling General And Administration": NaN,
        "Gross Profit": NaN,
        "Cost Of Revenue": NaN,
        "Total Revenue": NaN,
        "Operating Revenue": NaN
    },
    "2024-06-30": {
        "Tax Effect Of Unusual Items": NaN,
        "Tax Rate For Calcs": NaN,
        "Normalized EBITDA": NaN,
        "Net Income From Continuing Operation Net Minority Interest": NaN,
        "Reconciled Depreciation": NaN,
        "Reconciled Cost Of Revenue": NaN,
        "EBITDA": NaN,
        "EBIT": NaN,
        "Net Interest Income": NaN,
        "Normalized Income": NaN,
        "Net Income From Continuing And Discontinued Operation": NaN,
        "Total Expenses": NaN,
        "Total Operating Income As Reported": NaN,
        "Diluted Average Shares": 393500000.0,
        "Basic Average Shares": 393200000.0,
        "Diluted EPS": 4.01,
        "Basic EPS": 4.01,
        "Diluted NI Availto Com Stockholders": NaN,
        "Net Income Common Stockholders": NaN,
        "Net Income": NaN,
        "Net Income Including Noncontrolling Interests": NaN,
        "Net Income Continuous Operations": NaN,
        "Earnings From Equity Interest Net Of Tax": NaN,
        "Tax Provision": NaN,
        "Pretax Income": NaN,
        "Net Non Operating Interest Income Expense": NaN,
        "Total Other Finance Cost": 11900000.0,
        "Operating Income": NaN,
        "Operating Expense": NaN,
        "Research And Development": NaN,
        "Selling General And Administration": NaN,
        "Gross Profit": NaN,
        "Cost Of Revenue": NaN,
        "Total Revenue": NaN,
        "Operating Revenue": NaN
    },
    "2024-09-30": {
        "Tax Effect Of Unusual Items": NaN,
        "Tax Rate For Calcs": NaN,
        "Normalized EBITDA": NaN,
        "Net Income From Continuing Operation Net Minority Interest": NaN,
        "Reconciled Depreciation": NaN,
        "Reconciled Cost Of Revenue": NaN,
        "EBITDA": NaN,
        "EBIT": NaN,
        "Net Interest Income": NaN,
        "Normalized Income": NaN,
        "Net Income From Continuing And Discontinued Operation": NaN,
        "Total Expenses": NaN,
        "Total Operating Income As Reported": NaN,
        "Diluted Average Shares": 393600000.0,
        "Basic Average Shares": 393200000.0,
        "Diluted EPS": 5.28,
        "Basic EPS": 5.28,
        "Diluted NI Availto Com Stockholders": NaN,
        "Net Income Common Stockholders": NaN,
        "Net Income": NaN,
        "Net Income Including Noncontrolling Interests": NaN,
        "Net Income Continuous Operations": NaN,
        "Earnings From Equity Interest Net Of Tax": NaN,
        "Tax Provision": NaN,
        "Pretax Income": NaN,
        "Net Non Operating Interest Income Expense": NaN,
        "Total Other Finance Cost": 800000.0,
        "Operating Income": NaN,
        "Operating Expense": NaN,
        "Research And Development": NaN,
        "Selling General And Administration": NaN,
        "Gross Profit": NaN,
        "Cost Of Revenue": NaN,
        "Total Revenue": NaN,
        "Operating Revenue": NaN
    },
    "2024-12-31": {
        "Tax Effect Of Unusual Items": 0.0,
        "Tax Rate For Calcs": 0.215,
        "Normalized EBITDA": 3596400000.0,
        "Net Income From Continuing Operation Net Minority Interest": 2693400000.0,
        "Reconciled Depreciation": 241000000.0,
        "Reconciled Cost Of Revenue": 4473000000.0,
        "EBITDA": 3596400000.0,
        "EBIT": 3355400000.0,
        "Net Interest Income": 6300000.0,
        "Normalized Income": 2693400000.0,
        "Net Income From Continuing And Discontinued Operation": 2693400000.0,
        "Total Expenses": 5907400000.0,
        "Total Operating Income As Reported": 3355400000.0,
        "Diluted Average Shares": 393600000.0,
        "Basic Average Shares": 393300000.0,
        "Diluted EPS": 6.84,
        "Basic EPS": 6.85,
        "Diluted NI Availto Com Stockholders": 2693400000.0,
        "Net Income Common Stockholders": 2693400000.0,
        "Net Income": 2693400000.0,
        "Net Income Including Noncontrolling Interests": 2693400000.0,
        "Net Income Continuous Operations": 2693400000.0,
        "Earnings From Equity Interest Net Of Tax": 55500000.0,
        "Tax Provision": 723800000.0,
        "Pretax Income": 3361700000.0,
        "Net Non Operating Interest Income Expense": 6300000.0,
        "Total Other Finance Cost": -6300000.0,
        "Operating Income": 3355400000.0,
        "Operating Expense": 1434400000.0,
        "Research And Development": 1116000000.0,
        "Selling General And Administration": 318400000.0,
        "Gross Profit": 4789800000.0,
        "Cost Of Revenue": 4473000000.0,
        "Total Revenue": 9262800000.0,
        "Operating Revenue": 9262800000.0
    },
    "2025-03-31": {
        "Tax Effect Of Unusual Items": 0.0,
        "Tax Rate For Calcs": 0.166876,
        "Normalized EBITDA": 2979200000.0,
        "Net Income From Continuing Operation Net Minority Interest": 2355000000.0,
        "Reconciled Depreciation": 241300000.0,
        "Reconciled Cost Of Revenue": 3561800000.0,
        "EBITDA": 2979200000.0,
        "EBIT": 2737900000.0,
        "Net Interest Income": 49200000.0,
        "Normalized Income": 2355000000.0,
        "Net Income From Continuing And Discontinued Operation": 2355000000.0,
        "Total Expenses": 5003600000.0,
        "Total Operating Income As Reported": 2737900000.0,
        "Diluted Average Shares": 392500000.0,
        "Basic Average Shares": 392300000.0,
        "Diluted EPS": 6.0,
        "Basic EPS": 6.0,
        "Diluted NI Availto Com Stockholders": 2355000000.0,
        "Net Income Common Stockholders": 2355000000.0,
        "Net Income": 2355000000.0,
        "Net Income Including Noncontrolling Interests": 2355000000.0,
        "Net Income Continuous Operations": 2355000000.0,
        "Earnings From Equity Interest Net Of Tax": 33000000.0,
        "Tax Provision": 465100000.0,
        "Pretax Income": 2787100000.0,
        "Net Non Operating Interest Income Expense": 49200000.0,
        "Total Other Finance Cost": -49200000.0,
        "Operating Income": 2737900000.0,
        "Operating Expense": 1441800000.0,
        "Research And Development": 1161100000.0,
        "Selling General And Administration": 280700000.0,
        "Gross Profit": 4179700000.0,
        "Cost Of Revenue": 3561800000.0,
        "Total Revenue": 7741500000.0,
        "Operating Revenue": 7741500000.0
    },
    "2025-06-30": {
        "Tax Effect Of Unusual Items": 0.0,
        "Tax Rate For Calcs": 0.181902,
        "Normalized EBITDA": 3649500000.0,
        "Net Income From Continuing Operation Net Minority Interest": 2676200000.0,
        "Reconciled Depreciation": 375400000.0,
        "Reconciled Cost Of Revenue": 3648000000.0,
        "EBITDA": 3649500000.0,
        "EBIT": 3274100000.0,
        "Net Interest Income": 24800000.0,
        "Normalized Income": 2676200000.0,
        "Net Income From Continuing And Discontinued Operation": 2676200000.0,
        "Total Expenses": 4553800000.0,
        "Total Operating Income As Reported": 3137900000.0,
        "Diluted Average Shares": NaN,
        "Basic Average Shares": NaN,
        "Diluted EPS": NaN,
        "Basic EPS": NaN,
        "Diluted NI Availto Com Stockholders": 2676200000.0,
        "Net Income Common Stockholders": 2676200000.0,
        "Net Income": 2676200000.0,
        "Net Income Including Noncontrolling Interests": 2676200000.0,
        "Net Income Continuous Operations": 2676200000.0,
        "Earnings From Equity Interest Net Of Tax": 88800000.0,
        "Tax Provision": 575300000.0,
        "Pretax Income": 3162700000.0,
        "Net Non Operating Interest Income Expense": 24800000.0,
        "Total Other Finance Cost": NaN,
        "Operating Income": 3137900000.0,
        "Operating Expense": 905800000.0,
        "Research And Development": 607100000.0,
        "Selling General And Administration": 298700000.0,
        "Gross Profit": 4043700000.0,
        "Cost Of Revenue": 3648000000.0,
        "Total Revenue": 7691700000.0,
        "Operating Revenue": 7691700000.0
    },
    "2025-09-30": {
        "Tax Effect Of Unusual Items": 0.0,
        "Tax Rate For Calcs": 0.177747,
        "Normalized EBITDA": 2743000000.0,
        "Net Income From Continuing Operation Net Minority Interest": 2124500000.0,
        "Reconciled Depreciation": 274600000.0,
        "Reconciled Cost Of Revenue": 3635700000.0,
        "EBITDA": 2743000000.0,
        "EBIT": 2468400000.0,
        "Net Interest Income": 19400000.0,
        "Normalized Income": 2124500000.0,
        "Net Income From Continuing And Discontinued Operation": 2124500000.0,
        "Total Expenses": 5047600000.0,
        "Total Operating Income As Reported": 2468400000.0,
        "Diluted Average Shares": 387600000.0,
        "Basic Average Shares": 387300000.0,
        "Diluted EPS": 5.48,
        "Basic EPS": 5.49,
        "Diluted NI Availto Com Stockholders": 2124500000.0,
        "Net Income Common Stockholders": 2124500000.0,
        "Net Income": 2124500000.0,
        "Net Income Including Noncontrolling Interests": 2124500000.0,
        "Net Income Continuous Operations": 2124500000.0,
        "Earnings From Equity Interest Net Of Tax": 78900000.0,
        "Tax Provision": 442200000.0,
        "Pretax Income": 2487800000.0,
        "Net Non Operating Interest Income Expense": 19400000.0,
        "Total Other Finance Cost": -19400000.0,
        "Operating Income": 2468400000.0,
        "Operating Expense": 1411900000.0,
        "Research And Development": 1108700000.0,
        "Selling General And Administration": 303200000.0,
        "Gross Profit": 3880300000.0,
        "Cost Of Revenue": 3635700000.0,
        "Total Revenue": 7516000000.0,
        "Operating Revenue": 7516000000.0
    },
    "2025-12-31": {
        "Tax Effect Of Unusual Items": 0.0,
        "Tax Rate For Calcs": 0.18,
        "Normalized EBITDA": 3686300000.0,
        "Net Income From Continuing Operation Net Minority Interest": 2839600000.0,
        "Reconciled Depreciation": 255200000.0,
        "Reconciled Cost Of Revenue": 4649500000.0,
        "EBITDA": 3686300000.0,
        "EBIT": 3431100000.0,
        "Net Interest Income": 11200000.0,
        "Normalized Income": 2839600000.0,
        "Net Income From Continuing And Discontinued Operation": 2839600000.0,
        "Total Expenses": 6287000000.0,
        "Total Operating Income As Reported": 3431100000.0,
        "Diluted Average Shares": 387000000.0,
        "Basic Average Shares": 386500000.0,
        "Diluted EPS": 7.34,
        "Basic EPS": 7.35,
        "Diluted NI Availto Com Stockholders": 2839600000.0,
        "Net Income Common Stockholders": 2839600000.0,
        "Net Income": 2839600000.0,
        "Net Income Including Noncontrolling Interests": 2839600000.0,
        "Net Income Continuous Operations": 2839600000.0,
        "Earnings From Equity Interest Net Of Tax": 16000000.0,
        "Tax Provision": 618700000.0,
        "Pretax Income": 3442300000.0,
        "Net Non Operating Interest Income Expense": 11200000.0,
        "Total Other Finance Cost": -11200000.0,
        "Operating Income": 3431100000.0,
        "Operating Expense": 1637500000.0,
        "Research And Development": 1262300000.0,
        "Selling General And Administration": 375200000.0,
        "Gross Profit": 5068600000.0,
        "Cost Of Revenue": 4649500000.0,
        "Total Revenue": 9718100000.0,
        "Operating Revenue": 9718100000.0
    }
}