{
    "2023-03-31": {
        "Tax Effect Of Unusual Items": NaN,
        "Tax Rate For Calcs": NaN,
        "Normalized EBITDA": NaN,
        "Net Income From Continuing Operation Net Minority Interest": NaN,
        "Reconciled Depreciation": 4546000.0,
        "Reconciled Cost Of Revenue": NaN,
        "EBITDA": NaN,
        "EBIT": NaN,
        "Net Interest Income": NaN,
        "Interest Expense": NaN,
        "Interest Income": NaN,
        "Normalized Income": NaN,
        "Net Income From Continuing And Discontinued Operation": NaN,
        "Total Expenses": NaN,
        "Total Operating Income As Reported": NaN,
        "Diluted Average Shares": NaN,
        "Basic Average Shares": NaN,
        "Diluted EPS": NaN,
        "Basic EPS": NaN,
        "Diluted NI Availto Com Stockholders": NaN,
        "Net Income Common Stockholders": NaN,
        "Net Income": NaN,
        "Net Income Including Noncontrolling Interests": NaN,
        "Net Income Continuous Operations": NaN,
        "Tax Provision": NaN,
        "Pretax Income": NaN,
        "Other Income Expense": NaN,
        "Earnings From Equity Interest": NaN,
        "Net Non Operating Interest Income Expense": NaN,
        "Interest Expense Non Operating": NaN,
        "Interest Income Non Operating": NaN,
        "Operating Income": NaN,
        "Operating Expense": NaN,
        "Research And Development": NaN,
        "Selling General And Administration": NaN,
        "Gross Profit": NaN,
        "Cost Of Revenue": NaN,
        "Total Revenue": NaN,
        "Operating Revenue": NaN
    },
    "2022-12-31": {
        "Tax Effect Of Unusual Items": 0.0,
        "Tax Rate For Calcs": 0.22,
        "Normalized EBITDA": -176648000.0,
        "Net Income From Continuing Operation Net Minority Interest": -207418000.0,
        "Reconciled Depreciation": 4637000.0,
        "Reconciled Cost Of Revenue": 5112000.0,
        "EBITDA": -176648000.0,
        "EBIT": -181285000.0,
        "Net Interest Income": -91477000.0,
        "Interest Expense": 20784000.0,
        "Interest Income": -66371000.0,
        "Normalized Income": -207418000.0,
        "Net Income From Continuing And Discontinued Operation": -207418000.0,
        "Total Expenses": 170282000.0,
        "Total Operating Income As Reported": -147386000.0,
        "Diluted Average Shares": NaN,
        "Basic Average Shares": NaN,
        "Diluted EPS": NaN,
        "Basic EPS": NaN,
        "Diluted NI Availto Com Stockholders": -207418000.0,
        "Net Income Common Stockholders": -207418000.0,
        "Net Income": -207418000.0,
        "Net Income Including Noncontrolling Interests": -207418000.0,
        "Net Income Continuous Operations": -207418000.0,
        "Tax Provision": 5349000.0,
        "Pretax Income": -202069000.0,
        "Other Income Expense": 36794000.0,
        "Earnings From Equity Interest": -7961000.0,
        "Net Non Operating Interest Income Expense": -91477000.0,
        "Interest Expense Non Operating": 20784000.0,
        "Interest Income Non Operating": -66371000.0,
        "Operating Income": -147386000.0,
        "Operating Expense": 165170000.0,
        "Research And Development": 108618000.0,
        "Selling General And Administration": 56552000.0,
        "Gross Profit": 17784000.0,
        "Cost Of Revenue": 5112000.0,
        "Total Revenue": 22896000.0,
        "Operating Revenue": 22896000.0
    },
    "2022-09-30": {
        "Tax Effect Of Unusual Items": 0.0,
        "Tax Rate For Calcs": 0.000987,
        "Normalized EBITDA": -123360000.0,
        "Net Income From Continuing Operation Net Minority Interest": -168955000.0,
        "Reconciled Depreciation": 4515000.0,
        "Reconciled Cost Of Revenue": 1693000.0,
        "EBITDA": -123360000.0,
        "EBIT": -127875000.0,
        "Net Interest Income": -20921000.0,
        "Interest Expense": 41247000.0,
        "Interest Income": 20326000.0,
        "Normalized Income": -168955000.0,
        "Net Income From Continuing And Discontinued Operation": -168955000.0,
        "Total Expenses": 159795000.0,
        "Total Operating Income As Reported": -144505000.0,
        "Diluted Average Shares": 55831561.0,
        "Basic Average Shares": 55831561.0,
        "Diluted EPS": -3.03,
        "Basic EPS": -3.03,
        "Diluted NI Availto Com Stockholders": -168955000.0,
        "Net Income Common Stockholders": -168955000.0,
        "Net Income": -168955000.0,
        "Net Income Including Noncontrolling Interests": -168955000.0,
        "Net Income Continuous Operations": -168955000.0,
        "Tax Provision": -167000.0,
        "Pretax Income": -169122000.0,
        "Other Income Expense": -3696000.0,
        "Earnings From Equity Interest": -3696000.0,
        "Net Non Operating Interest Income Expense": -20921000.0,
        "Interest Expense Non Operating": 41247000.0,
        "Interest Income Non Operating": 20326000.0,
        "Operating Income": -144505000.0,
        "Operating Expense": 158102000.0,
        "Research And Development": 97431000.0,
        "Selling General And Administration": 60671000.0,
        "Gross Profit": 13597000.0,
        "Cost Of Revenue": 1693000.0,
        "Total Revenue": 15290000.0,
        "Operating Revenue": 15290000.0
    },
    "2022-06-30": {
        "Tax Effect Of Unusual Items": 0.0,
        "Tax Rate For Calcs": 0.000578,
        "Normalized EBITDA": -67541000.0,
        "Net Income From Continuing Operation Net Minority Interest": -81319000.0,
        "Reconciled Depreciation": 4391000.0,
        "Reconciled Cost Of Revenue": 1086000.0,
        "EBITDA": -67541000.0,
        "EBIT": -71932000.0,
        "Net Interest Income": 61693000.0,
        "Interest Expense": 9434000.0,
        "Interest Income": 71127000.0,
        "Normalized Income": -81319000.0,
        "Net Income From Continuing And Discontinued Operation": -81319000.0,
        "Total Expenses": 148053000.0,
        "Total Operating Income As Reported": -141893000.0,
        "Diluted Average Shares": 55805486.0,
        "Basic Average Shares": 55805486.0,
        "Diluted EPS": -1.46,
        "Basic EPS": -1.46,
        "Diluted NI Availto Com Stockholders": -81319000.0,
        "Net Income Common Stockholders": -81319000.0,
        "Net Income": -81319000.0,
        "Net Income Including Noncontrolling Interests": -81319000.0,
        "Net Income Continuous Operations": -81319000.0,
        "Tax Provision": -47000.0,
        "Pretax Income": -81366000.0,
        "Other Income Expense": -1166000.0,
        "Earnings From Equity Interest": -1166000.0,
        "Net Non Operating Interest Income Expense": 61693000.0,
        "Interest Expense Non Operating": 9434000.0,
        "Interest Income Non Operating": 71127000.0,
        "Operating Income": -141893000.0,
        "Operating Expense": 146967000.0,
        "Research And Development": 90383000.0,
        "Selling General And Administration": 56584000.0,
        "Gross Profit": 5074000.0,
        "Cost Of Revenue": 1086000.0,
        "Total Revenue": 6160000.0,
        "Operating Revenue": 6160000.0
    },
    "2022-03-31": {
        "Diluted EPS": -2.48,
        "Total Revenue": 8,
        "Gross Profit": 3,
        "Operating Income": -144,
        "EBIT": -139,
        "Net Income": -141
    },
    "2021-12-31": {
        "Diluted EPS": -2.13,
        "Total Revenue": 6,
        "Gross Profit": 6,
        "Operating Income": -128,
        "EBIT": -123,
        "Net Income": -121
    },
    "2021-09-30": {
        "Diluted EPS": -1.73,
        "Total Revenue": 1,
        "Gross Profit": 1,
        "Operating Income": -114,
        "EBIT": -110,
        "Net Income": -95
    },
    "2021-06-30": {
        "Diluted EPS": -3.01,
        "Total Revenue": 1,
        "Gross Profit": 1,
        "Operating Income": -142,
        "EBIT": -137,
        "Net Income": -162
    },
    "2021-03-31": {
        "Diluted EPS": -1.41,
        "Total Revenue": 1,
        "Gross Profit": 1,
        "Operating Income": -150,
        "EBIT": -146,
        "Net Income": -76
    },
    "2020-12-31": {
        "Diluted EPS": -3.13,
        "Total Revenue": 1,
        "Gross Profit": 1,
        "Operating Income": -113,
        "EBIT": -110,
        "Net Income": -162
    },
    "2020-09-30": {
        "Diluted EPS": -2.7,
        "Total Revenue": 3,
        "Gross Profit": 3,
        "Operating Income": -92,
        "EBIT": -89,
        "Net Income": -142
    },
    "2020-06-30": {
        "Diluted EPS": -2.17,
        "Total Revenue": 2,
        "Gross Profit": 2,
        "Operating Income": -91,
        "EBIT": -89,
        "Net Income": -105
    },
    "2020-03-31": {
        "Diluted EPS": -1.46,
        "Total Revenue": 2,
        "Gross Profit": 2,
        "Operating Income": -81,
        "EBIT": -79,
        "Net Income": -70
    },
    "2019-12-31": {
        "Diluted EPS": -1.85,
        "Total Revenue": 3,
        "Gross Profit": 3,
        "Operating Income": -72,
        "EBIT": -70,
        "Net Income": -89
    },
    "2019-09-30": {
        "Diluted EPS": -0.59,
        "Total Revenue": 2,
        "Gross Profit": 2,
        "Operating Income": -60,
        "EBIT": -58,
        "Net Income": -28
    },
    "2019-06-30": {
        "Diluted EPS": -1.41,
        "Total Revenue": 4,
        "Gross Profit": 4,
        "Operating Income": -58,
        "EBIT": -56,
        "Net Income": -66
    },
    "2019-03-31": {
        "Diluted EPS": -1.41,
        "Total Revenue": 6,
        "Gross Profit": 6,
        "Operating Income": -64,
        "EBIT": -62,
        "Net Income": -61
    },
    "2018-12-31": {
        "Diluted EPS": -0.83,
        "Total Revenue": 12,
        "Gross Profit": 12,
        "Operating Income": -41,
        "EBIT": -41,
        "Net Income": -36
    },
    "2018-09-30": {
        "Diluted EPS": -0.94,
        "Total Revenue": 0,
        "Gross Profit": 0,
        "Operating Income": -45,
        "EBIT": -44,
        "Net Income": -39
    },
    "2018-06-30": {
        "Diluted EPS": -0.66,
        "Total Revenue": 0,
        "Gross Profit": 0,
        "Operating Income": -54,
        "EBIT": -54,
        "Net Income": -27
    },
    "2018-03-31": {
        "Diluted EPS": -1.32,
        "Total Revenue": 0,
        "Gross Profit": 0,
        "Operating Income": -43,
        "EBIT": -43,
        "Net Income": -51
    },
    "2017-12-31": {
        "Diluted EPS": -1.07,
        "Total Revenue": 0,
        "Gross Profit": 0,
        "Operating Income": -37,
        "EBIT": -37,
        "Net Income": -40
    },
    "2017-09-30": {
        "Diluted EPS": -1.22,
        "Total Revenue": 1,
        "Gross Profit": 1,
        "Operating Income": -37,
        "EBIT": -37,
        "Net Income": -40
    },
    "2017-06-30": {
        "Diluted EPS": -1.03,
        "Total Revenue": 0,
        "Gross Profit": 0,
        "Operating Income": -27,
        "EBIT": -27,
        "Net Income": -34
    },
    "2017-03-31": {
        "Diluted EPS": -0.83,
        "Total Revenue": 0,
        "Gross Profit": 0,
        "Operating Income": -25,
        "EBIT": -25,
        "Net Income": -27
    },
    "2016-12-31": {
        "Diluted EPS": -0.55,
        "Total Revenue": 1,
        "Gross Profit": 1,
        "Operating Income": -24,
        "EBIT": -24,
        "Net Income": -18
    },
    "2016-09-30": {
        "Diluted EPS": -0.8,
        "Total Revenue": 1,
        "Gross Profit": 1,
        "Operating Income": -20,
        "EBIT": -20,
        "Net Income": -20
    },
    "2016-06-30": {
        "Diluted EPS": -0.6,
        "Total Revenue": 1,
        "Gross Profit": 1,
        "Operating Income": -17,
        "EBIT": -17,
        "Net Income": -15
    },
    "2016-03-31": {
        "Diluted EPS": -0.91,
        "Total Revenue": 1,
        "Gross Profit": 1,
        "Operating Income": -20,
        "EBIT": -20,
        "Net Income": -23
    },
    "2015-12-31": {
        "Diluted EPS": -0.58,
        "Total Revenue": 2,
        "Gross Profit": 2,
        "Operating Income": -15,
        "EBIT": -15,
        "Net Income": -13
    },
    "2015-09-30": {
        "Diluted EPS": -0.33,
        "Total Revenue": 2,
        "Gross Profit": 2,
        "Operating Income": -8,
        "EBIT": -8,
        "Net Income": -8
    },
    "2015-06-30": {
        "Diluted EPS": -0.7,
        "Total Revenue": 2,
        "Gross Profit": 2,
        "Operating Income": -14,
        "EBIT": -14,
        "Net Income": -17
    },
    "2015-03-31": {
        "Diluted EPS": 0.07,
        "Total Revenue": 2,
        "Gross Profit": 2,
        "Operating Income": -9,
        "EBIT": -9,
        "Net Income": 2
    },
    "2014-12-31": {
        "Diluted EPS": 0.0,
        "Total Revenue": NaN,
        "Gross Profit": NaN,
        "Operating Income": NaN,
        "EBIT": NaN,
        "Net Income": NaN
    },
    "2014-03-31": {
        "Diluted EPS": -0.07,
        "Total Revenue": 5,
        "Gross Profit": 5,
        "Operating Income": 5,
        "EBIT": 5,
        "Net Income": -1
    },
    "2023-06-30": {
        "Tax Effect Of Unusual Items": 0.0,
        "Tax Rate For Calcs": 0.00352,
        "Normalized EBITDA": -107883000.0,
        "Net Income From Continuing Operation Net Minority Interest": -121433000.0,
        "Reconciled Depreciation": 4645000.0,
        "Reconciled Cost Of Revenue": 12929000.0,
        "EBITDA": -107883000.0,
        "EBIT": -112528000.0,
        "Net Interest Income": 26427000.0,
        "Interest Expense": 9334000.0,
        "Interest Income": 35761000.0,
        "Normalized Income": -121433000.0,
        "Net Income From Continuing And Discontinued Operation": -121433000.0,
        "Total Expenses": 188231000.0,
        "Total Operating Income As Reported": -140838000.0,
        "Diluted Average Shares": 56218257.0,
        "Basic Average Shares": 56218257.0,
        "Diluted EPS": -2.16,
        "Basic EPS": -2.16,
        "Diluted NI Availto Com Stockholders": -121433000.0,
        "Net Income Common Stockholders": -121433000.0,
        "Net Income": -121433000.0,
        "Net Income Including Noncontrolling Interests": -121433000.0,
        "Net Income Continuous Operations": -121433000.0,
        "Tax Provision": -429000.0,
        "Pretax Income": -121862000.0,
        "Other Income Expense": -7451000.0,
        "Earnings From Equity Interest": -7451000.0,
        "Net Non Operating Interest Income Expense": 26427000.0,
        "Interest Expense Non Operating": 9334000.0,
        "Interest Income Non Operating": 35761000.0,
        "Operating Income": -140838000.0,
        "Operating Expense": 175302000.0,
        "Research And Development": 105021000.0,
        "Selling General And Administration": 70281000.0,
        "Gross Profit": 34464000.0,
        "Cost Of Revenue": 12929000.0,
        "Total Revenue": 47393000.0,
        "Operating Revenue": 36484000.0
    },
    "2023-09-30": {
        "Tax Effect Of Unusual Items": NaN,
        "Tax Rate For Calcs": NaN,
        "Normalized EBITDA": NaN,
        "Net Income From Continuing Operation Net Minority Interest": NaN,
        "Reconciled Depreciation": NaN,
        "Reconciled Cost Of Revenue": NaN,
        "EBITDA": NaN,
        "EBIT": NaN,
        "Net Interest Income": NaN,
        "Interest Expense": NaN,
        "Interest Income": NaN,
        "Normalized Income": NaN,
        "Net Income From Continuing And Discontinued Operation": NaN,
        "Total Expenses": NaN,
        "Total Operating Income As Reported": NaN,
        "Diluted Average Shares": NaN,
        "Basic Average Shares": NaN,
        "Diluted EPS": NaN,
        "Basic EPS": NaN,
        "Diluted NI Availto Com Stockholders": NaN,
        "Net Income Common Stockholders": NaN,
        "Net Income": NaN,
        "Net Income Including Noncontrolling Interests": NaN,
        "Net Income Continuous Operations": NaN,
        "Tax Provision": NaN,
        "Pretax Income": NaN,
        "Other Income Expense": NaN,
        "Earnings From Equity Interest": NaN,
        "Net Non Operating Interest Income Expense": NaN,
        "Interest Expense Non Operating": NaN,
        "Interest Income Non Operating": NaN,
        "Operating Income": NaN,
        "Operating Expense": NaN,
        "Depreciation Amortization Depletion Income Statement": 1101000.0,
        "Depreciation And Amortization In Income Statement": 1101000.0,
        "Depreciation Income Statement": 1101000.0,
        "Research And Development": NaN,
        "Selling General And Administration": NaN,
        "General And Administrative Expense": 62513000.0,
        "Other Gand A": 34132000.0,
        "Salaries And Wages": 28381000.0,
        "Gross Profit": NaN,
        "Cost Of Revenue": NaN,
        "Total Revenue": NaN,
        "Operating Revenue": NaN
    },
    "2023-12-31": {
        "Tax Effect Of Unusual Items": NaN,
        "Tax Rate For Calcs": NaN,
        "Normalized EBITDA": NaN,
        "Net Income From Continuing Operation Net Minority Interest": NaN,
        "Reconciled Depreciation": 4977000.0,
        "Reconciled Cost Of Revenue": NaN,
        "EBITDA": NaN,
        "EBIT": NaN,
        "Net Interest Income": NaN,
        "Interest Expense": NaN,
        "Interest Income": NaN,
        "Normalized Income": NaN,
        "Net Income From Continuing And Discontinued Operation": NaN,
        "Total Expenses": NaN,
        "Total Operating Income As Reported": NaN,
        "Diluted Average Shares": NaN,
        "Basic Average Shares": NaN,
        "Diluted EPS": NaN,
        "Basic EPS": NaN,
        "Diluted NI Availto Com Stockholders": NaN,
        "Net Income Common Stockholders": NaN,
        "Net Income": NaN,
        "Net Income Including Noncontrolling Interests": NaN,
        "Net Income Continuous Operations": NaN,
        "Tax Provision": NaN,
        "Pretax Income": NaN,
        "Other Income Expense": NaN,
        "Earnings From Equity Interest": NaN,
        "Net Non Operating Interest Income Expense": NaN,
        "Interest Expense Non Operating": NaN,
        "Interest Income Non Operating": NaN,
        "Operating Income": NaN,
        "Operating Expense": NaN,
        "Depreciation Amortization Depletion Income Statement": NaN,
        "Depreciation And Amortization In Income Statement": NaN,
        "Depreciation Income Statement": NaN,
        "Research And Development": NaN,
        "Selling General And Administration": NaN,
        "General And Administrative Expense": NaN,
        "Other Gand A": NaN,
        "Salaries And Wages": NaN,
        "Gross Profit": NaN,
        "Cost Of Revenue": NaN,
        "Total Revenue": NaN,
        "Operating Revenue": NaN
    },
    "2024-03-31": {
        "Tax Effect Of Unusual Items": NaN,
        "Tax Rate For Calcs": NaN,
        "Normalized EBITDA": NaN,
        "Total Unusual Items": 0.0,
        "Total Unusual Items Excluding Goodwill": 0.0,
        "Net Income From Continuing Operation Net Minority Interest": NaN,
        "Reconciled Depreciation": NaN,
        "Reconciled Cost Of Revenue": NaN,
        "EBITDA": NaN,
        "EBIT": NaN,
        "Net Interest Income": NaN,
        "Interest Expense": NaN,
        "Interest Income": NaN,
        "Normalized Income": NaN,
        "Net Income From Continuing And Discontinued Operation": NaN,
        "Total Expenses": NaN,
        "Total Operating Income As Reported": NaN,
        "Diluted Average Shares": NaN,
        "Basic Average Shares": NaN,
        "Diluted EPS": NaN,
        "Basic EPS": NaN,
        "Diluted NI Availto Com Stockholders": NaN,
        "Average Dilution Earnings": NaN,
        "Net Income Common Stockholders": NaN,
        "Net Income": NaN,
        "Net Income Including Noncontrolling Interests": NaN,
        "Net Income Continuous Operations": NaN,
        "Tax Provision": NaN,
        "Pretax Income": NaN,
        "Other Income Expense": NaN,
        "Special Income Charges": 0.0,
        "Impairment Of Capital Assets": 0.0,
        "Earnings From Equity Interest": NaN,
        "Net Non Operating Interest Income Expense": NaN,
        "Interest Expense Non Operating": NaN,
        "Interest Income Non Operating": NaN,
        "Operating Income": NaN,
        "Operating Expense": NaN,
        "Depreciation Amortization Depletion Income Statement": NaN,
        "Depreciation And Amortization In Income Statement": NaN,
        "Depreciation Income Statement": NaN,
        "Research And Development": NaN,
        "Selling General And Administration": NaN,
        "General And Administrative Expense": NaN,
        "Other Gand A": NaN,
        "Salaries And Wages": NaN,
        "Gross Profit": NaN,
        "Cost Of Revenue": NaN,
        "Total Revenue": NaN,
        "Operating Revenue": NaN
    },
    "2024-06-30": {
        "Tax Effect Of Unusual Items": 0.0,
        "Tax Rate For Calcs": 0.22,
        "Normalized EBITDA": -85139000.0,
        "Total Unusual Items": 0.0,
        "Total Unusual Items Excluding Goodwill": 0.0,
        "Net Income From Continuing Operation Net Minority Interest": -109380000.0,
        "Reconciled Depreciation": 4388000.0,
        "Reconciled Cost Of Revenue": 9094000.0,
        "EBITDA": -85139000.0,
        "EBIT": -89527000.0,
        "Net Interest Income": 29428000.0,
        "Interest Expense": 19624000.0,
        "Interest Income": 49052000.0,
        "Normalized Income": -109380000.0,
        "Net Income From Continuing And Discontinued Operation": -109380000.0,
        "Total Expenses": 169255000.0,
        "Total Operating Income As Reported": -133257000.0,
        "Diluted Average Shares": 60802398.0,
        "Basic Average Shares": 57345613.0,
        "Diluted EPS": -2.21,
        "Basic EPS": -1.91,
        "Diluted NI Availto Com Stockholders": -134422000.0,
        "Average Dilution Earnings": -25042000.0,
        "Net Income Common Stockholders": -109380000.0,
        "Net Income": -109380000.0,
        "Net Income Including Noncontrolling Interests": -109380000.0,
        "Net Income Continuous Operations": -109380000.0,
        "Tax Provision": 229000.0,
        "Pretax Income": -109151000.0,
        "Other Income Expense": -5322000.0,
        "Special Income Charges": 0.0,
        "Impairment Of Capital Assets": 0.0,
        "Earnings From Equity Interest": -5322000.0,
        "Net Non Operating Interest Income Expense": 29428000.0,
        "Interest Expense Non Operating": 19624000.0,
        "Interest Income Non Operating": 49052000.0,
        "Operating Income": -133257000.0,
        "Operating Expense": 157790000.0,
        "Depreciation Amortization Depletion Income Statement": 2017000.0,
        "Depreciation And Amortization In Income Statement": 2017000.0,
        "Depreciation Income Statement": 2017000.0,
        "Research And Development": 83478000.0,
        "Selling General And Administration": 72295000.0,
        "General And Administrative Expense": 72295000.0,
        "Other Gand A": 36886000.0,
        "Salaries And Wages": 35409000.0,
        "Gross Profit": 24533000.0,
        "Cost Of Revenue": 11465000.0,
        "Total Revenue": 35998000.0,
        "Operating Revenue": 35998000.0
    },
    "2024-09-30": {
        "Tax Effect Of Unusual Items": 0.0,
        "Tax Rate For Calcs": 0.22,
        "Normalized EBITDA": -68457000.0,
        "Total Unusual Items": NaN,
        "Total Unusual Items Excluding Goodwill": NaN,
        "Net Income From Continuing Operation Net Minority Interest": -99198000.0,
        "Reconciled Depreciation": 4374000.0,
        "Reconciled Cost Of Revenue": 8529000.0,
        "EBITDA": -68457000.0,
        "EBIT": -72831000.0,
        "Net Interest Income": 2932000.0,
        "Interest Expense": 25347000.0,
        "Interest Income": 28279000.0,
        "Normalized Income": -99198000.0,
        "Net Income From Continuing And Discontinued Operation": -99198000.0,
        "Total Expenses": 154576000.0,
        "Total Operating Income As Reported": -96743000.0,
        "Diluted Average Shares": 57535349.0,
        "Basic Average Shares": 57535349.0,
        "Diluted EPS": -1.72,
        "Basic EPS": -1.72,
        "Diluted NI Availto Com Stockholders": -99198000.0,
        "Average Dilution Earnings": NaN,
        "Net Income Common Stockholders": -99198000.0,
        "Net Income": -99198000.0,
        "Net Income Including Noncontrolling Interests": -99198000.0,
        "Net Income Continuous Operations": -99198000.0,
        "Tax Provision": 1020000.0,
        "Pretax Income": -98178000.0,
        "Other Income Expense": -4367000.0,
        "Special Income Charges": NaN,
        "Impairment Of Capital Assets": NaN,
        "Earnings From Equity Interest": -4367000.0,
        "Net Non Operating Interest Income Expense": 2932000.0,
        "Interest Expense Non Operating": 25347000.0,
        "Interest Income Non Operating": 28279000.0,
        "Operating Income": -96743000.0,
        "Operating Expense": 143375000.0,
        "Depreciation Amortization Depletion Income Statement": 1702000.0,
        "Depreciation And Amortization In Income Statement": 1702000.0,
        "Depreciation Income Statement": 1702000.0,
        "Research And Development": 73544000.0,
        "Selling General And Administration": 68129000.0,
        "General And Administrative Expense": 68129000.0,
        "Other Gand A": 33085000.0,
        "Salaries And Wages": 35044000.0,
        "Gross Profit": 46632000.0,
        "Cost Of Revenue": 11201000.0,
        "Total Revenue": 57833000.0,
        "Operating Revenue": 57833000.0
    },
    "2024-12-31": {
        "Tax Effect Of Unusual Items": 0.0,
        "Tax Rate For Calcs": 0.22,
        "Normalized EBITDA": -37893000.0,
        "Total Unusual Items": NaN,
        "Total Unusual Items Excluding Goodwill": NaN,
        "Net Income From Continuing Operation Net Minority Interest": -38469000.0,
        "Reconciled Depreciation": 4475000.0,
        "Reconciled Cost Of Revenue": 10981000.0,
        "EBITDA": -37893000.0,
        "EBIT": -42368000.0,
        "Net Interest Income": 1331000.0,
        "Interest Expense": -4984000.0,
        "Interest Income": -14901000.0,
        "Normalized Income": -38469000.0,
        "Net Income From Continuing And Discontinued Operation": -38469000.0,
        "Total Expenses": 173533000.0,
        "Total Operating Income As Reported": 383000.0,
        "Diluted Average Shares": 59785166.0,
        "Basic Average Shares": 59785166.0,
        "Diluted EPS": -0.64,
        "Basic EPS": -0.64,
        "Diluted NI Availto Com Stockholders": -38469000.0,
        "Average Dilution Earnings": NaN,
        "Net Income Common Stockholders": -38469000.0,
        "Net Income": -38469000.0,
        "Net Income Including Noncontrolling Interests": -38469000.0,
        "Net Income Continuous Operations": -38469000.0,
        "Tax Provision": 1085000.0,
        "Pretax Income": -37384000.0,
        "Other Income Expense": -39098000.0,
        "Special Income Charges": NaN,
        "Impairment Of Capital Assets": NaN,
        "Earnings From Equity Interest": -4575000.0,
        "Net Non Operating Interest Income Expense": 1331000.0,
        "Interest Expense Non Operating": -4984000.0,
        "Interest Income Non Operating": -14901000.0,
        "Operating Income": 383000.0,
        "Operating Expense": 159510000.0,
        "Depreciation Amortization Depletion Income Statement": 1433000.0,
        "Depreciation And Amortization In Income Statement": 1433000.0,
        "Depreciation Income Statement": 1433000.0,
        "Research And Development": 79296000.0,
        "Selling General And Administration": 78781000.0,
        "General And Administrative Expense": 78781000.0,
        "Other Gand A": 38595000.0,
        "Salaries And Wages": 40186000.0,
        "Gross Profit": 159893000.0,
        "Cost Of Revenue": 14023000.0,
        "Total Revenue": 173916000.0,
        "Operating Revenue": 173916000.0
    },
    "2025-03-31": {
        "Tax Effect Of Unusual Items": -759880.0,
        "Tax Rate For Calcs": 0.22,
        "Normalized EBITDA": -40780000.0,
        "Total Unusual Items": -3454000.0,
        "Total Unusual Items Excluding Goodwill": -3454000.0,
        "Net Income From Continuing Operation Net Minority Interest": -94626000.0,
        "Reconciled Depreciation": 4545000.0,
        "Reconciled Cost Of Revenue": 14916000.0,
        "EBITDA": -44234000.0,
        "EBIT": -48779000.0,
        "Net Interest Income": -15932000.0,
        "Interest Expense": 44786000.0,
        "Interest Income": 28854000.0,
        "Normalized Income": -91931880.0,
        "Net Income From Continuing And Discontinued Operation": -94626000.0,
        "Total Expenses": 201712000.0,
        "Total Operating Income As Reported": -104212000.0,
        "Diluted Average Shares": 60018550.0,
        "Basic Average Shares": 60018550.0,
        "Diluted EPS": -1.58,
        "Basic EPS": -1.58,
        "Diluted NI Availto Com Stockholders": -94626000.0,
        "Average Dilution Earnings": NaN,
        "Net Income Common Stockholders": -94626000.0,
        "Net Income": -94626000.0,
        "Net Income Including Noncontrolling Interests": -94626000.0,
        "Net Income Continuous Operations": -94626000.0,
        "Tax Provision": 1061000.0,
        "Pretax Income": -93565000.0,
        "Other Income Expense": 23125000.0,
        "Special Income Charges": -3454000.0,
        "Impairment Of Capital Assets": 3454000.0,
        "Earnings From Equity Interest": 26579000.0,
        "Net Non Operating Interest Income Expense": -15932000.0,
        "Interest Expense Non Operating": 44786000.0,
        "Interest Income Non Operating": 28854000.0,
        "Operating Income": -100758000.0,
        "Operating Expense": 184195000.0,
        "Depreciation Amortization Depletion Income Statement": 1944000.0,
        "Depreciation And Amortization In Income Statement": 1944000.0,
        "Depreciation Income Statement": 1944000.0,
        "Research And Development": 86603000.0,
        "Selling General And Administration": 95648000.0,
        "General And Administrative Expense": 95648000.0,
        "Other Gand A": 45328000.0,
        "Salaries And Wages": 50320000.0,
        "Gross Profit": 83437000.0,
        "Cost Of Revenue": 17517000.0,
        "Total Revenue": 100954000.0,
        "Operating Revenue": 100954000.0
    },
    "2025-06-30": {
        "Tax Effect Of Unusual Items": 0.0,
        "Tax Rate For Calcs": 0.22,
        "Normalized EBITDA": 2319000.0,
        "Total Unusual Items": 0.0,
        "Total Unusual Items Excluding Goodwill": 0.0,
        "Net Income From Continuing Operation Net Minority Interest": -38855000.0,
        "Reconciled Depreciation": 4308000.0,
        "Reconciled Cost Of Revenue": 28990000.0,
        "EBITDA": 2319000.0,
        "EBIT": -1989000.0,
        "Net Interest Income": 22041000.0,
        "Interest Expense": 33018000.0,
        "Interest Income": 55059000.0,
        "Normalized Income": -38855000.0,
        "Net Income From Continuing And Discontinued Operation": -38855000.0,
        "Total Expenses": 210996000.0,
        "Total Operating Income As Reported": -52951000.0,
        "Diluted Average Shares": 63911374.0,
        "Basic Average Shares": 60454589.0,
        "Diluted EPS": -0.82,
        "Basic EPS": -0.64,
        "Diluted NI Availto Com Stockholders": -52350000.0,
        "Average Dilution Earnings": -13495000.0,
        "Net Income Common Stockholders": -38855000.0,
        "Net Income": -38855000.0,
        "Net Income Including Noncontrolling Interests": -38855000.0,
        "Net Income Continuous Operations": -38855000.0,
        "Tax Provision": 3848000.0,
        "Pretax Income": -35007000.0,
        "Other Income Expense": -4097000.0,
        "Special Income Charges": 0.0,
        "Impairment Of Capital Assets": 0.0,
        "Earnings From Equity Interest": -4097000.0,
        "Net Non Operating Interest Income Expense": 22041000.0,
        "Interest Expense Non Operating": 33018000.0,
        "Interest Income Non Operating": 55059000.0,
        "Operating Income": -52951000.0,
        "Operating Expense": 179549000.0,
        "Depreciation Amortization Depletion Income Statement": 1851000.0,
        "Depreciation And Amortization In Income Statement": 1851000.0,
        "Depreciation Income Statement": 1851000.0,
        "Research And Development": 71988000.0,
        "Selling General And Administration": 105710000.0,
        "General And Administrative Expense": 105710000.0,
        "Other Gand A": 54813000.0,
        "Salaries And Wages": 50897000.0,
        "Gross Profit": 126598000.0,
        "Cost Of Revenue": 31447000.0,
        "Total Revenue": 158045000.0,
        "Operating Revenue": 158045000.0
    }
}