{
    "2023-04-30": {
        "Tax Effect Of Unusual Items": NaN,
        "Tax Rate For Calcs": NaN,
        "Normalized EBITDA": NaN,
        "Total Unusual Items": NaN,
        "Total Unusual Items Excluding Goodwill": NaN,
        "Net Income From Continuing Operation Net Minority Interest": NaN,
        "Reconciled Depreciation": NaN,
        "Reconciled Cost Of Revenue": NaN,
        "EBITDA": NaN,
        "EBIT": NaN,
        "Net Interest Income": NaN,
        "Interest Expense": NaN,
        "Normalized Income": NaN,
        "Net Income From Continuing And Discontinued Operation": NaN,
        "Total Expenses": NaN,
        "Total Operating Income As Reported": NaN,
        "Diluted Average Shares": 79288000.0,
        "Basic Average Shares": 76862000.0,
        "Diluted EPS": 1.19,
        "Basic EPS": 1.22,
        "Diluted NI Availto Com Stockholders": NaN,
        "Net Income Common Stockholders": NaN,
        "Net Income": NaN,
        "Net Income Including Noncontrolling Interests": NaN,
        "Net Income Continuous Operations": NaN,
        "Tax Provision": NaN,
        "Pretax Income": NaN,
        "Other Income Expense": NaN,
        "Other Non Operating Income Expenses": NaN,
        "Special Income Charges": NaN,
        "Write Off": NaN,
        "Net Non Operating Interest Income Expense": NaN,
        "Interest Expense Non Operating": NaN,
        "Operating Income": NaN,
        "Operating Expense": NaN,
        "Selling General And Administration": NaN,
        "Gross Profit": NaN,
        "Cost Of Revenue": NaN,
        "Total Revenue": NaN,
        "Operating Revenue": NaN
    },
    "2023-01-31": {
        "Tax Effect Of Unusual Items": NaN,
        "Tax Rate For Calcs": NaN,
        "Normalized EBITDA": NaN,
        "Total Unusual Items": -1963000.0,
        "Total Unusual Items Excluding Goodwill": -1963000.0,
        "Net Income From Continuing Operation Net Minority Interest": NaN,
        "Reconciled Depreciation": NaN,
        "Reconciled Cost Of Revenue": NaN,
        "EBITDA": NaN,
        "EBIT": NaN,
        "Net Interest Income": NaN,
        "Interest Expense": NaN,
        "Normalized Income": NaN,
        "Net Income From Continuing And Discontinued Operation": NaN,
        "Total Expenses": NaN,
        "Total Operating Income As Reported": NaN,
        "Diluted Average Shares": 80074000.0,
        "Basic Average Shares": 77657000.0,
        "Diluted EPS": 1.97,
        "Basic EPS": 2.03,
        "Diluted NI Availto Com Stockholders": NaN,
        "Net Income Common Stockholders": NaN,
        "Net Income": NaN,
        "Net Income Including Noncontrolling Interests": NaN,
        "Net Income Continuous Operations": NaN,
        "Tax Provision": NaN,
        "Pretax Income": NaN,
        "Other Income Expense": NaN,
        "Other Non Operating Income Expenses": NaN,
        "Special Income Charges": -1963000.0,
        "Write Off": NaN,
        "Net Non Operating Interest Income Expense": NaN,
        "Interest Expense Non Operating": NaN,
        "Operating Income": NaN,
        "Operating Expense": NaN,
        "Selling General And Administration": NaN,
        "Gross Profit": NaN,
        "Cost Of Revenue": NaN,
        "Total Revenue": NaN,
        "Operating Revenue": NaN
    },
    "2022-10-31": {
        "Tax Effect Of Unusual Items": NaN,
        "Tax Rate For Calcs": NaN,
        "Normalized EBITDA": NaN,
        "Total Unusual Items": 0.0,
        "Total Unusual Items Excluding Goodwill": 0.0,
        "Net Income From Continuing Operation Net Minority Interest": NaN,
        "Reconciled Depreciation": NaN,
        "Reconciled Cost Of Revenue": NaN,
        "EBITDA": NaN,
        "EBIT": NaN,
        "Net Interest Income": NaN,
        "Interest Expense": NaN,
        "Normalized Income": NaN,
        "Net Income From Continuing And Discontinued Operation": NaN,
        "Total Expenses": NaN,
        "Total Operating Income As Reported": NaN,
        "Diluted Average Shares": 81379000.0,
        "Basic Average Shares": 79085000.0,
        "Diluted EPS": 1.62,
        "Basic EPS": 1.67,
        "Diluted NI Availto Com Stockholders": NaN,
        "Net Income Common Stockholders": NaN,
        "Net Income": NaN,
        "Net Income Including Noncontrolling Interests": NaN,
        "Net Income Continuous Operations": NaN,
        "Tax Provision": NaN,
        "Pretax Income": NaN,
        "Other Income Expense": NaN,
        "Other Non Operating Income Expenses": NaN,
        "Special Income Charges": 0.0,
        "Net Non Operating Interest Income Expense": NaN,
        "Interest Expense Non Operating": NaN,
        "Operating Income": NaN,
        "Operating Expense": NaN,
        "Selling General And Administration": NaN,
        "Gross Profit": NaN,
        "Cost Of Revenue": NaN,
        "Total Revenue": NaN,
        "Operating Revenue": NaN
    },
    "2022-07-31": {
        "Tax Effect Of Unusual Items": 0.0,
        "Tax Rate For Calcs": 0.235679,
        "Normalized EBITDA": 258175000.0,
        "Total Unusual Items": 0.0,
        "Total Unusual Items Excluding Goodwill": 0.0,
        "Net Income From Continuing Operation Net Minority Interest": 188801000.0,
        "Reconciled Depreciation": 26274000.0,
        "Reconciled Cost Of Revenue": 1090852000.0,
        "EBITDA": 258175000.0,
        "EBIT": 258175000.0,
        "Net Interest Income": -11157000.0,
        "Interest Expense": 11157000.0,
        "Normalized Income": 188801000.0,
        "Net Income From Continuing And Discontinued Operation": 188801000.0,
        "Total Expenses": 1430181000.0,
        "Total Operating Income As Reported": 256734000.0,
        "Diluted Average Shares": 84906000.0,
        "Basic Average Shares": 82960000.0,
        "Diluted EPS": 2.22,
        "Basic EPS": 2.28,
        "Diluted NI Availto Com Stockholders": 188801000.0,
        "Net Income Common Stockholders": 188801000.0,
        "Net Income": 188801000.0,
        "Net Income Including Noncontrolling Interests": 188801000.0,
        "Net Income Continuous Operations": 188801000.0,
        "Tax Provision": 58217000.0,
        "Pretax Income": 247018000.0,
        "Other Income Expense": 1441000.0,
        "Other Non Operating Income Expenses": 1441000.0,
        "Special Income Charges": 0.0,
        "Other Special Charges": NaN,
        "Net Non Operating Interest Income Expense": -11157000.0,
        "Interest Expense Non Operating": 11157000.0,
        "Operating Income": 256734000.0,
        "Operating Expense": 339329000.0,
        "Selling General And Administration": 339329000.0,
        "Gross Profit": 596063000.0,
        "Cost Of Revenue": 1090852000.0,
        "Total Revenue": 1686915000.0,
        "Operating Revenue": 1686915000.0
    },
    "2022-04-30": {
        "Diluted EPS": 1.69,
        "Total Revenue": NaN,
        "Gross Profit": 521,
        "Operating Income": 205,
        "EBIT": 232,
        "Net Income": 150
    },
    "2022-01-31": {
        "Diluted EPS": 1.57,
        "Total Revenue": NaN,
        "Gross Profit": 584,
        "Operating Income": 198,
        "EBIT": 226,
        "Net Income": 142
    },
    "2021-10-31": {
        "Diluted EPS": 1.72,
        "Total Revenue": NaN,
        "Gross Profit": 561,
        "Operating Income": 216,
        "EBIT": 244,
        "Net Income": 161
    },
    "2021-07-31": {
        "Diluted EPS": 1.99,
        "Total Revenue": NaN,
        "Gross Profit": 642,
        "Operating Income": 255,
        "EBIT": 282,
        "Net Income": 191
    },
    "2021-04-30": {
        "Diluted EPS": 1.84,
        "Total Revenue": NaN,
        "Gross Profit": 564,
        "Operating Income": 239,
        "EBIT": 266,
        "Net Income": 178
    },
    "2021-01-31": {
        "Diluted EPS": 0.94,
        "Total Revenue": NaN,
        "Gross Profit": 499,
        "Operating Income": 141,
        "EBIT": 170,
        "Net Income": 92
    },
    "2020-10-31": {
        "Diluted EPS": 0.74,
        "Total Revenue": NaN,
        "Gross Profit": 441,
        "Operating Income": 82,
        "EBIT": 108,
        "Net Income": 60
    },
    "2020-07-31": {
        "Diluted EPS": 2.25,
        "Total Revenue": NaN,
        "Gross Profit": 497,
        "Operating Income": 184,
        "EBIT": 211,
        "Net Income": 168
    },
    "2020-04-30": {
        "Diluted EPS": -0.14,
        "Total Revenue": NaN,
        "Gross Profit": 298,
        "Operating Income": 14,
        "EBIT": 42,
        "Net Income": -10
    },
    "2020-01-31": {
        "Diluted EPS": 0.0,
        "Total Revenue": NaN,
        "Gross Profit": NaN,
        "Operating Income": NaN,
        "EBIT": NaN,
        "Net Income": NaN
    },
    "2019-10-31": {
        "Diluted EPS": 0.38,
        "Total Revenue": NaN,
        "Gross Profit": 362,
        "Operating Income": 53,
        "EBIT": 53,
        "Net Income": 29
    },
    "2019-01-31": {
        "Diluted EPS": 0.0,
        "Total Revenue": NaN,
        "Gross Profit": NaN,
        "Operating Income": NaN,
        "EBIT": NaN,
        "Net Income": NaN
    },
    "2023-07-31": {
        "Tax Effect Of Unusual Items": NaN,
        "Tax Rate For Calcs": NaN,
        "Normalized EBITDA": NaN,
        "Total Unusual Items": 0.0,
        "Total Unusual Items Excluding Goodwill": 0.0,
        "Net Income From Continuing Operation Net Minority Interest": NaN,
        "Reconciled Depreciation": NaN,
        "Reconciled Cost Of Revenue": NaN,
        "EBITDA": NaN,
        "EBIT": NaN,
        "Net Interest Income": NaN,
        "Interest Expense": NaN,
        "Normalized Income": NaN,
        "Net Income From Continuing And Discontinued Operation": NaN,
        "Total Expenses": NaN,
        "Total Operating Income As Reported": NaN,
        "Diluted Average Shares": 78091000.0,
        "Basic Average Shares": 76104000.0,
        "Diluted EPS": 2.01,
        "Basic EPS": 2.06,
        "Diluted NI Availto Com Stockholders": NaN,
        "Net Income Common Stockholders": NaN,
        "Net Income": NaN,
        "Net Income Including Noncontrolling Interests": NaN,
        "Net Income Continuous Operations": NaN,
        "Tax Provision": NaN,
        "Pretax Income": NaN,
        "Other Income Expense": NaN,
        "Other Non Operating Income Expenses": NaN,
        "Special Income Charges": 0.0,
        "Other Special Charges": NaN,
        "Write Off": 0.0,
        "Net Non Operating Interest Income Expense": NaN,
        "Interest Expense Non Operating": NaN,
        "Operating Income": NaN,
        "Operating Expense": NaN,
        "Selling General And Administration": NaN,
        "Gross Profit": NaN,
        "Cost Of Revenue": NaN,
        "Total Revenue": NaN,
        "Operating Revenue": NaN
    },
    "2023-10-31": {
        "Tax Effect Of Unusual Items": 0.0,
        "Tax Rate For Calcs": 0.231,
        "Normalized EBITDA": 168250000.0,
        "Total Unusual Items": 0.0,
        "Total Unusual Items Excluding Goodwill": 0.0,
        "Net Income From Continuing Operation Net Minority Interest": 99978000.0,
        "Reconciled Depreciation": 27373000.0,
        "Reconciled Cost Of Revenue": 915136000.0,
        "EBITDA": 168250000.0,
        "EBIT": 140877000.0,
        "Net Interest Income": -10930000.0,
        "Interest Expense": 10930000.0,
        "Normalized Income": 99978000.0,
        "Net Income From Continuing And Discontinued Operation": 99978000.0,
        "Total Expenses": 1261046000.0,
        "Total Operating Income As Reported": 136731000.0,
        "Diluted Average Shares": 76057000.0,
        "Basic Average Shares": 74461000.0,
        "Diluted EPS": 1.31,
        "Basic EPS": 1.34,
        "Diluted NI Availto Com Stockholders": 99978000.0,
        "Net Income Common Stockholders": 99978000.0,
        "Net Income": 99978000.0,
        "Net Income Including Noncontrolling Interests": 99978000.0,
        "Net Income Continuous Operations": 99978000.0,
        "Tax Provision": 29969000.0,
        "Pretax Income": 129947000.0,
        "Other Income Expense": 4146000.0,
        "Other Non Operating Income Expenses": 4146000.0,
        "Special Income Charges": 0.0,
        "Other Special Charges": NaN,
        "Write Off": 0.0,
        "Net Non Operating Interest Income Expense": -10930000.0,
        "Interest Expense Non Operating": 10930000.0,
        "Operating Income": 136731000.0,
        "Operating Expense": 345910000.0,
        "Selling General And Administration": 345910000.0,
        "Gross Profit": 482641000.0,
        "Cost Of Revenue": 915136000.0,
        "Total Revenue": 1397777000.0,
        "Operating Revenue": 1389976000.0
    },
    "2024-01-31": {
        "Tax Effect Of Unusual Items": 0.0,
        "Tax Rate For Calcs": 0.20397,
        "Normalized EBITDA": 255377000.0,
        "Total Unusual Items": NaN,
        "Total Unusual Items Excluding Goodwill": NaN,
        "Net Income From Continuing Operation Net Minority Interest": 168167000.0,
        "Reconciled Depreciation": 31542000.0,
        "Reconciled Cost Of Revenue": 1197819000.0,
        "EBITDA": 255377000.0,
        "EBIT": 223835000.0,
        "Net Interest Income": -12578000.0,
        "Interest Expense": 12578000.0,
        "Normalized Income": 168167000.0,
        "Net Income From Continuing And Discontinued Operation": 168167000.0,
        "Total Expenses": 1590863000.0,
        "Total Operating Income As Reported": 203965000.0,
        "Diluted Average Shares": NaN,
        "Basic Average Shares": NaN,
        "Diluted EPS": NaN,
        "Basic EPS": NaN,
        "Diluted NI Availto Com Stockholders": 168167000.0,
        "Net Income Common Stockholders": 168167000.0,
        "Net Income": 168167000.0,
        "Net Income Including Noncontrolling Interests": 168167000.0,
        "Net Income Continuous Operations": 168167000.0,
        "Tax Provision": 43090000.0,
        "Pretax Income": 211257000.0,
        "Other Income Expense": 19870000.0,
        "Other Non Operating Income Expenses": 21395000.0,
        "Special Income Charges": NaN,
        "Other Special Charges": NaN,
        "Write Off": NaN,
        "Net Non Operating Interest Income Expense": -12578000.0,
        "Interest Expense Non Operating": 12578000.0,
        "Operating Income": 203965000.0,
        "Operating Expense": 393044000.0,
        "Selling General And Administration": 393044000.0,
        "Gross Profit": 597009000.0,
        "Cost Of Revenue": 1197819000.0,
        "Total Revenue": 1794828000.0,
        "Operating Revenue": 1785282000.0
    },
    "2024-07-31": {
        "Tax Effect Of Unusual Items": 0.0,
        "Tax Rate For Calcs": 0.236,
        "Normalized EBITDA": 224535000.0,
        "Total Unusual Items": 0.0,
        "Total Unusual Items Excluding Goodwill": 0.0,
        "Net Income From Continuing Operation Net Minority Interest": 142588000.0,
        "Reconciled Depreciation": 28918000.0,
        "Reconciled Cost Of Revenue": 990255000.0,
        "EBITDA": 224535000.0,
        "EBIT": 195617000.0,
        "Net Interest Income": -9071000.0,
        "Interest Expense": 9071000.0,
        "Normalized Income": 142588000.0,
        "Net Income From Continuing And Discontinued Operation": 142588000.0,
        "Total Expenses": 1358894000.0,
        "Total Operating Income As Reported": 190086000.0,
        "Diluted Average Shares": 73289000.0,
        "Basic Average Shares": 71829000.0,
        "Diluted EPS": 1.95,
        "Basic EPS": 1.99,
        "Diluted NI Availto Com Stockholders": 142588000.0,
        "Net Income Common Stockholders": 142588000.0,
        "Net Income": 142588000.0,
        "Net Income Including Noncontrolling Interests": 142588000.0,
        "Net Income Continuous Operations": 142588000.0,
        "Tax Provision": 43958000.0,
        "Pretax Income": 186546000.0,
        "Other Income Expense": 5531000.0,
        "Other Non Operating Income Expenses": 5531000.0,
        "Special Income Charges": 0.0,
        "Other Special Charges": NaN,
        "Write Off": 0.0,
        "Net Non Operating Interest Income Expense": -9071000.0,
        "Interest Expense Non Operating": 9071000.0,
        "Operating Income": 190086000.0,
        "Operating Expense": 368639000.0,
        "Selling General And Administration": 368639000.0,
        "Gross Profit": 558725000.0,
        "Cost Of Revenue": 990255000.0,
        "Total Revenue": 1548980000.0,
        "Operating Revenue": 1542411000.0
    },
    "2024-10-31": {
        "Tax Effect Of Unusual Items": 0.0,
        "Tax Rate For Calcs": 0.259,
        "Normalized EBITDA": 127217000.0,
        "Total Unusual Items": 0.0,
        "Total Unusual Items Excluding Goodwill": 0.0,
        "Net Income From Continuing Operation Net Minority Interest": 65763000.0,
        "Reconciled Depreciation": 29337000.0,
        "Reconciled Cost Of Revenue": 886617000.0,
        "EBITDA": 127217000.0,
        "EBIT": 97880000.0,
        "Net Interest Income": -9149000.0,
        "Interest Expense": 9149000.0,
        "Normalized Income": 65763000.0,
        "Net Income From Continuing And Discontinued Operation": 65763000.0,
        "Total Expenses": 1251856000.0,
        "Total Operating Income As Reported": 91474000.0,
        "Diluted Average Shares": 71774000.0,
        "Basic Average Shares": 70319000.0,
        "Diluted EPS": 0.92,
        "Basic EPS": 0.94,
        "Diluted NI Availto Com Stockholders": 65763000.0,
        "Net Income Common Stockholders": 65763000.0,
        "Net Income": 65763000.0,
        "Net Income Including Noncontrolling Interests": 65763000.0,
        "Net Income Continuous Operations": 65763000.0,
        "Tax Provision": 22968000.0,
        "Pretax Income": 88731000.0,
        "Other Income Expense": 6406000.0,
        "Other Non Operating Income Expenses": 6406000.0,
        "Special Income Charges": 0.0,
        "Other Special Charges": NaN,
        "Write Off": 0.0,
        "Net Non Operating Interest Income Expense": -9149000.0,
        "Interest Expense Non Operating": 9149000.0,
        "Operating Income": 91474000.0,
        "Operating Expense": 365239000.0,
        "Selling General And Administration": 365239000.0,
        "Gross Profit": 456713000.0,
        "Cost Of Revenue": 886617000.0,
        "Total Revenue": 1343330000.0,
        "Operating Revenue": 1335932000.0
    },
    "2025-01-31": {
        "Tax Effect Of Unusual Items": 0.0,
        "Tax Rate For Calcs": 0.191565,
        "Normalized EBITDA": 205425000.0,
        "Total Unusual Items": 0.0,
        "Total Unusual Items Excluding Goodwill": 0.0,
        "Net Income From Continuing Operation Net Minority Interest": 133631000.0,
        "Reconciled Depreciation": 30962000.0,
        "Reconciled Cost Of Revenue": 1136691000.0,
        "EBITDA": 205425000.0,
        "EBIT": 174463000.0,
        "Net Interest Income": -9167000.0,
        "Interest Expense": 9167000.0,
        "Normalized Income": 133631000.0,
        "Net Income From Continuing And Discontinued Operation": 133631000.0,
        "Total Expenses": 1522225000.0,
        "Total Operating Income As Reported": 154695000.0,
        "Diluted Average Shares": NaN,
        "Basic Average Shares": NaN,
        "Diluted EPS": NaN,
        "Basic EPS": NaN,
        "Diluted NI Availto Com Stockholders": 133631000.0,
        "Net Income Common Stockholders": 133631000.0,
        "Net Income": 133631000.0,
        "Net Income Including Noncontrolling Interests": 133631000.0,
        "Net Income Continuous Operations": 133631000.0,
        "Tax Provision": 31665000.0,
        "Pretax Income": 165296000.0,
        "Other Income Expense": 19768000.0,
        "Other Non Operating Income Expenses": 19768000.0,
        "Special Income Charges": 0.0,
        "Other Special Charges": 0.0,
        "Write Off": NaN,
        "Net Non Operating Interest Income Expense": -9167000.0,
        "Interest Expense Non Operating": 9167000.0,
        "Operating Income": 154695000.0,
        "Operating Expense": 385534000.0,
        "Selling General And Administration": 385534000.0,
        "Gross Profit": 540229000.0,
        "Cost Of Revenue": 1136691000.0,
        "Total Revenue": 1676920000.0,
        "Operating Revenue": 1664827000.0
    },
    "2024-04-30": {
        "Tax Effect Of Unusual Items": NaN,
        "Tax Rate For Calcs": NaN,
        "Normalized EBITDA": NaN,
        "Total Unusual Items": NaN,
        "Total Unusual Items Excluding Goodwill": NaN,
        "Net Income From Continuing Operation Net Minority Interest": NaN,
        "Reconciled Depreciation": NaN,
        "Reconciled Cost Of Revenue": NaN,
        "EBITDA": NaN,
        "EBIT": NaN,
        "Net Interest Income": NaN,
        "Interest Expense": NaN,
        "Normalized Income": NaN,
        "Net Income From Continuing And Discontinued Operation": NaN,
        "Total Expenses": NaN,
        "Total Operating Income As Reported": NaN,
        "Diluted Average Shares": NaN,
        "Basic Average Shares": NaN,
        "Diluted EPS": NaN,
        "Basic EPS": NaN,
        "Diluted NI Availto Com Stockholders": NaN,
        "Net Income Common Stockholders": NaN,
        "Net Income": NaN,
        "Net Income Including Noncontrolling Interests": NaN,
        "Net Income Continuous Operations": NaN,
        "Tax Provision": NaN,
        "Pretax Income": NaN,
        "Other Income Expense": NaN,
        "Other Non Operating Income Expenses": NaN,
        "Special Income Charges": NaN,
        "Other Special Charges": 449000.0,
        "Write Off": NaN,
        "Net Non Operating Interest Income Expense": NaN,
        "Interest Expense Non Operating": NaN,
        "Operating Income": NaN,
        "Operating Expense": NaN,
        "Selling General And Administration": NaN,
        "Gross Profit": NaN,
        "Cost Of Revenue": NaN,
        "Total Revenue": NaN,
        "Operating Revenue": NaN
    }
}