{
    "2023-09-30": {
        "Tax Effect Of Unusual Items": NaN,
        "Tax Rate For Calcs": NaN,
        "Normalized EBITDA": NaN,
        "Total Unusual Items": NaN,
        "Total Unusual Items Excluding Goodwill": NaN,
        "Net Income From Continuing Operation Net Minority Interest": NaN,
        "Reconciled Depreciation": NaN,
        "Reconciled Cost Of Revenue": NaN,
        "EBITDA": NaN,
        "EBIT": NaN,
        "Net Interest Income": NaN,
        "Interest Expense": NaN,
        "Interest Income": NaN,
        "Normalized Income": NaN,
        "Net Income From Continuing And Discontinued Operation": NaN,
        "Total Expenses": NaN,
        "Total Operating Income As Reported": NaN,
        "Diluted Average Shares": 46920607.0,
        "Basic Average Shares": 46547502.0,
        "Diluted EPS": 0.47,
        "Basic EPS": 0.47,
        "Diluted NI Availto Com Stockholders": NaN,
        "Net Income Common Stockholders": NaN,
        "Net Income": NaN,
        "Minority Interests": NaN,
        "Net Income Including Noncontrolling Interests": NaN,
        "Net Income Continuous Operations": NaN,
        "Tax Provision": NaN,
        "Pretax Income": NaN,
        "Other Income Expense": NaN,
        "Other Non Operating Income Expenses": NaN,
        "Earnings From Equity Interest": NaN,
        "Gain On Sale Of Security": NaN,
        "Net Non Operating Interest Income Expense": NaN,
        "Interest Expense Non Operating": NaN,
        "Interest Income Non Operating": NaN,
        "Operating Income": NaN,
        "Operating Expense": NaN,
        "Depreciation Amortization Depletion Income Statement": NaN,
        "Depreciation And Amortization In Income Statement": NaN,
        "Selling General And Administration": NaN,
        "General And Administrative Expense": NaN,
        "Other Gand A": NaN,
        "Gross Profit": NaN,
        "Cost Of Revenue": NaN,
        "Total Revenue": NaN,
        "Operating Revenue": NaN
    },
    "2023-06-30": {
        "Tax Effect Of Unusual Items": 180390.0,
        "Tax Rate For Calcs": 0.21,
        "Normalized EBITDA": 38513000.0,
        "Total Unusual Items": 859000.0,
        "Total Unusual Items Excluding Goodwill": 859000.0,
        "Net Income From Continuing Operation Net Minority Interest": 13170000.0,
        "Reconciled Depreciation": 4249000.0,
        "Reconciled Cost Of Revenue": 292875000.0,
        "EBITDA": 39372000.0,
        "EBIT": 35123000.0,
        "Net Interest Income": -305000.0,
        "Interest Expense": 3632000.0,
        "Interest Income": 3327000.0,
        "Normalized Income": 12491390.0,
        "Net Income From Continuing And Discontinued Operation": 13170000.0,
        "Total Expenses": 321180000.0,
        "Total Operating Income As Reported": 27029000.0,
        "Diluted Average Shares": 47035714.0,
        "Basic Average Shares": 47035714.0,
        "Diluted EPS": 0.28,
        "Basic EPS": 0.28,
        "Diluted NI Availto Com Stockholders": 13170000.0,
        "Net Income Common Stockholders": 13170000.0,
        "Net Income": 13170000.0,
        "Minority Interests": -4312000.0,
        "Net Income Including Noncontrolling Interests": 17482000.0,
        "Net Income Continuous Operations": 17482000.0,
        "Tax Provision": 14009000.0,
        "Pretax Income": 31491000.0,
        "Other Income Expense": 4767000.0,
        "Other Non Operating Income Expenses": 1185000.0,
        "Earnings From Equity Interest": 2723000.0,
        "Gain On Sale Of Security": 859000.0,
        "Net Non Operating Interest Income Expense": -305000.0,
        "Interest Expense Non Operating": 3632000.0,
        "Interest Income Non Operating": 3327000.0,
        "Operating Income": 27029000.0,
        "Operating Expense": 28304000.0,
        "Other Operating Expenses": NaN,
        "Depreciation Amortization Depletion Income Statement": 4248000.0,
        "Depreciation And Amortization In Income Statement": 4248000.0,
        "Selling General And Administration": 24056000.0,
        "General And Administrative Expense": 24056000.0,
        "Other Gand A": 24056000.0,
        "Gross Profit": 55333000.0,
        "Cost Of Revenue": 292876000.0,
        "Total Revenue": 348209000.0,
        "Operating Revenue": 346425000.0
    },
    "2023-03-31": {
        "Tax Effect Of Unusual Items": NaN,
        "Tax Rate For Calcs": NaN,
        "Normalized EBITDA": NaN,
        "Total Unusual Items": NaN,
        "Total Unusual Items Excluding Goodwill": NaN,
        "Net Income From Continuing Operation Net Minority Interest": NaN,
        "Reconciled Depreciation": NaN,
        "Reconciled Cost Of Revenue": NaN,
        "EBITDA": NaN,
        "EBIT": NaN,
        "Net Interest Income": NaN,
        "Interest Expense": NaN,
        "Interest Income": NaN,
        "Normalized Income": NaN,
        "Net Income From Continuing And Discontinued Operation": NaN,
        "Total Expenses": NaN,
        "Total Operating Income As Reported": NaN,
        "Diluted Average Shares": NaN,
        "Basic Average Shares": NaN,
        "Diluted EPS": NaN,
        "Basic EPS": NaN,
        "Diluted NI Availto Com Stockholders": NaN,
        "Net Income Common Stockholders": NaN,
        "Net Income": NaN,
        "Minority Interests": NaN,
        "Net Income Including Noncontrolling Interests": NaN,
        "Net Income Continuous Operations": NaN,
        "Tax Provision": NaN,
        "Pretax Income": NaN,
        "Other Income Expense": NaN,
        "Other Non Operating Income Expenses": NaN,
        "Earnings From Equity Interest": NaN,
        "Gain On Sale Of Security": NaN,
        "Net Non Operating Interest Income Expense": NaN,
        "Interest Expense Non Operating": NaN,
        "Interest Income Non Operating": NaN,
        "Operating Income": NaN,
        "Operating Expense": NaN,
        "Other Operating Expenses": -1620000.0,
        "Depreciation Amortization Depletion Income Statement": NaN,
        "Depreciation And Amortization In Income Statement": NaN,
        "Selling General And Administration": NaN,
        "General And Administrative Expense": NaN,
        "Other Gand A": NaN,
        "Gross Profit": NaN,
        "Cost Of Revenue": NaN,
        "Total Revenue": NaN,
        "Operating Revenue": NaN
    },
    "2022-12-31": {
        "Tax Effect Of Unusual Items": NaN,
        "Tax Rate For Calcs": NaN,
        "Normalized EBITDA": NaN,
        "Total Unusual Items": NaN,
        "Total Unusual Items Excluding Goodwill": NaN,
        "Net Income From Continuing Operation Net Minority Interest": NaN,
        "Reconciled Depreciation": NaN,
        "Reconciled Cost Of Revenue": NaN,
        "EBITDA": NaN,
        "EBIT": NaN,
        "Net Interest Income": NaN,
        "Interest Expense": NaN,
        "Interest Income": NaN,
        "Normalized Income": NaN,
        "Net Income From Continuing And Discontinued Operation": NaN,
        "Total Expenses": NaN,
        "Total Operating Income As Reported": NaN,
        "Diluted Average Shares": NaN,
        "Basic Average Shares": NaN,
        "Diluted EPS": NaN,
        "Basic EPS": NaN,
        "Diluted NI Availto Com Stockholders": NaN,
        "Net Income Common Stockholders": NaN,
        "Net Income": NaN,
        "Minority Interests": NaN,
        "Net Income Including Noncontrolling Interests": NaN,
        "Net Income Continuous Operations": NaN,
        "Tax Provision": NaN,
        "Pretax Income": NaN,
        "Other Income Expense": NaN,
        "Other Non Operating Income Expenses": NaN,
        "Earnings From Equity Interest": NaN,
        "Gain On Sale Of Security": NaN,
        "Net Non Operating Interest Income Expense": NaN,
        "Interest Expense Non Operating": NaN,
        "Interest Income Non Operating": NaN,
        "Operating Income": NaN,
        "Operating Expense": NaN,
        "Other Operating Expenses": -1363000.0,
        "Depreciation Amortization Depletion Income Statement": NaN,
        "Depreciation And Amortization In Income Statement": NaN,
        "Selling General And Administration": NaN,
        "General And Administrative Expense": NaN,
        "Other Gand A": NaN,
        "Gross Profit": NaN,
        "Cost Of Revenue": NaN,
        "Total Revenue": NaN,
        "Operating Revenue": NaN
    },
    "2023-12-31": {
        "Tax Effect Of Unusual Items": 271740.0,
        "Tax Rate For Calcs": 0.21,
        "Normalized EBITDA": 9954000.0,
        "Total Unusual Items": 1294000.0,
        "Total Unusual Items Excluding Goodwill": 1294000.0,
        "Net Income From Continuing Operation Net Minority Interest": 12356000.0,
        "Reconciled Depreciation": 4902000.0,
        "Reconciled Cost Of Revenue": 314055000.0,
        "EBITDA": 11248000.0,
        "EBIT": 6346000.0,
        "Net Interest Income": -831000.0,
        "Interest Expense": 5422000.0,
        "Interest Income": 4591000.0,
        "Normalized Income": 11333740.0,
        "Net Income From Continuing And Discontinued Operation": 12356000.0,
        "Total Expenses": 356906000.0,
        "Total Operating Income As Reported": -3870000.0,
        "Diluted Average Shares": 47523077.0,
        "Basic Average Shares": 47523077.0,
        "Diluted EPS": 0.26,
        "Basic EPS": 0.26,
        "Diluted NI Availto Com Stockholders": 12356000.0,
        "Net Income Common Stockholders": 12356000.0,
        "Net Income": 12356000.0,
        "Minority Interests": 12450000.0,
        "Net Income Including Noncontrolling Interests": -94000.0,
        "Net Income Continuous Operations": -94000.0,
        "Tax Provision": 1018000.0,
        "Pretax Income": 924000.0,
        "Other Income Expense": 5625000.0,
        "Other Non Operating Income Expenses": 1856000.0,
        "Earnings From Equity Interest": 2475000.0,
        "Gain On Sale Of Security": 1294000.0,
        "Net Non Operating Interest Income Expense": -831000.0,
        "Interest Expense Non Operating": 5422000.0,
        "Interest Income Non Operating": 4591000.0,
        "Operating Income": -3870000.0,
        "Operating Expense": 42851000.0,
        "Depreciation Amortization Depletion Income Statement": 4902000.0,
        "Depreciation And Amortization In Income Statement": 4902000.0,
        "Selling General And Administration": 37949000.0,
        "General And Administrative Expense": 37949000.0,
        "Other Gand A": 37949000.0,
        "Gross Profit": 38981000.0,
        "Cost Of Revenue": 314055000.0,
        "Total Revenue": 353036000.0,
        "Operating Revenue": 348879000.0
    },
    "2024-03-31": {
        "Tax Effect Of Unusual Items": 326989.585069,
        "Tax Rate For Calcs": 0.297534,
        "Normalized EBITDA": 35586000.0,
        "Total Unusual Items": 1099000.0,
        "Total Unusual Items Excluding Goodwill": 1099000.0,
        "Net Income From Continuing Operation Net Minority Interest": 14835000.0,
        "Reconciled Depreciation": 5096000.0,
        "Reconciled Cost Of Revenue": 330399000.0,
        "EBITDA": 36685000.0,
        "EBIT": 31589000.0,
        "Net Interest Income": -3589000.0,
        "Interest Expense": 7585000.0,
        "Interest Income": 3996000.0,
        "Normalized Income": 14062989.585069,
        "Net Income From Continuing And Discontinued Operation": 14835000.0,
        "Total Expenses": 374217000.0,
        "Total Operating Income As Reported": 30139000.0,
        "Diluted Average Shares": 47699537.0,
        "Basic Average Shares": 47260351.0,
        "Diluted EPS": 0.31,
        "Basic EPS": 0.31,
        "Diluted NI Availto Com Stockholders": 14835000.0,
        "Net Income Common Stockholders": 14835000.0,
        "Net Income": 14835000.0,
        "Minority Interests": -2027000.0,
        "Net Income Including Noncontrolling Interests": 16862000.0,
        "Net Income Continuous Operations": 16862000.0,
        "Tax Provision": 7142000.0,
        "Pretax Income": 24004000.0,
        "Other Income Expense": -2546000.0,
        "Other Non Operating Income Expenses": -4277000.0,
        "Earnings From Equity Interest": 632000.0,
        "Gain On Sale Of Security": 1099000.0,
        "Net Non Operating Interest Income Expense": -3589000.0,
        "Interest Expense Non Operating": 7585000.0,
        "Interest Income Non Operating": 3996000.0,
        "Operating Income": 30139000.0,
        "Operating Expense": 43818000.0,
        "Depreciation Amortization Depletion Income Statement": 5096000.0,
        "Depreciation And Amortization In Income Statement": 5096000.0,
        "Selling General And Administration": 38722000.0,
        "General And Administrative Expense": 38722000.0,
        "Other Gand A": 38722000.0,
        "Gross Profit": 73957000.0,
        "Cost Of Revenue": 330399000.0,
        "Total Revenue": 404356000.0,
        "Operating Revenue": 403302000.0
    },
    "2022-09-30": {
        "Tax Effect Of Unusual Items": NaN,
        "Tax Rate For Calcs": NaN,
        "Normalized EBITDA": NaN,
        "Total Unusual Items": NaN,
        "Total Unusual Items Excluding Goodwill": NaN,
        "Net Income From Continuing Operation Net Minority Interest": NaN,
        "Reconciled Depreciation": NaN,
        "Reconciled Cost Of Revenue": NaN,
        "EBITDA": NaN,
        "EBIT": NaN,
        "Net Interest Income": NaN,
        "Interest Expense": NaN,
        "Interest Income": NaN,
        "Normalized Income": NaN,
        "Net Income From Continuing And Discontinued Operation": NaN,
        "Total Expenses": NaN,
        "Total Operating Income As Reported": NaN,
        "Diluted Average Shares": NaN,
        "Basic Average Shares": NaN,
        "Diluted EPS": NaN,
        "Basic EPS": NaN,
        "Diluted NI Availto Com Stockholders": NaN,
        "Net Income Common Stockholders": NaN,
        "Net Income": NaN,
        "Minority Interests": NaN,
        "Net Income Including Noncontrolling Interests": NaN,
        "Net Income Continuous Operations": NaN,
        "Tax Provision": NaN,
        "Pretax Income": NaN,
        "Other Income Expense": NaN,
        "Other Non Operating Income Expenses": NaN,
        "Special Income Charges": 0.0,
        "Gain On Sale Of Business": 0.0,
        "Earnings From Equity Interest": NaN,
        "Gain On Sale Of Security": NaN,
        "Net Non Operating Interest Income Expense": NaN,
        "Interest Expense Non Operating": NaN,
        "Interest Income Non Operating": NaN,
        "Operating Income": NaN,
        "Operating Expense": NaN,
        "Other Operating Expenses": -1692000.0,
        "Depreciation Amortization Depletion Income Statement": NaN,
        "Depreciation And Amortization In Income Statement": NaN,
        "Selling General And Administration": NaN,
        "General And Administrative Expense": NaN,
        "Other Gand A": NaN,
        "Gross Profit": NaN,
        "Cost Of Revenue": NaN,
        "Total Revenue": NaN,
        "Operating Revenue": NaN
    },
    "2024-06-30": {
        "Tax Effect Of Unusual Items": -38681.161238,
        "Tax Rate For Calcs": 0.314481,
        "Normalized EBITDA": 48048000.0,
        "Total Unusual Items": -123000.0,
        "Total Unusual Items Excluding Goodwill": -123000.0,
        "Net Income From Continuing Operation Net Minority Interest": 19171000.0,
        "Reconciled Depreciation": 7441000.0,
        "Reconciled Cost Of Revenue": 412805000.0,
        "EBITDA": 47925000.0,
        "EBIT": 40484000.0,
        "Net Interest Income": -5074000.0,
        "Interest Expense": 8587000.0,
        "Interest Income": 3513000.0,
        "Normalized Income": 19255318.838762,
        "Net Income From Continuing And Discontinued Operation": 19171000.0,
        "Total Expenses": 456199000.0,
        "Total Operating Income As Reported": 30066000.0,
        "Diluted Average Shares": 47927500.0,
        "Basic Average Shares": 47927500.0,
        "Diluted EPS": 0.4,
        "Basic EPS": 0.4,
        "Diluted NI Availto Com Stockholders": 19171000.0,
        "Net Income Common Stockholders": 19171000.0,
        "Net Income": 19171000.0,
        "Minority Interests": -2695000.0,
        "Net Income Including Noncontrolling Interests": 21866000.0,
        "Net Income Continuous Operations": 21866000.0,
        "Tax Provision": 10031000.0,
        "Pretax Income": 31897000.0,
        "Other Income Expense": 6905000.0,
        "Other Non Operating Income Expenses": 6126000.0,
        "Earnings From Equity Interest": 902000.0,
        "Gain On Sale Of Security": -123000.0,
        "Net Non Operating Interest Income Expense": -5074000.0,
        "Interest Expense Non Operating": 8587000.0,
        "Interest Income Non Operating": 3513000.0,
        "Operating Income": 30066000.0,
        "Operating Expense": 43394000.0,
        "Depreciation Amortization Depletion Income Statement": 7441000.0,
        "Depreciation And Amortization In Income Statement": 7441000.0,
        "Selling General And Administration": 35953000.0,
        "General And Administrative Expense": 35953000.0,
        "Other Gand A": 35953000.0,
        "Gross Profit": 73460000.0,
        "Cost Of Revenue": 412805000.0,
        "Total Revenue": 486265000.0,
        "Operating Revenue": 482545000.0
    },
    "2024-09-30": {
        "Tax Effect Of Unusual Items": -163851.670894,
        "Tax Rate For Calcs": 0.292071,
        "Normalized EBITDA": 43493000.0,
        "Total Unusual Items": -561000.0,
        "Total Unusual Items Excluding Goodwill": -561000.0,
        "Net Income From Continuing Operation Net Minority Interest": 16094000.0,
        "Reconciled Depreciation": 7264000.0,
        "Reconciled Cost Of Revenue": 405218000.0,
        "EBITDA": 42932000.0,
        "EBIT": 35668000.0,
        "Net Interest Income": -5078000.0,
        "Interest Expense": 8856000.0,
        "Interest Income": 3778000.0,
        "Normalized Income": 16491148.329106,
        "Net Income From Continuing And Discontinued Operation": 16094000.0,
        "Total Expenses": 450285000.0,
        "Total Operating Income As Reported": 28425000.0,
        "Diluted Average Shares": 48769697.0,
        "Basic Average Shares": 47335294.0,
        "Diluted EPS": 0.33,
        "Basic EPS": 0.34,
        "Diluted NI Availto Com Stockholders": 16094000.0,
        "Net Income Common Stockholders": 16094000.0,
        "Net Income": 16094000.0,
        "Minority Interests": -2887000.0,
        "Net Income Including Noncontrolling Interests": 18981000.0,
        "Net Income Continuous Operations": 18981000.0,
        "Tax Provision": 7831000.0,
        "Pretax Income": 26812000.0,
        "Other Income Expense": 3465000.0,
        "Other Non Operating Income Expenses": 2673000.0,
        "Earnings From Equity Interest": 1353000.0,
        "Gain On Sale Of Security": -561000.0,
        "Net Non Operating Interest Income Expense": -5078000.0,
        "Interest Expense Non Operating": 8856000.0,
        "Interest Income Non Operating": 3778000.0,
        "Operating Income": 28425000.0,
        "Operating Expense": 45067000.0,
        "Depreciation Amortization Depletion Income Statement": 7264000.0,
        "Depreciation And Amortization In Income Statement": 7264000.0,
        "Selling General And Administration": 37803000.0,
        "General And Administrative Expense": 37803000.0,
        "Other Gand A": 37803000.0,
        "Gross Profit": 73492000.0,
        "Cost Of Revenue": 405218000.0,
        "Total Revenue": 478710000.0,
        "Operating Revenue": 474619000.0
    },
    "2024-12-31": {
        "Tax Effect Of Unusual Items": 66360.0,
        "Tax Rate For Calcs": 0.21,
        "Normalized EBITDA": 13984000.0,
        "Total Unusual Items": 316000.0,
        "Total Unusual Items Excluding Goodwill": 316000.0,
        "Net Income From Continuing Operation Net Minority Interest": -6951000.0,
        "Reconciled Depreciation": 8126000.0,
        "Reconciled Cost Of Revenue": 614730000.0,
        "EBITDA": 14300000.0,
        "EBIT": 6174000.0,
        "Net Interest Income": -4848000.0,
        "Interest Expense": 8069000.0,
        "Interest Income": 3221000.0,
        "Normalized Income": -7200640.0,
        "Net Income From Continuing And Discontinued Operation": -6951000.0,
        "Total Expenses": 664489000.0,
        "Total Operating Income As Reported": 720000.0,
        "Diluted Average Shares": 46340000.0,
        "Basic Average Shares": 46340000.0,
        "Diluted EPS": -0.15,
        "Basic EPS": -0.15,
        "Diluted NI Availto Com Stockholders": -6951000.0,
        "Net Income Common Stockholders": -6951000.0,
        "Net Income": -6951000.0,
        "Minority Interests": 826000.0,
        "Net Income Including Noncontrolling Interests": -7777000.0,
        "Net Income Continuous Operations": -7777000.0,
        "Tax Provision": 5882000.0,
        "Pretax Income": -1895000.0,
        "Other Income Expense": 2233000.0,
        "Other Non Operating Income Expenses": 353000.0,
        "Earnings From Equity Interest": 1564000.0,
        "Gain On Sale Of Security": 316000.0,
        "Net Non Operating Interest Income Expense": -4848000.0,
        "Interest Expense Non Operating": 8069000.0,
        "Interest Income Non Operating": 3221000.0,
        "Operating Income": 720000.0,
        "Operating Expense": 49759000.0,
        "Depreciation Amortization Depletion Income Statement": 8126000.0,
        "Depreciation And Amortization In Income Statement": 8126000.0,
        "Selling General And Administration": 41633000.0,
        "General And Administrative Expense": 41633000.0,
        "Other Gand A": 41633000.0,
        "Gross Profit": 50479000.0,
        "Cost Of Revenue": 614730000.0,
        "Total Revenue": 665209000.0,
        "Operating Revenue": 658853000.0
    },
    "2025-03-31": {
        "Tax Effect Of Unusual Items": -15488.0,
        "Tax Rate For Calcs": 0.352,
        "Normalized EBITDA": 23805000.0,
        "Total Unusual Items": -44000.0,
        "Total Unusual Items Excluding Goodwill": -44000.0,
        "Net Income From Continuing Operation Net Minority Interest": 6692000.0,
        "Reconciled Depreciation": 6849000.0,
        "Reconciled Cost Of Revenue": 549061000.0,
        "EBITDA": 23761000.0,
        "EBIT": 16912000.0,
        "Net Interest Income": -4996000.0,
        "Interest Expense": 7308000.0,
        "Interest Income": 2312000.0,
        "Normalized Income": 6720512.0,
        "Net Income From Continuing And Discontinued Operation": 6692000.0,
        "Total Expenses": 599807000.0,
        "Total Operating Income As Reported": 20583000.0,
        "Diluted Average Shares": 48850666.0,
        "Basic Average Shares": 48470682.0,
        "Diluted EPS": 0.14,
        "Basic EPS": 0.14,
        "Diluted NI Availto Com Stockholders": 6692000.0,
        "Net Income Common Stockholders": 6692000.0,
        "Net Income": 6692000.0,
        "Minority Interests": 471000.0,
        "Net Income Including Noncontrolling Interests": 6221000.0,
        "Net Income Continuous Operations": 6221000.0,
        "Tax Provision": 3383000.0,
        "Pretax Income": 9604000.0,
        "Other Income Expense": -5983000.0,
        "Other Non Operating Income Expenses": -5072000.0,
        "Earnings From Equity Interest": -867000.0,
        "Gain On Sale Of Security": -44000.0,
        "Net Non Operating Interest Income Expense": -4996000.0,
        "Interest Expense Non Operating": 7308000.0,
        "Interest Income Non Operating": 2312000.0,
        "Operating Income": 20583000.0,
        "Operating Expense": 50746000.0,
        "Depreciation Amortization Depletion Income Statement": 6849000.0,
        "Depreciation And Amortization In Income Statement": 6849000.0,
        "Selling General And Administration": 43897000.0,
        "General And Administrative Expense": 43897000.0,
        "Other Gand A": 43897000.0,
        "Gross Profit": 71329000.0,
        "Cost Of Revenue": 549061000.0,
        "Total Revenue": 620390000.0,
        "Operating Revenue": 615654000.0
    },
    "2025-06-30": {
        "Tax Effect Of Unusual Items": 5499.316493,
        "Tax Rate For Calcs": 0.392808,
        "Normalized EBITDA": 31097000.0,
        "Total Unusual Items": 14000.0,
        "Total Unusual Items Excluding Goodwill": 14000.0,
        "Net Income From Continuing Operation Net Minority Interest": 9423000.0,
        "Reconciled Depreciation": 6903000.0,
        "Reconciled Cost Of Revenue": 576840000.0,
        "EBITDA": 31111000.0,
        "EBIT": 24207000.0,
        "Net Interest Income": -5046000.0,
        "Interest Expense": 7382000.0,
        "Interest Income": 2336000.0,
        "Normalized Income": 9414499.316493,
        "Net Income From Continuing And Discontinued Operation": 9423000.0,
        "Total Expenses": 634468000.0,
        "Total Operating Income As Reported": 20340000.0,
        "Diluted Average Shares": 49470677.0,
        "Basic Average Shares": 49187885.0,
        "Diluted EPS": 0.19,
        "Basic EPS": 0.19,
        "Diluted NI Availto Com Stockholders": 9423000.0,
        "Net Income Common Stockholders": 9423000.0,
        "Net Income": 9423000.0,
        "Minority Interests": -793000.0,
        "Net Income Including Noncontrolling Interests": 10216000.0,
        "Net Income Continuous Operations": 10216000.0,
        "Tax Provision": 6609000.0,
        "Pretax Income": 16825000.0,
        "Other Income Expense": 1531000.0,
        "Other Non Operating Income Expenses": 1136000.0,
        "Earnings From Equity Interest": 381000.0,
        "Gain On Sale Of Security": 14000.0,
        "Net Non Operating Interest Income Expense": -5046000.0,
        "Interest Expense Non Operating": 7382000.0,
        "Interest Income Non Operating": 2336000.0,
        "Operating Income": 20340000.0,
        "Operating Expense": 57629000.0,
        "Depreciation Amortization Depletion Income Statement": 6904000.0,
        "Depreciation And Amortization In Income Statement": 6904000.0,
        "Selling General And Administration": 50725000.0,
        "General And Administrative Expense": 50725000.0,
        "Other Gand A": 50725000.0,
        "Gross Profit": 77969000.0,
        "Cost Of Revenue": 576839000.0,
        "Total Revenue": 654808000.0,
        "Operating Revenue": 649965000.0
    }
}