{
    "2023-03-31": {
        "Tax Effect Of Unusual Items": NaN,
        "Tax Rate For Calcs": NaN,
        "Normalized EBITDA": NaN,
        "Total Unusual Items": NaN,
        "Total Unusual Items Excluding Goodwill": NaN,
        "Net Income From Continuing Operation Net Minority Interest": NaN,
        "Reconciled Depreciation": NaN,
        "Reconciled Cost Of Revenue": NaN,
        "EBITDA": NaN,
        "EBIT": NaN,
        "Net Interest Income": NaN,
        "Interest Expense": NaN,
        "Interest Income": NaN,
        "Normalized Income": NaN,
        "Net Income From Continuing And Discontinued Operation": NaN,
        "Total Expenses": NaN,
        "Total Operating Income As Reported": NaN,
        "Diluted Average Shares": NaN,
        "Basic Average Shares": NaN,
        "Diluted EPS": NaN,
        "Basic EPS": NaN,
        "Diluted NI Availto Com Stockholders": NaN,
        "Average Dilution Earnings": NaN,
        "Net Income Common Stockholders": NaN,
        "Net Income": NaN,
        "Net Income Including Noncontrolling Interests": NaN,
        "Net Income Continuous Operations": NaN,
        "Tax Provision": NaN,
        "Pretax Income": NaN,
        "Other Income Expense": NaN,
        "Other Non Operating Income Expenses": NaN,
        "Special Income Charges": NaN,
        "Restructuring And Mergern Acquisition": NaN,
        "Gain On Sale Of Security": NaN,
        "Net Non Operating Interest Income Expense": NaN,
        "Total Other Finance Cost": 700000.0,
        "Interest Expense Non Operating": NaN,
        "Interest Income Non Operating": NaN,
        "Operating Income": NaN,
        "Operating Expense": NaN,
        "Depreciation Amortization Depletion Income Statement": NaN,
        "Depreciation And Amortization In Income Statement": NaN,
        "Amortization": NaN,
        "Amortization Of Intangibles Income Statement": NaN,
        "Selling General And Administration": NaN,
        "General And Administrative Expense": NaN,
        "Other Gand A": NaN,
        "Insurance And Claims": NaN,
        "Salaries And Wages": NaN,
        "Gross Profit": NaN,
        "Cost Of Revenue": NaN,
        "Total Revenue": NaN,
        "Operating Revenue": NaN
    },
    "2022-12-31": {
        "Tax Effect Of Unusual Items": NaN,
        "Tax Rate For Calcs": NaN,
        "Normalized EBITDA": NaN,
        "Total Unusual Items": NaN,
        "Total Unusual Items Excluding Goodwill": NaN,
        "Net Income From Continuing Operation Net Minority Interest": NaN,
        "Reconciled Depreciation": NaN,
        "Reconciled Cost Of Revenue": NaN,
        "EBITDA": NaN,
        "EBIT": NaN,
        "Net Interest Income": NaN,
        "Interest Expense": NaN,
        "Interest Income": NaN,
        "Normalized Income": NaN,
        "Net Income From Continuing And Discontinued Operation": NaN,
        "Total Expenses": NaN,
        "Total Operating Income As Reported": NaN,
        "Diluted Average Shares": NaN,
        "Basic Average Shares": NaN,
        "Diluted EPS": NaN,
        "Basic EPS": NaN,
        "Diluted NI Availto Com Stockholders": NaN,
        "Average Dilution Earnings": NaN,
        "Net Income Common Stockholders": NaN,
        "Net Income": NaN,
        "Net Income Including Noncontrolling Interests": NaN,
        "Net Income Continuous Operations": NaN,
        "Tax Provision": NaN,
        "Pretax Income": NaN,
        "Other Income Expense": NaN,
        "Other Non Operating Income Expenses": NaN,
        "Special Income Charges": NaN,
        "Restructuring And Mergern Acquisition": NaN,
        "Gain On Sale Of Security": NaN,
        "Net Non Operating Interest Income Expense": NaN,
        "Total Other Finance Cost": 500000.0,
        "Interest Expense Non Operating": NaN,
        "Interest Income Non Operating": NaN,
        "Operating Income": NaN,
        "Operating Expense": NaN,
        "Depreciation Amortization Depletion Income Statement": NaN,
        "Depreciation And Amortization In Income Statement": NaN,
        "Amortization": NaN,
        "Amortization Of Intangibles Income Statement": NaN,
        "Selling General And Administration": NaN,
        "General And Administrative Expense": NaN,
        "Other Gand A": NaN,
        "Insurance And Claims": NaN,
        "Salaries And Wages": NaN,
        "Gross Profit": NaN,
        "Cost Of Revenue": NaN,
        "Total Revenue": NaN,
        "Operating Revenue": NaN
    },
    "2022-09-30": {
        "Tax Effect Of Unusual Items": NaN,
        "Tax Rate For Calcs": NaN,
        "Normalized EBITDA": NaN,
        "Total Unusual Items": NaN,
        "Total Unusual Items Excluding Goodwill": NaN,
        "Net Income From Continuing Operation Net Minority Interest": NaN,
        "Reconciled Depreciation": NaN,
        "Reconciled Cost Of Revenue": NaN,
        "EBITDA": NaN,
        "EBIT": NaN,
        "Net Interest Income": NaN,
        "Interest Expense": NaN,
        "Interest Income": NaN,
        "Normalized Income": NaN,
        "Net Income From Continuing And Discontinued Operation": NaN,
        "Total Expenses": NaN,
        "Total Operating Income As Reported": NaN,
        "Diluted Average Shares": NaN,
        "Basic Average Shares": NaN,
        "Diluted EPS": NaN,
        "Basic EPS": NaN,
        "Diluted NI Availto Com Stockholders": NaN,
        "Average Dilution Earnings": NaN,
        "Net Income Common Stockholders": NaN,
        "Net Income": NaN,
        "Net Income Including Noncontrolling Interests": NaN,
        "Net Income Continuous Operations": NaN,
        "Tax Provision": NaN,
        "Pretax Income": NaN,
        "Other Income Expense": NaN,
        "Other Non Operating Income Expenses": NaN,
        "Special Income Charges": NaN,
        "Restructuring And Mergern Acquisition": NaN,
        "Gain On Sale Of Security": NaN,
        "Net Non Operating Interest Income Expense": NaN,
        "Total Other Finance Cost": 500000.0,
        "Interest Expense Non Operating": NaN,
        "Interest Income Non Operating": NaN,
        "Operating Income": NaN,
        "Operating Expense": NaN,
        "Depreciation Amortization Depletion Income Statement": NaN,
        "Depreciation And Amortization In Income Statement": NaN,
        "Amortization": NaN,
        "Amortization Of Intangibles Income Statement": NaN,
        "Selling General And Administration": NaN,
        "General And Administrative Expense": NaN,
        "Other Gand A": NaN,
        "Insurance And Claims": 5900000.0,
        "Salaries And Wages": NaN,
        "Gross Profit": NaN,
        "Cost Of Revenue": NaN,
        "Total Revenue": NaN,
        "Operating Revenue": NaN
    },
    "2022-06-30": {
        "Tax Effect Of Unusual Items": 11911933.730261,
        "Tax Rate For Calcs": 0.219777,
        "Normalized EBITDA": 362000000.0,
        "Total Unusual Items": 54200000.0,
        "Total Unusual Items Excluding Goodwill": 54200000.0,
        "Net Income From Continuing Operation Net Minority Interest": 301400000.0,
        "Reconciled Depreciation": 22600000.0,
        "Reconciled Cost Of Revenue": 576800000.0,
        "EBITDA": 416200000.0,
        "EBIT": 393600000.0,
        "Net Interest Income": -6200000.0,
        "Interest Expense": 7300000.0,
        "Interest Income": 1900000.0,
        "Normalized Income": 259111933.730261,
        "Net Income From Continuing And Discontinued Operation": 301400000.0,
        "Total Expenses": 605200000.0,
        "Total Operating Income As Reported": 328900000.0,
        "Diluted Average Shares": 176600000.0,
        "Basic Average Shares": 152400000.0,
        "Diluted EPS": 1.49,
        "Basic EPS": 1.98,
        "Diluted NI Availto Com Stockholders": 263000000.0,
        "Average Dilution Earnings": -38400000.0,
        "Net Income Common Stockholders": 301400000.0,
        "Net Income": 301400000.0,
        "Net Income Including Noncontrolling Interests": 301400000.0,
        "Net Income Continuous Operations": 301400000.0,
        "Tax Provision": 84900000.0,
        "Pretax Income": 386300000.0,
        "Other Income Expense": 63600000.0,
        "Other Non Operating Income Expenses": 9400000.0,
        "Special Income Charges": 4100000.0,
        "Restructuring And Mergern Acquisition": -4100000.0,
        "Gain On Sale Of Security": 50100000.0,
        "Net Non Operating Interest Income Expense": -6200000.0,
        "Total Other Finance Cost": 800000.0,
        "Interest Expense Non Operating": 7300000.0,
        "Interest Income Non Operating": 1900000.0,
        "Operating Income": 328900000.0,
        "Operating Expense": 28400000.0,
        "Depreciation Amortization Depletion Income Statement": NaN,
        "Depreciation And Amortization In Income Statement": NaN,
        "Amortization": NaN,
        "Amortization Of Intangibles Income Statement": NaN,
        "Selling General And Administration": 28400000.0,
        "General And Administrative Expense": 28400000.0,
        "Other Gand A": 28400000.0,
        "Salaries And Wages": NaN,
        "Gross Profit": 357300000.0,
        "Cost Of Revenue": 576800000.0,
        "Total Revenue": 934100000.0,
        "Operating Revenue": 934100000.0
    },
    "2022-03-31": {
        "Diluted EPS": 2.44,
        "Total Revenue": NaN,
        "Gross Profit": 496,
        "Operating Income": 454,
        "EBIT": 472,
        "Net Income": 359
    },
    "2021-12-31": {
        "Diluted EPS": 0.73,
        "Total Revenue": 845,
        "Gross Profit": 369,
        "Operating Income": 354,
        "EBIT": 388,
        "Net Income": 98
    },
    "2021-09-30": {
        "Diluted EPS": 3.19,
        "Total Revenue": 802,
        "Gross Profit": 343,
        "Operating Income": 319,
        "EBIT": 319,
        "Net Income": 229
    },
    "2021-06-30": {
        "Diluted EPS": -0.18,
        "Total Revenue": NaN,
        "Gross Profit": NaN,
        "Operating Income": -1,
        "EBIT": -1,
        "Net Income": -1
    },
    "2021-03-31": {
        "Diluted EPS": 0.03,
        "Total Revenue": NaN,
        "Gross Profit": NaN,
        "Operating Income": 0,
        "EBIT": 0,
        "Net Income": 0
    },
    "2020-12-31": {
        "Diluted EPS": 0.0,
        "Total Revenue": NaN,
        "Gross Profit": NaN,
        "Operating Income": NaN,
        "EBIT": NaN,
        "Net Income": NaN
    },
    "2020-09-30": {
        "Diluted EPS": -0.67,
        "Total Revenue": 299,
        "Gross Profit": -10,
        "Operating Income": -20,
        "EBIT": -20,
        "Net Income": -48
    },
    "2023-06-30": {
        "Tax Effect Of Unusual Items": NaN,
        "Tax Rate For Calcs": NaN,
        "Normalized EBITDA": NaN,
        "Total Unusual Items": NaN,
        "Total Unusual Items Excluding Goodwill": NaN,
        "Net Income From Continuing Operation Net Minority Interest": NaN,
        "Reconciled Depreciation": NaN,
        "Reconciled Cost Of Revenue": NaN,
        "EBITDA": NaN,
        "EBIT": NaN,
        "Net Interest Income": NaN,
        "Interest Expense": NaN,
        "Interest Income": NaN,
        "Normalized Income": NaN,
        "Net Income From Continuing And Discontinued Operation": NaN,
        "Total Expenses": NaN,
        "Total Operating Income As Reported": NaN,
        "Diluted Average Shares": 132700000.0,
        "Basic Average Shares": 108400000.0,
        "Diluted EPS": 0.85,
        "Basic EPS": 1.21,
        "Diluted NI Availto Com Stockholders": NaN,
        "Average Dilution Earnings": NaN,
        "Net Income Common Stockholders": NaN,
        "Net Income": NaN,
        "Net Income Including Noncontrolling Interests": NaN,
        "Net Income Continuous Operations": NaN,
        "Tax Provision": NaN,
        "Pretax Income": NaN,
        "Other Income Expense": NaN,
        "Other Non Operating Income Expenses": NaN,
        "Special Income Charges": NaN,
        "Restructuring And Mergern Acquisition": NaN,
        "Gain On Sale Of Security": NaN,
        "Net Non Operating Interest Income Expense": NaN,
        "Total Other Finance Cost": 600000.0,
        "Interest Expense Non Operating": NaN,
        "Interest Income Non Operating": NaN,
        "Operating Income": NaN,
        "Operating Expense": NaN,
        "Depreciation Amortization Depletion Income Statement": NaN,
        "Depreciation And Amortization In Income Statement": NaN,
        "Amortization": NaN,
        "Amortization Of Intangibles Income Statement": NaN,
        "Selling General And Administration": NaN,
        "General And Administrative Expense": NaN,
        "Other Gand A": NaN,
        "Insurance And Claims": NaN,
        "Salaries And Wages": NaN,
        "Gross Profit": NaN,
        "Cost Of Revenue": NaN,
        "Total Revenue": NaN,
        "Operating Revenue": NaN
    },
    "2023-09-30": {
        "Tax Effect Of Unusual Items": NaN,
        "Tax Rate For Calcs": NaN,
        "Normalized EBITDA": NaN,
        "Total Unusual Items": NaN,
        "Total Unusual Items Excluding Goodwill": NaN,
        "Net Income From Continuing Operation Net Minority Interest": NaN,
        "Reconciled Depreciation": NaN,
        "Reconciled Cost Of Revenue": NaN,
        "EBITDA": NaN,
        "EBIT": NaN,
        "Net Interest Income": NaN,
        "Interest Expense": NaN,
        "Interest Income": NaN,
        "Normalized Income": NaN,
        "Net Income From Continuing And Discontinued Operation": NaN,
        "Total Expenses": NaN,
        "Total Operating Income As Reported": NaN,
        "Diluted Average Shares": NaN,
        "Basic Average Shares": NaN,
        "Diluted EPS": NaN,
        "Basic EPS": NaN,
        "Diluted NI Availto Com Stockholders": NaN,
        "Average Dilution Earnings": NaN,
        "Net Income Common Stockholders": NaN,
        "Net Income": NaN,
        "Net Income Including Noncontrolling Interests": NaN,
        "Net Income Continuous Operations": NaN,
        "Tax Provision": NaN,
        "Pretax Income": NaN,
        "Other Income Expense": NaN,
        "Other Non Operating Income Expenses": NaN,
        "Special Income Charges": NaN,
        "Other Special Charges": NaN,
        "Restructuring And Mergern Acquisition": NaN,
        "Gain On Sale Of Security": NaN,
        "Net Non Operating Interest Income Expense": NaN,
        "Total Other Finance Cost": 600000.0,
        "Interest Expense Non Operating": NaN,
        "Interest Income Non Operating": NaN,
        "Operating Income": NaN,
        "Operating Expense": NaN,
        "Provision For Doubtful Accounts": NaN,
        "Depreciation Amortization Depletion Income Statement": NaN,
        "Depreciation And Amortization In Income Statement": NaN,
        "Amortization": NaN,
        "Amortization Of Intangibles Income Statement": NaN,
        "Selling General And Administration": NaN,
        "General And Administrative Expense": NaN,
        "Other Gand A": NaN,
        "Insurance And Claims": NaN,
        "Salaries And Wages": NaN,
        "Gross Profit": NaN,
        "Cost Of Revenue": NaN,
        "Total Revenue": NaN,
        "Operating Revenue": NaN
    },
    "2023-12-31": {
        "Tax Effect Of Unusual Items": -5305755.395683,
        "Tax Rate For Calcs": 0.128469,
        "Normalized EBITDA": -14200000.0,
        "Total Unusual Items": -41300000.0,
        "Total Unusual Items Excluding Goodwill": -41300000.0,
        "Net Income From Continuing Operation Net Minority Interest": -84800000.0,
        "Reconciled Depreciation": 31600000.0,
        "Reconciled Cost Of Revenue": 592200000.0,
        "EBITDA": -55500000.0,
        "EBIT": -87100000.0,
        "Net Interest Income": -7800000.0,
        "Interest Expense": 10200000.0,
        "Interest Income": 2400000.0,
        "Normalized Income": -48805755.395683,
        "Net Income From Continuing And Discontinued Operation": -84800000.0,
        "Total Expenses": 652300000.0,
        "Total Operating Income As Reported": -36900000.0,
        "Diluted Average Shares": 108600000.0,
        "Basic Average Shares": 108300000.0,
        "Diluted EPS": -0.78,
        "Basic EPS": -0.78,
        "Diluted NI Availto Com Stockholders": -84800000.0,
        "Average Dilution Earnings": 0.0,
        "Net Income Common Stockholders": -84800000.0,
        "Net Income": -84800000.0,
        "Net Income Including Noncontrolling Interests": -84800000.0,
        "Net Income Continuous Operations": -84800000.0,
        "Tax Provision": -12500000.0,
        "Pretax Income": -97300000.0,
        "Other Income Expense": -52600000.0,
        "Other Non Operating Income Expenses": -11300000.0,
        "Special Income Charges": -6200000.0,
        "Other Special Charges": NaN,
        "Restructuring And Mergern Acquisition": 6200000.0,
        "Gain On Sale Of Security": -35100000.0,
        "Net Non Operating Interest Income Expense": -7800000.0,
        "Total Other Finance Cost": NaN,
        "Interest Expense Non Operating": 10200000.0,
        "Interest Income Non Operating": 2400000.0,
        "Operating Income": -36900000.0,
        "Operating Expense": 28500000.0,
        "Provision For Doubtful Accounts": NaN,
        "Depreciation Amortization Depletion Income Statement": 0.0,
        "Depreciation And Amortization In Income Statement": 0.0,
        "Amortization": 0.0,
        "Amortization Of Intangibles Income Statement": 0.0,
        "Selling General And Administration": 28500000.0,
        "General And Administrative Expense": 28500000.0,
        "Other Gand A": 9200000.0,
        "Insurance And Claims": 6500000.0,
        "Salaries And Wages": 12800000.0,
        "Gross Profit": -8400000.0,
        "Cost Of Revenue": 623800000.0,
        "Total Revenue": 615400000.0,
        "Operating Revenue": 615400000.0
    },
    "2024-03-31": {
        "Tax Effect Of Unusual Items": 1189655.172414,
        "Tax Rate For Calcs": 0.034483,
        "Normalized EBITDA": 41000000.0,
        "Total Unusual Items": 34500000.0,
        "Total Unusual Items Excluding Goodwill": 34500000.0,
        "Net Income From Continuing Operation Net Minority Interest": 28000000.0,
        "Reconciled Depreciation": 34800000.0,
        "Reconciled Cost Of Revenue": 550700000.0,
        "EBITDA": 75500000.0,
        "EBIT": 40700000.0,
        "Net Interest Income": -13400000.0,
        "Interest Expense": 11700000.0,
        "Interest Income": 1200000.0,
        "Normalized Income": -5310344.827586,
        "Net Income From Continuing And Discontinued Operation": 28000000.0,
        "Total Expenses": 617500000.0,
        "Total Operating Income As Reported": 3100000.0,
        "Diluted Average Shares": NaN,
        "Basic Average Shares": NaN,
        "Diluted EPS": NaN,
        "Basic EPS": NaN,
        "Diluted NI Availto Com Stockholders": 12700000.0,
        "Average Dilution Earnings": -15300000.0,
        "Net Income Common Stockholders": 28000000.0,
        "Net Income": 28000000.0,
        "Net Income Including Noncontrolling Interests": 28000000.0,
        "Net Income Continuous Operations": 28000000.0,
        "Tax Provision": 1000000.0,
        "Pretax Income": 29000000.0,
        "Other Income Expense": 39300000.0,
        "Other Non Operating Income Expenses": 4800000.0,
        "Special Income Charges": 3400000.0,
        "Other Special Charges": NaN,
        "Restructuring And Mergern Acquisition": -3400000.0,
        "Gain On Sale Of Security": 31100000.0,
        "Net Non Operating Interest Income Expense": -13400000.0,
        "Total Other Finance Cost": NaN,
        "Interest Expense Non Operating": 11700000.0,
        "Interest Income Non Operating": 1200000.0,
        "Operating Income": 3100000.0,
        "Operating Expense": 32100000.0,
        "Provision For Doubtful Accounts": NaN,
        "Depreciation Amortization Depletion Income Statement": 100000.0,
        "Depreciation And Amortization In Income Statement": 100000.0,
        "Amortization": 100000.0,
        "Amortization Of Intangibles Income Statement": 100000.0,
        "Selling General And Administration": 32000000.0,
        "General And Administrative Expense": 32000000.0,
        "Other Gand A": 12200000.0,
        "Insurance And Claims": 6400000.0,
        "Salaries And Wages": 13400000.0,
        "Gross Profit": 35200000.0,
        "Cost Of Revenue": 585400000.0,
        "Total Revenue": 620600000.0,
        "Operating Revenue": 620600000.0
    },
    "2024-06-30": {
        "Tax Effect Of Unusual Items": 3735000.0,
        "Tax Rate For Calcs": 0.15,
        "Normalized EBITDA": 31300000.0,
        "Total Unusual Items": 24900000.0,
        "Total Unusual Items Excluding Goodwill": 24900000.0,
        "Net Income From Continuing Operation Net Minority Interest": 6100000.0,
        "Reconciled Depreciation": 33200000.0,
        "Reconciled Cost Of Revenue": 600700000.0,
        "EBITDA": 56200000.0,
        "EBIT": 23000000.0,
        "Net Interest Income": -16400000.0,
        "Interest Expense": 21200000.0,
        "Interest Income": 5400000.0,
        "Normalized Income": -15065000.0,
        "Net Income From Continuing And Discontinued Operation": 6100000.0,
        "Total Expenses": 663000000.0,
        "Total Operating Income As Reported": -12500000.0,
        "Diluted Average Shares": NaN,
        "Basic Average Shares": NaN,
        "Diluted EPS": NaN,
        "Basic EPS": NaN,
        "Diluted NI Availto Com Stockholders": -9500000.0,
        "Average Dilution Earnings": -15600000.0,
        "Net Income Common Stockholders": 6100000.0,
        "Net Income": 6100000.0,
        "Net Income Including Noncontrolling Interests": 6100000.0,
        "Net Income Continuous Operations": 6100000.0,
        "Tax Provision": -4300000.0,
        "Pretax Income": 1800000.0,
        "Other Income Expense": 30700000.0,
        "Other Non Operating Income Expenses": 5800000.0,
        "Special Income Charges": 2500000.0,
        "Other Special Charges": NaN,
        "Write Off": NaN,
        "Restructuring And Mergern Acquisition": -2500000.0,
        "Gain On Sale Of Security": 22400000.0,
        "Net Non Operating Interest Income Expense": -16400000.0,
        "Total Other Finance Cost": 600000.0,
        "Interest Expense Non Operating": 21200000.0,
        "Interest Income Non Operating": 5400000.0,
        "Operating Income": -12500000.0,
        "Operating Expense": 29200000.0,
        "Provision For Doubtful Accounts": NaN,
        "Depreciation Amortization Depletion Income Statement": 100000.0,
        "Depreciation And Amortization In Income Statement": 100000.0,
        "Amortization": 100000.0,
        "Amortization Of Intangibles Income Statement": 100000.0,
        "Selling General And Administration": 29100000.0,
        "General And Administrative Expense": 29100000.0,
        "Other Gand A": 10700000.0,
        "Insurance And Claims": 6500000.0,
        "Salaries And Wages": 11900000.0,
        "Gross Profit": 16700000.0,
        "Cost Of Revenue": 633800000.0,
        "Total Revenue": 650500000.0,
        "Operating Revenue": 650500000.0
    },
    "2024-09-30": {
        "Tax Effect Of Unusual Items": -5876898.22294,
        "Tax Rate For Calcs": 0.138934,
        "Normalized EBITDA": -21300000.0,
        "Total Unusual Items": -42300000.0,
        "Total Unusual Items Excluding Goodwill": -42300000.0,
        "Net Income From Continuing Operation Net Minority Interest": -106600000.0,
        "Reconciled Depreciation": 36300000.0,
        "Reconciled Cost Of Revenue": 611000000.0,
        "EBITDA": -63600000.0,
        "EBIT": -99900000.0,
        "Net Interest Income": -17500000.0,
        "Interest Expense": 23900000.0,
        "Interest Income": 7000000.0,
        "Normalized Income": -70176898.22294,
        "Net Income From Continuing And Discontinued Operation": -106600000.0,
        "Total Expenses": 683900000.0,
        "Total Operating Income As Reported": -83600000.0,
        "Diluted Average Shares": 108500000.0,
        "Basic Average Shares": 108500000.0,
        "Diluted EPS": -0.98,
        "Basic EPS": -0.98,
        "Diluted NI Availto Com Stockholders": -106600000.0,
        "Average Dilution Earnings": 0.0,
        "Net Income Common Stockholders": -106600000.0,
        "Net Income": -106600000.0,
        "Net Income Including Noncontrolling Interests": -106600000.0,
        "Net Income Continuous Operations": -106600000.0,
        "Tax Provision": -17200000.0,
        "Pretax Income": -123800000.0,
        "Other Income Expense": -22700000.0,
        "Other Non Operating Income Expenses": 19600000.0,
        "Special Income Charges": -5400000.0,
        "Other Special Charges": NaN,
        "Write Off": NaN,
        "Restructuring And Mergern Acquisition": 5400000.0,
        "Gain On Sale Of Security": -36900000.0,
        "Net Non Operating Interest Income Expense": -17500000.0,
        "Total Other Finance Cost": 600000.0,
        "Interest Expense Non Operating": 23900000.0,
        "Interest Income Non Operating": 7000000.0,
        "Operating Income": -83600000.0,
        "Operating Expense": 36700000.0,
        "Provision For Doubtful Accounts": NaN,
        "Depreciation Amortization Depletion Income Statement": 100000.0,
        "Depreciation And Amortization In Income Statement": 100000.0,
        "Amortization": 100000.0,
        "Amortization Of Intangibles Income Statement": 100000.0,
        "Selling General And Administration": 36600000.0,
        "General And Administrative Expense": 36600000.0,
        "Other Gand A": 9100000.0,
        "Insurance And Claims": 9200000.0,
        "Salaries And Wages": 18300000.0,
        "Gross Profit": -46900000.0,
        "Cost Of Revenue": 647200000.0,
        "Total Revenue": 600300000.0,
        "Operating Revenue": 600300000.0
    },
    "2025-03-31": {
        "Tax Effect Of Unusual Items": 13890000.0,
        "Tax Rate For Calcs": 0.15,
        "Normalized EBITDA": -87500000.0,
        "Total Unusual Items": 92600000.0,
        "Total Unusual Items Excluding Goodwill": 92600000.0,
        "Net Income From Continuing Operation Net Minority Interest": -24500000.0,
        "Reconciled Depreciation": 35000000.0,
        "Reconciled Cost Of Revenue": 591300000.0,
        "EBITDA": 5100000.0,
        "EBIT": -29900000.0,
        "Net Interest Income": -19000000.0,
        "Interest Expense": 21000000.0,
        "Interest Income": 2800000.0,
        "Normalized Income": -103210000.0,
        "Net Income From Continuing And Discontinued Operation": -24500000.0,
        "Total Expenses": 657000000.0,
        "Total Operating Income As Reported": -139900000.0,
        "Diluted Average Shares": 132700000.0,
        "Basic Average Shares": 108500000.0,
        "Diluted EPS": -0.48,
        "Basic EPS": -0.23,
        "Diluted NI Availto Com Stockholders": -63600000.0,
        "Average Dilution Earnings": -39100000.0,
        "Net Income Common Stockholders": -24500000.0,
        "Net Income": -24500000.0,
        "Net Income Including Noncontrolling Interests": -24500000.0,
        "Net Income Continuous Operations": -24500000.0,
        "Tax Provision": -26400000.0,
        "Pretax Income": -50900000.0,
        "Other Income Expense": 108000000.0,
        "Other Non Operating Income Expenses": 15400000.0,
        "Special Income Charges": 54400000.0,
        "Other Special Charges": -50000000.0,
        "Write Off": NaN,
        "Restructuring And Mergern Acquisition": -4400000.0,
        "Gain On Sale Of Security": 38200000.0,
        "Net Non Operating Interest Income Expense": -19000000.0,
        "Total Other Finance Cost": 800000.0,
        "Interest Expense Non Operating": 21000000.0,
        "Interest Income Non Operating": 2800000.0,
        "Operating Income": -139900000.0,
        "Operating Expense": 30900000.0,
        "Provision For Doubtful Accounts": 700000.0,
        "Depreciation Amortization Depletion Income Statement": 200000.0,
        "Depreciation And Amortization In Income Statement": 200000.0,
        "Amortization": 200000.0,
        "Amortization Of Intangibles Income Statement": 200000.0,
        "Selling General And Administration": 30000000.0,
        "General And Administrative Expense": 30000000.0,
        "Other Gand A": 8600000.0,
        "Insurance And Claims": 8800000.0,
        "Salaries And Wages": 12600000.0,
        "Gross Profit": -109000000.0,
        "Cost Of Revenue": 626100000.0,
        "Total Revenue": 517100000.0,
        "Operating Revenue": 517100000.0
    },
    "2024-12-31": {
        "Tax Effect Of Unusual Items": NaN,
        "Tax Rate For Calcs": NaN,
        "Normalized EBITDA": NaN,
        "Total Unusual Items": NaN,
        "Total Unusual Items Excluding Goodwill": NaN,
        "Net Income From Continuing Operation Net Minority Interest": NaN,
        "Reconciled Depreciation": NaN,
        "Reconciled Cost Of Revenue": NaN,
        "EBITDA": NaN,
        "EBIT": NaN,
        "Net Interest Income": NaN,
        "Interest Expense": NaN,
        "Interest Income": NaN,
        "Normalized Income": NaN,
        "Net Income From Continuing And Discontinued Operation": NaN,
        "Total Expenses": NaN,
        "Total Operating Income As Reported": NaN,
        "Diluted Average Shares": 109016393.0,
        "Basic Average Shares": 109016393.0,
        "Diluted EPS": -0.61,
        "Basic EPS": -0.61,
        "Diluted NI Availto Com Stockholders": NaN,
        "Average Dilution Earnings": NaN,
        "Net Income Common Stockholders": NaN,
        "Net Income": NaN,
        "Net Income Including Noncontrolling Interests": NaN,
        "Net Income Continuous Operations": NaN,
        "Tax Provision": NaN,
        "Pretax Income": NaN,
        "Other Income Expense": NaN,
        "Other Non Operating Income Expenses": NaN,
        "Special Income Charges": NaN,
        "Other Special Charges": NaN,
        "Write Off": NaN,
        "Restructuring And Mergern Acquisition": NaN,
        "Gain On Sale Of Security": NaN,
        "Net Non Operating Interest Income Expense": NaN,
        "Total Other Finance Cost": NaN,
        "Interest Expense Non Operating": NaN,
        "Interest Income Non Operating": NaN,
        "Operating Income": NaN,
        "Operating Expense": NaN,
        "Provision For Doubtful Accounts": NaN,
        "Depreciation Amortization Depletion Income Statement": NaN,
        "Depreciation And Amortization In Income Statement": NaN,
        "Amortization": NaN,
        "Amortization Of Intangibles Income Statement": NaN,
        "Selling General And Administration": NaN,
        "General And Administrative Expense": NaN,
        "Other Gand A": NaN,
        "Insurance And Claims": NaN,
        "Salaries And Wages": NaN,
        "Gross Profit": NaN,
        "Cost Of Revenue": NaN,
        "Total Revenue": NaN,
        "Operating Revenue": NaN
    },
    "2025-06-30": {
        "Tax Effect Of Unusual Items": -9356338.983051,
        "Tax Rate For Calcs": 0.250169,
        "Normalized EBITDA": -50200000.0,
        "Total Unusual Items": -37400000.0,
        "Total Unusual Items Excluding Goodwill": -37400000.0,
        "Net Income From Continuing Operation Net Minority Interest": -110600000.0,
        "Reconciled Depreciation": 38200000.0,
        "Reconciled Cost Of Revenue": 605800000.0,
        "EBITDA": -87600000.0,
        "EBIT": -125800000.0,
        "Net Interest Income": -19900000.0,
        "Interest Expense": 21700000.0,
        "Interest Income": 2500000.0,
        "Normalized Income": -82556338.983051,
        "Net Income From Continuing And Discontinued Operation": -110600000.0,
        "Total Expenses": 674800000.0,
        "Total Operating Income As Reported": -85100000.0,
        "Diluted Average Shares": 108600000.0,
        "Basic Average Shares": 108600000.0,
        "Diluted EPS": -1.02,
        "Basic EPS": -1.02,
        "Diluted NI Availto Com Stockholders": -110600000.0,
        "Average Dilution Earnings": 0.0,
        "Net Income Common Stockholders": -110600000.0,
        "Net Income": -110600000.0,
        "Net Income Including Noncontrolling Interests": -110600000.0,
        "Net Income Continuous Operations": -110600000.0,
        "Tax Provision": -36900000.0,
        "Pretax Income": -147500000.0,
        "Other Income Expense": -42500000.0,
        "Other Non Operating Income Expenses": -5100000.0,
        "Special Income Charges": -1300000.0,
        "Other Special Charges": NaN,
        "Write Off": NaN,
        "Restructuring And Mergern Acquisition": 1300000.0,
        "Gain On Sale Of Security": -36100000.0,
        "Net Non Operating Interest Income Expense": -19900000.0,
        "Total Other Finance Cost": 700000.0,
        "Interest Expense Non Operating": 21700000.0,
        "Interest Income Non Operating": 2500000.0,
        "Operating Income": -85100000.0,
        "Operating Expense": 31000000.0,
        "Provision For Doubtful Accounts": -500000.0,
        "Depreciation Amortization Depletion Income Statement": 200000.0,
        "Depreciation And Amortization In Income Statement": 200000.0,
        "Amortization": 200000.0,
        "Amortization Of Intangibles Income Statement": 200000.0,
        "Selling General And Administration": 31300000.0,
        "General And Administrative Expense": 31300000.0,
        "Other Gand A": 8000000.0,
        "Insurance And Claims": 8900000.0,
        "Salaries And Wages": 14400000.0,
        "Gross Profit": -54100000.0,
        "Cost Of Revenue": 643800000.0,
        "Total Revenue": 589700000.0,
        "Operating Revenue": 589700000.0
    },
    "2025-09-30": {
        "Tax Effect Of Unusual Items": -109529074.191503,
        "Tax Rate For Calcs": 0.230977,
        "Normalized EBITDA": -93400000.0,
        "Total Unusual Items": -474200000.0,
        "Total Unusual Items Excluding Goodwill": -474200000.0,
        "Net Income From Continuing Operation Net Minority Interest": -485100000.0,
        "Reconciled Depreciation": 43400000.0,
        "Reconciled Cost Of Revenue": 597600000.0,
        "EBITDA": -567600000.0,
        "EBIT": -611000000.0,
        "Net Interest Income": -19300000.0,
        "Interest Expense": 19800000.0,
        "Interest Income": 1100000.0,
        "Normalized Income": -120429074.191503,
        "Net Income From Continuing And Discontinued Operation": -485100000.0,
        "Total Expenses": 672000000.0,
        "Total Operating Income As Reported": -651500000.0,
        "Diluted Average Shares": 108700000.0,
        "Basic Average Shares": 108700000.0,
        "Diluted EPS": -4.46,
        "Basic EPS": -4.46,
        "Diluted NI Availto Com Stockholders": -485100000.0,
        "Average Dilution Earnings": 0.0,
        "Net Income Common Stockholders": -485100000.0,
        "Net Income": -485100000.0,
        "Net Income Including Noncontrolling Interests": -485100000.0,
        "Net Income Continuous Operations": -485100000.0,
        "Tax Provision": -145700000.0,
        "Pretax Income": -630800000.0,
        "Other Income Expense": -462800000.0,
        "Other Non Operating Income Expenses": 11400000.0,
        "Special Income Charges": -500400000.0,
        "Other Special Charges": NaN,
        "Write Off": 503400000.0,
        "Restructuring And Mergern Acquisition": -3000000.0,
        "Gain On Sale Of Security": 26200000.0,
        "Net Non Operating Interest Income Expense": -19300000.0,
        "Total Other Finance Cost": 600000.0,
        "Interest Expense Non Operating": 19800000.0,
        "Interest Income Non Operating": 1100000.0,
        "Operating Income": -148100000.0,
        "Operating Expense": 31200000.0,
        "Provision For Doubtful Accounts": 0.0,
        "Depreciation Amortization Depletion Income Statement": 200000.0,
        "Depreciation And Amortization In Income Statement": 200000.0,
        "Amortization": 200000.0,
        "Amortization Of Intangibles Income Statement": 200000.0,
        "Selling General And Administration": 31000000.0,
        "General And Administrative Expense": 31000000.0,
        "Other Gand A": 6700000.0,
        "Insurance And Claims": 9400000.0,
        "Salaries And Wages": 14900000.0,
        "Gross Profit": -116900000.0,
        "Cost Of Revenue": 640800000.0,
        "Total Revenue": 523900000.0,
        "Operating Revenue": 523900000.0
    }
}