{
    "2023-03-31": {
        "Tax Effect Of Unusual Items": NaN,
        "Tax Rate For Calcs": NaN,
        "Normalized EBITDA": NaN,
        "Total Unusual Items": NaN,
        "Total Unusual Items Excluding Goodwill": NaN,
        "Net Income From Continuing Operation Net Minority Interest": NaN,
        "Reconciled Depreciation": NaN,
        "Reconciled Cost Of Revenue": 0.0,
        "EBITDA": NaN,
        "EBIT": NaN,
        "Net Interest Income": NaN,
        "Normalized Income": NaN,
        "Net Income From Continuing And Discontinued Operation": NaN,
        "Total Expenses": NaN,
        "Diluted Average Shares": NaN,
        "Basic Average Shares": NaN,
        "Diluted EPS": NaN,
        "Basic EPS": NaN,
        "Diluted NI Availto Com Stockholders": NaN,
        "Net Income Common Stockholders": NaN,
        "Net Income": NaN,
        "Minority Interests": NaN,
        "Net Income Including Noncontrolling Interests": NaN,
        "Net Income Continuous Operations": NaN,
        "Tax Provision": NaN,
        "Pretax Income": NaN,
        "Other Income Expense": NaN,
        "Other Non Operating Income Expenses": NaN,
        "Gain On Sale Of Security": NaN,
        "Net Non Operating Interest Income Expense": NaN,
        "Total Other Finance Cost": NaN,
        "Operating Income": NaN,
        "Operating Expense": NaN,
        "Depreciation Amortization Depletion Income Statement": NaN,
        "Depreciation And Amortization In Income Statement": NaN,
        "Research And Development": NaN,
        "Selling General And Administration": NaN,
        "General And Administrative Expense": NaN,
        "Other Gand A": NaN,
        "Gross Profit": 0.0,
        "Cost Of Revenue": 0.0,
        "Total Revenue": NaN,
        "Operating Revenue": NaN
    },
    "2022-12-31": {
        "Tax Effect Of Unusual Items": NaN,
        "Tax Rate For Calcs": NaN,
        "Normalized EBITDA": NaN,
        "Total Unusual Items": NaN,
        "Total Unusual Items Excluding Goodwill": NaN,
        "Net Income From Continuing Operation Net Minority Interest": NaN,
        "Reconciled Depreciation": NaN,
        "Reconciled Cost Of Revenue": 0.0,
        "EBITDA": NaN,
        "EBIT": NaN,
        "Net Interest Income": NaN,
        "Normalized Income": NaN,
        "Net Income From Continuing And Discontinued Operation": NaN,
        "Total Expenses": NaN,
        "Diluted Average Shares": NaN,
        "Basic Average Shares": NaN,
        "Diluted EPS": NaN,
        "Basic EPS": NaN,
        "Diluted NI Availto Com Stockholders": NaN,
        "Net Income Common Stockholders": NaN,
        "Net Income": NaN,
        "Minority Interests": NaN,
        "Net Income Including Noncontrolling Interests": NaN,
        "Net Income Continuous Operations": NaN,
        "Tax Provision": NaN,
        "Pretax Income": NaN,
        "Other Income Expense": NaN,
        "Other Non Operating Income Expenses": NaN,
        "Gain On Sale Of Security": NaN,
        "Net Non Operating Interest Income Expense": NaN,
        "Total Other Finance Cost": NaN,
        "Operating Income": NaN,
        "Operating Expense": NaN,
        "Depreciation Amortization Depletion Income Statement": NaN,
        "Depreciation And Amortization In Income Statement": NaN,
        "Research And Development": NaN,
        "Selling General And Administration": NaN,
        "General And Administrative Expense": NaN,
        "Other Gand A": NaN,
        "Gross Profit": 0.0,
        "Cost Of Revenue": 0.0,
        "Total Revenue": NaN,
        "Operating Revenue": NaN
    },
    "2022-09-30": {
        "Tax Effect Of Unusual Items": NaN,
        "Tax Rate For Calcs": NaN,
        "Normalized EBITDA": NaN,
        "Total Unusual Items": NaN,
        "Total Unusual Items Excluding Goodwill": NaN,
        "Net Income From Continuing Operation Net Minority Interest": NaN,
        "Reconciled Depreciation": NaN,
        "Reconciled Cost Of Revenue": NaN,
        "EBITDA": NaN,
        "EBIT": NaN,
        "Net Interest Income": NaN,
        "Normalized Income": NaN,
        "Net Income From Continuing And Discontinued Operation": NaN,
        "Total Expenses": NaN,
        "Diluted Average Shares": 53233552.0,
        "Basic Average Shares": 53233552.0,
        "Diluted EPS": -0.18,
        "Basic EPS": -0.18,
        "Diluted NI Availto Com Stockholders": NaN,
        "Net Income Common Stockholders": NaN,
        "Net Income": NaN,
        "Minority Interests": NaN,
        "Net Income Including Noncontrolling Interests": NaN,
        "Net Income Continuous Operations": NaN,
        "Tax Provision": NaN,
        "Pretax Income": NaN,
        "Other Income Expense": NaN,
        "Other Non Operating Income Expenses": NaN,
        "Gain On Sale Of Security": NaN,
        "Net Non Operating Interest Income Expense": NaN,
        "Total Other Finance Cost": NaN,
        "Operating Income": NaN,
        "Operating Expense": NaN,
        "Depreciation Amortization Depletion Income Statement": NaN,
        "Depreciation And Amortization In Income Statement": NaN,
        "Research And Development": NaN,
        "Selling General And Administration": NaN,
        "General And Administrative Expense": NaN,
        "Other Gand A": NaN,
        "Gross Profit": NaN,
        "Cost Of Revenue": NaN,
        "Total Revenue": NaN,
        "Operating Revenue": NaN
    },
    "2022-06-30": {
        "Tax Effect Of Unusual Items": 9219600.0,
        "Tax Rate For Calcs": 0.4,
        "Normalized EBITDA": -52206000.0,
        "Total Unusual Items": 23049000.0,
        "Total Unusual Items Excluding Goodwill": 23049000.0,
        "Net Income From Continuing Operation Net Minority Interest": -2924000.0,
        "Reconciled Depreciation": 1185000.0,
        "Reconciled Cost Of Revenue": 2202000.0,
        "EBITDA": -29157000.0,
        "EBIT": -30342000.0,
        "Normalized Income": -16753400.0,
        "Net Income From Continuing And Discontinued Operation": -2924000.0,
        "Total Expenses": 37606000.0,
        "Diluted Average Shares": 51868658.0,
        "Basic Average Shares": 51868658.0,
        "Diluted EPS": -0.06,
        "Basic EPS": -0.06,
        "Diluted NI Availto Com Stockholders": -2924000.0,
        "Net Income Common Stockholders": -2924000.0,
        "Net Income": -2924000.0,
        "Minority Interests": 5144000.0,
        "Net Income Including Noncontrolling Interests": -8068000.0,
        "Net Income Continuous Operations": -8068000.0,
        "Tax Provision": 96000.0,
        "Pretax Income": -7972000.0,
        "Other Income Expense": 22370000.0,
        "Other Non Operating Income Expenses": -679000.0,
        "Gain On Sale Of Security": 23049000.0,
        "Operating Income": -30342000.0,
        "Operating Expense": 35404000.0,
        "Other Operating Expenses": 11999000.0,
        "Depreciation Amortization Depletion Income Statement": 1185000.0,
        "Depreciation And Amortization In Income Statement": 1185000.0,
        "Research And Development": 21144000.0,
        "Selling General And Administration": 13075000.0,
        "General And Administrative Expense": 13075000.0,
        "Other Gand A": 13075000.0,
        "Gross Profit": 5062000.0,
        "Cost Of Revenue": 2202000.0,
        "Total Revenue": 7264000.0,
        "Operating Revenue": 7264000.0
    },
    "2022-03-31": {
        "Diluted EPS": -0.21,
        "Total Revenue": 2,
        "Gross Profit": 0,
        "Operating Income": -32,
        "EBIT": -31,
        "Net Income": -11
    },
    "2021-12-31": {
        "Diluted EPS": -0.05,
        "Total Revenue": 6,
        "Gross Profit": 3,
        "Operating Income": -28,
        "EBIT": -28,
        "Net Income": 8
    },
    "2021-09-30": {
        "Diluted EPS": 0.07,
        "Total Revenue": 2,
        "Gross Profit": 0,
        "Operating Income": -23,
        "EBIT": -22,
        "Net Income": 4
    },
    "2021-06-30": {
        "Diluted EPS": -0.39,
        "Total Revenue": 3,
        "Gross Profit": 2,
        "Operating Income": -23,
        "EBIT": -23,
        "Net Income": -20
    },
    "2021-03-31": {
        "Diluted EPS": 0.0,
        "Total Revenue": 1,
        "Gross Profit": 0,
        "Operating Income": -12,
        "EBIT": -11,
        "Net Income": -12
    },
    "2020-12-31": {
        "Diluted EPS": 0.0,
        "Total Revenue": 3,
        "Gross Profit": 2,
        "Operating Income": -13,
        "EBIT": -13,
        "Net Income": -21
    },
    "2020-09-30": {
        "Diluted EPS": 0.0,
        "Total Revenue": 2,
        "Gross Profit": 1,
        "Operating Income": -5,
        "EBIT": -5,
        "Net Income": -6
    },
    "2020-06-30": {
        "Diluted EPS": 0.0,
        "Total Revenue": 0,
        "Gross Profit": 0,
        "Operating Income": -6,
        "EBIT": -6,
        "Net Income": -6
    },
    "2020-03-31": {
        "Diluted EPS": 0.8,
        "Total Revenue": NaN,
        "Gross Profit": NaN,
        "Operating Income": 0,
        "EBIT": 0,
        "Net Income": 8
    },
    "2019-12-31": {
        "Diluted EPS": 0.0,
        "Total Revenue": NaN,
        "Gross Profit": NaN,
        "Operating Income": NaN,
        "EBIT": NaN,
        "Net Income": NaN
    },
    "2019-09-30": {
        "Diluted EPS": -0.02,
        "Total Revenue": NaN,
        "Gross Profit": NaN,
        "Operating Income": 0,
        "EBIT": 0,
        "Net Income": 0
    },
    "2023-06-30": {
        "Tax Effect Of Unusual Items": NaN,
        "Tax Rate For Calcs": NaN,
        "Normalized EBITDA": NaN,
        "Total Unusual Items": NaN,
        "Total Unusual Items Excluding Goodwill": NaN,
        "Net Income From Continuing Operation Net Minority Interest": NaN,
        "Reconciled Depreciation": NaN,
        "Reconciled Cost Of Revenue": 0.0,
        "EBITDA": NaN,
        "EBIT": NaN,
        "Net Interest Income": NaN,
        "Normalized Income": NaN,
        "Net Income From Continuing And Discontinued Operation": NaN,
        "Total Expenses": NaN,
        "Diluted Average Shares": 75640650.0,
        "Basic Average Shares": 75640650.0,
        "Diluted EPS": -0.24,
        "Basic EPS": -0.24,
        "Diluted NI Availto Com Stockholders": NaN,
        "Net Income Common Stockholders": NaN,
        "Net Income": NaN,
        "Minority Interests": NaN,
        "Net Income Including Noncontrolling Interests": NaN,
        "Net Income Continuous Operations": NaN,
        "Tax Provision": NaN,
        "Pretax Income": NaN,
        "Other Income Expense": NaN,
        "Other Non Operating Income Expenses": NaN,
        "Gain On Sale Of Security": NaN,
        "Net Non Operating Interest Income Expense": NaN,
        "Total Other Finance Cost": -1724000.0,
        "Operating Income": NaN,
        "Operating Expense": NaN,
        "Depreciation Amortization Depletion Income Statement": NaN,
        "Depreciation And Amortization In Income Statement": NaN,
        "Research And Development": NaN,
        "Selling General And Administration": NaN,
        "General And Administrative Expense": NaN,
        "Other Gand A": NaN,
        "Gross Profit": 0.0,
        "Cost Of Revenue": 0.0,
        "Total Revenue": NaN,
        "Operating Revenue": NaN
    },
    "2023-09-30": {
        "Tax Effect Of Unusual Items": NaN,
        "Tax Rate For Calcs": NaN,
        "Normalized EBITDA": NaN,
        "Total Unusual Items": NaN,
        "Total Unusual Items Excluding Goodwill": NaN,
        "Net Income From Continuing Operation Net Minority Interest": NaN,
        "Reconciled Depreciation": NaN,
        "Reconciled Cost Of Revenue": 0.0,
        "EBITDA": NaN,
        "EBIT": NaN,
        "Net Interest Income": NaN,
        "Interest Expense": NaN,
        "Interest Income": NaN,
        "Normalized Income": NaN,
        "Net Income From Continuing And Discontinued Operation": NaN,
        "Total Expenses": NaN,
        "Diluted Average Shares": 89514621.0,
        "Basic Average Shares": 89514621.0,
        "Diluted EPS": -0.23,
        "Basic EPS": -0.23,
        "Diluted NI Availto Com Stockholders": NaN,
        "Net Income Common Stockholders": NaN,
        "Net Income": NaN,
        "Minority Interests": NaN,
        "Net Income Including Noncontrolling Interests": NaN,
        "Net Income Continuous Operations": NaN,
        "Tax Provision": NaN,
        "Pretax Income": NaN,
        "Other Income Expense": NaN,
        "Other Non Operating Income Expenses": NaN,
        "Gain On Sale Of Security": NaN,
        "Net Non Operating Interest Income Expense": NaN,
        "Total Other Finance Cost": -495000.0,
        "Interest Expense Non Operating": NaN,
        "Interest Income Non Operating": NaN,
        "Operating Income": NaN,
        "Operating Expense": NaN,
        "Depreciation Amortization Depletion Income Statement": NaN,
        "Depreciation And Amortization In Income Statement": NaN,
        "Research And Development": NaN,
        "Selling General And Administration": NaN,
        "General And Administrative Expense": NaN,
        "Other Gand A": NaN,
        "Gross Profit": 0.0,
        "Cost Of Revenue": 0.0,
        "Total Revenue": NaN,
        "Operating Revenue": NaN
    },
    "2023-12-31": {
        "Tax Effect Of Unusual Items": NaN,
        "Tax Rate For Calcs": NaN,
        "Normalized EBITDA": NaN,
        "Total Unusual Items": NaN,
        "Total Unusual Items Excluding Goodwill": NaN,
        "Net Income From Continuing Operation Net Minority Interest": NaN,
        "Reconciled Depreciation": NaN,
        "Reconciled Cost Of Revenue": 0.0,
        "EBITDA": NaN,
        "EBIT": NaN,
        "Net Interest Income": NaN,
        "Interest Expense": NaN,
        "Interest Income": NaN,
        "Normalized Income": NaN,
        "Net Income From Continuing And Discontinued Operation": NaN,
        "Total Expenses": NaN,
        "Diluted Average Shares": NaN,
        "Basic Average Shares": NaN,
        "Diluted EPS": NaN,
        "Basic EPS": NaN,
        "Diluted NI Availto Com Stockholders": NaN,
        "Net Income Common Stockholders": NaN,
        "Net Income": NaN,
        "Minority Interests": NaN,
        "Net Income Including Noncontrolling Interests": NaN,
        "Net Income Continuous Operations": NaN,
        "Tax Provision": NaN,
        "Pretax Income": NaN,
        "Other Income Expense": NaN,
        "Other Non Operating Income Expenses": NaN,
        "Gain On Sale Of Security": NaN,
        "Net Non Operating Interest Income Expense": NaN,
        "Total Other Finance Cost": NaN,
        "Interest Expense Non Operating": NaN,
        "Interest Income Non Operating": NaN,
        "Operating Income": NaN,
        "Operating Expense": NaN,
        "Depreciation Amortization Depletion Income Statement": NaN,
        "Depreciation And Amortization In Income Statement": NaN,
        "Research And Development": NaN,
        "Selling General And Administration": NaN,
        "General And Administrative Expense": NaN,
        "Other Gand A": NaN,
        "Gross Profit": 0.0,
        "Cost Of Revenue": 0.0,
        "Total Revenue": NaN,
        "Operating Revenue": NaN
    },
    "2024-03-31": {
        "Tax Effect Of Unusual Items": NaN,
        "Tax Rate For Calcs": NaN,
        "Normalized EBITDA": NaN,
        "Total Unusual Items": NaN,
        "Total Unusual Items Excluding Goodwill": NaN,
        "Net Income From Continuing Operation Net Minority Interest": NaN,
        "Reconciled Depreciation": NaN,
        "Reconciled Cost Of Revenue": NaN,
        "EBITDA": NaN,
        "EBIT": NaN,
        "Net Interest Income": NaN,
        "Interest Expense": NaN,
        "Interest Income": NaN,
        "Normalized Income": NaN,
        "Net Income From Continuing And Discontinued Operation": NaN,
        "Total Expenses": NaN,
        "Diluted Average Shares": NaN,
        "Basic Average Shares": NaN,
        "Diluted EPS": NaN,
        "Basic EPS": NaN,
        "Diluted NI Availto Com Stockholders": NaN,
        "Net Income Common Stockholders": NaN,
        "Net Income": NaN,
        "Minority Interests": NaN,
        "Net Income Including Noncontrolling Interests": NaN,
        "Net Income Continuous Operations": NaN,
        "Tax Provision": NaN,
        "Pretax Income": NaN,
        "Other Income Expense": NaN,
        "Other Non Operating Income Expenses": NaN,
        "Gain On Sale Of Security": NaN,
        "Net Non Operating Interest Income Expense": NaN,
        "Total Other Finance Cost": 2222000.0,
        "Interest Expense Non Operating": NaN,
        "Interest Income Non Operating": NaN,
        "Operating Income": NaN,
        "Operating Expense": NaN,
        "Depreciation Amortization Depletion Income Statement": NaN,
        "Depreciation And Amortization In Income Statement": NaN,
        "Research And Development": NaN,
        "Selling General And Administration": NaN,
        "General And Administrative Expense": NaN,
        "Other Gand A": NaN,
        "Gross Profit": NaN,
        "Cost Of Revenue": NaN,
        "Total Revenue": NaN,
        "Operating Revenue": NaN
    },
    "2024-06-30": {
        "Tax Effect Of Unusual Items": NaN,
        "Tax Rate For Calcs": NaN,
        "Normalized EBITDA": NaN,
        "Total Unusual Items": NaN,
        "Total Unusual Items Excluding Goodwill": NaN,
        "Net Income From Continuing Operation Net Minority Interest": NaN,
        "Reconciled Depreciation": NaN,
        "Reconciled Cost Of Revenue": NaN,
        "EBITDA": NaN,
        "EBIT": NaN,
        "Net Interest Income": NaN,
        "Interest Expense": 4936000.0,
        "Interest Income": 2698000.0,
        "Normalized Income": NaN,
        "Net Income From Continuing And Discontinued Operation": NaN,
        "Total Expenses": NaN,
        "Diluted Average Shares": 141185500.0,
        "Basic Average Shares": 141185500.0,
        "Diluted EPS": -0.51,
        "Basic EPS": -0.51,
        "Diluted NI Availto Com Stockholders": NaN,
        "Net Income Common Stockholders": NaN,
        "Net Income": NaN,
        "Minority Interests": NaN,
        "Net Income Including Noncontrolling Interests": NaN,
        "Net Income Continuous Operations": NaN,
        "Tax Provision": NaN,
        "Pretax Income": NaN,
        "Other Income Expense": NaN,
        "Other Non Operating Income Expenses": NaN,
        "Gain On Sale Of Security": NaN,
        "Net Non Operating Interest Income Expense": NaN,
        "Total Other Finance Cost": 2238000.0,
        "Interest Expense Non Operating": 4936000.0,
        "Interest Income Non Operating": 2698000.0,
        "Operating Income": NaN,
        "Operating Expense": NaN,
        "Depreciation Amortization Depletion Income Statement": NaN,
        "Depreciation And Amortization In Income Statement": NaN,
        "Research And Development": NaN,
        "Selling General And Administration": NaN,
        "General And Administrative Expense": NaN,
        "Other Gand A": NaN,
        "Gross Profit": NaN,
        "Cost Of Revenue": NaN,
        "Total Revenue": NaN,
        "Operating Revenue": NaN
    },
    "2024-09-30": {
        "Tax Effect Of Unusual Items": -49751520.0,
        "Tax Rate For Calcs": 0.21,
        "Normalized EBITDA": -45578000.0,
        "Total Unusual Items": -236912000.0,
        "Total Unusual Items Excluding Goodwill": -236912000.0,
        "Net Income From Continuing Operation Net Minority Interest": -171946000.0,
        "Reconciled Depreciation": 14544000.0,
        "Reconciled Cost Of Revenue": 0.0,
        "EBITDA": -282490000.0,
        "EBIT": -297034000.0,
        "Net Interest Income": -1386000.0,
        "Interest Expense": 5400000.0,
        "Interest Income": 4014000.0,
        "Normalized Income": 15214480.0,
        "Net Income From Continuing And Discontinued Operation": -171946000.0,
        "Total Expenses": 66646000.0,
        "Diluted Average Shares": 155644888.0,
        "Basic Average Shares": 155644888.0,
        "Diluted EPS": -1.1,
        "Basic EPS": -1.1,
        "Diluted NI Availto Com Stockholders": -171946000.0,
        "Net Income Common Stockholders": -171946000.0,
        "Net Income": -171946000.0,
        "Minority Interests": 131134000.0,
        "Net Income Including Noncontrolling Interests": -303080000.0,
        "Net Income Continuous Operations": -303080000.0,
        "Tax Provision": 646000.0,
        "Pretax Income": -302434000.0,
        "Other Income Expense": -235502000.0,
        "Other Non Operating Income Expenses": 1410000.0,
        "Gain On Sale Of Security": -236912000.0,
        "Net Non Operating Interest Income Expense": -1386000.0,
        "Total Other Finance Cost": 1386000.0,
        "Interest Expense Non Operating": 5400000.0,
        "Interest Income Non Operating": 4014000.0,
        "Operating Income": -65546000.0,
        "Operating Expense": 66646000.0,
        "Depreciation Amortization Depletion Income Statement": 14543000.0,
        "Depreciation And Amortization In Income Statement": 14543000.0,
        "Research And Development": 36552000.0,
        "Selling General And Administration": 15551000.0,
        "General And Administrative Expense": 15551000.0,
        "Other Gand A": 15551000.0,
        "Gross Profit": 1100000.0,
        "Cost Of Revenue": 0.0,
        "Total Revenue": 1100000.0,
        "Operating Revenue": 1100000.0
    },
    "2024-12-31": {
        "Tax Effect Of Unusual Items": 1102290.0,
        "Tax Rate For Calcs": 0.21,
        "Normalized EBITDA": -319072000.0,
        "Total Unusual Items": 5249000.0,
        "Total Unusual Items Excluding Goodwill": 5249000.0,
        "Net Income From Continuing Operation Net Minority Interest": -35857000.0,
        "Reconciled Depreciation": 8460000.0,
        "Reconciled Cost Of Revenue": NaN,
        "EBITDA": -313823000.0,
        "EBIT": -322283000.0,
        "Net Interest Income": 1329000.0,
        "Interest Expense": NaN,
        "Interest Income": NaN,
        "Normalized Income": -40003710.0,
        "Net Income From Continuing And Discontinued Operation": -35857000.0,
        "Total Expenses": 60642000.0,
        "Diluted Average Shares": NaN,
        "Basic Average Shares": NaN,
        "Diluted EPS": NaN,
        "Basic EPS": NaN,
        "Diluted NI Availto Com Stockholders": -35857000.0,
        "Net Income Common Stockholders": -35857000.0,
        "Net Income": -35857000.0,
        "Minority Interests": 16239000.0,
        "Net Income Including Noncontrolling Interests": -52096000.0,
        "Net Income Continuous Operations": -52096000.0,
        "Tax Provision": 156000.0,
        "Pretax Income": -51940000.0,
        "Other Income Expense": 5455000.0,
        "Other Non Operating Income Expenses": 206000.0,
        "Gain On Sale Of Security": 16212000.0,
        "Net Non Operating Interest Income Expense": 1329000.0,
        "Total Other Finance Cost": NaN,
        "Interest Expense Non Operating": NaN,
        "Interest Income Non Operating": NaN,
        "Operating Income": -58724000.0,
        "Operating Expense": 60642000.0,
        "Depreciation Amortization Depletion Income Statement": 8460000.0,
        "Depreciation And Amortization In Income Statement": 8460000.0,
        "Research And Development": 36293000.0,
        "Selling General And Administration": 15889000.0,
        "General And Administrative Expense": 15889000.0,
        "Other Gand A": 15889000.0,
        "Gross Profit": NaN,
        "Cost Of Revenue": NaN,
        "Total Revenue": 1918000.0,
        "Operating Revenue": 1918000.0
    },
    "2025-03-31": {
        "Tax Effect Of Unusual Items": -8335.6,
        "Tax Rate For Calcs": 0.0026,
        "Normalized EBITDA": -44560000.0,
        "Total Unusual Items": -3206000.0,
        "Total Unusual Items Excluding Goodwill": -3206000.0,
        "Net Income From Continuing Operation Net Minority Interest": -45706000.0,
        "Reconciled Depreciation": 10958000.0,
        "Reconciled Cost Of Revenue": NaN,
        "EBITDA": -47766000.0,
        "EBIT": -58724000.0,
        "Net Interest Income": 3460000.0,
        "Interest Expense": 4736000.0,
        "Interest Income": 8196000.0,
        "Normalized Income": -42508335.6,
        "Net Income From Continuing And Discontinued Operation": -45706000.0,
        "Total Expenses": 63681000.0,
        "Diluted Average Shares": 223974396.0,
        "Basic Average Shares": 223974396.0,
        "Diluted EPS": -0.2,
        "Basic EPS": -0.2,
        "Diluted NI Availto Com Stockholders": -45706000.0,
        "Net Income Common Stockholders": -45706000.0,
        "Net Income": -45706000.0,
        "Minority Interests": 17922000.0,
        "Net Income Including Noncontrolling Interests": -63628000.0,
        "Net Income Continuous Operations": -63628000.0,
        "Tax Provision": 168000.0,
        "Pretax Income": -63460000.0,
        "Other Income Expense": -3957000.0,
        "Other Non Operating Income Expenses": -751000.0,
        "Gain On Sale Of Security": -3206000.0,
        "Net Non Operating Interest Income Expense": 3460000.0,
        "Total Other Finance Cost": NaN,
        "Interest Expense Non Operating": 4736000.0,
        "Interest Income Non Operating": 8196000.0,
        "Operating Income": -62963000.0,
        "Operating Expense": 63681000.0,
        "Depreciation Amortization Depletion Income Statement": 10958000.0,
        "Depreciation And Amortization In Income Statement": 10958000.0,
        "Research And Development": 34339000.0,
        "Selling General And Administration": 18384000.0,
        "General And Administrative Expense": 18384000.0,
        "Other Gand A": 18384000.0,
        "Gross Profit": NaN,
        "Cost Of Revenue": NaN,
        "Total Revenue": 718000.0,
        "Operating Revenue": 718000.0
    },
    "2025-06-30": {
        "Tax Effect Of Unusual Items": -13656720.0,
        "Tax Rate For Calcs": 0.21,
        "Normalized EBITDA": -52752000.0,
        "Total Unusual Items": -65032000.0,
        "Total Unusual Items Excluding Goodwill": -65032000.0,
        "Net Income From Continuing Operation Net Minority Interest": -99394000.0,
        "Reconciled Depreciation": 11720000.0,
        "Reconciled Cost Of Revenue": NaN,
        "EBITDA": -117784000.0,
        "EBIT": -129504000.0,
        "Net Interest Income": 2360000.0,
        "Interest Expense": 5657000.0,
        "Interest Income": 8017000.0,
        "Normalized Income": -48018720.0,
        "Net Income From Continuing And Discontinued Operation": -99394000.0,
        "Total Expenses": 73953000.0,
        "Diluted Average Shares": 241985507.0,
        "Basic Average Shares": 241985507.0,
        "Diluted EPS": -0.41,
        "Basic EPS": -0.41,
        "Diluted NI Availto Com Stockholders": -99394000.0,
        "Net Income Common Stockholders": -99394000.0,
        "Net Income": -99394000.0,
        "Minority Interests": 36509000.0,
        "Net Income Including Noncontrolling Interests": -135903000.0,
        "Net Income Continuous Operations": -135903000.0,
        "Tax Provision": 742000.0,
        "Pretax Income": -135161000.0,
        "Other Income Expense": -64724000.0,
        "Other Non Operating Income Expenses": 308000.0,
        "Gain On Sale Of Security": -65032000.0,
        "Net Non Operating Interest Income Expense": 2360000.0,
        "Total Other Finance Cost": NaN,
        "Interest Expense Non Operating": 5657000.0,
        "Interest Income Non Operating": 8017000.0,
        "Operating Income": -72797000.0,
        "Operating Expense": 73953000.0,
        "Depreciation Amortization Depletion Income Statement": 11720000.0,
        "Depreciation And Amortization In Income Statement": 11720000.0,
        "Research And Development": 34991000.0,
        "Selling General And Administration": 27242000.0,
        "General And Administrative Expense": 27242000.0,
        "Other Gand A": 27242000.0,
        "Gross Profit": NaN,
        "Cost Of Revenue": NaN,
        "Total Revenue": 1156000.0,
        "Operating Revenue": 1156000.0
    },
    "2025-09-30": {
        "Tax Effect Of Unusual Items": 616980.0,
        "Tax Rate For Calcs": 0.21,
        "Normalized EBITDA": -146130000.0,
        "Total Unusual Items": 2938000.0,
        "Total Unusual Items Excluding Goodwill": 2938000.0,
        "Net Income From Continuing Operation Net Minority Interest": -122874000.0,
        "Reconciled Depreciation": 12716000.0,
        "Reconciled Cost Of Revenue": 5511000.0,
        "EBITDA": -143192000.0,
        "EBIT": -155908000.0,
        "Net Interest Income": 4694000.0,
        "Interest Expense": 7545000.0,
        "Interest Income": 12239000.0,
        "Normalized Income": -125195020.0,
        "Net Income From Continuing And Discontinued Operation": -122874000.0,
        "Total Expenses": 94415000.0,
        "Diluted Average Shares": 272831168.0,
        "Basic Average Shares": 272831168.0,
        "Diluted EPS": -0.45,
        "Basic EPS": -0.45,
        "Diluted NI Availto Com Stockholders": -122874000.0,
        "Net Income Common Stockholders": -122874000.0,
        "Net Income": -122874000.0,
        "Minority Interests": 40953000.0,
        "Net Income Including Noncontrolling Interests": -163827000.0,
        "Net Income Continuous Operations": -163827000.0,
        "Tax Provision": 374000.0,
        "Pretax Income": -163453000.0,
        "Other Income Expense": -88471000.0,
        "Other Non Operating Income Expenses": -91409000.0,
        "Gain On Sale Of Security": 2938000.0,
        "Net Non Operating Interest Income Expense": 4694000.0,
        "Total Other Finance Cost": NaN,
        "Interest Expense Non Operating": 7545000.0,
        "Interest Income Non Operating": 12239000.0,
        "Operating Income": -79676000.0,
        "Operating Expense": 88904000.0,
        "Depreciation Amortization Depletion Income Statement": 12716000.0,
        "Depreciation And Amortization In Income Statement": 12716000.0,
        "Research And Development": 46366000.0,
        "Selling General And Administration": 29822000.0,
        "General And Administrative Expense": 29822000.0,
        "Other Gand A": 29822000.0,
        "Gross Profit": 9228000.0,
        "Cost Of Revenue": 5511000.0,
        "Total Revenue": 14739000.0,
        "Operating Revenue": 14739000.0
    }
}