{
    "2023-03-31": {
        "Tax Effect Of Unusual Items": NaN,
        "Tax Rate For Calcs": NaN,
        "Normalized EBITDA": NaN,
        "Total Unusual Items": NaN,
        "Total Unusual Items Excluding Goodwill": NaN,
        "Net Income From Continuing Operation Net Minority Interest": NaN,
        "Reconciled Depreciation": NaN,
        "EBITDA": NaN,
        "EBIT": NaN,
        "Net Interest Income": NaN,
        "Interest Expense": NaN,
        "Interest Income": NaN,
        "Normalized Income": NaN,
        "Net Income From Continuing And Discontinued Operation": NaN,
        "Total Expenses": NaN,
        "Total Operating Income As Reported": NaN,
        "Diluted Average Shares": NaN,
        "Basic Average Shares": NaN,
        "Diluted EPS": NaN,
        "Basic EPS": NaN,
        "Diluted NI Availto Com Stockholders": NaN,
        "Net Income Common Stockholders": NaN,
        "Net Income": NaN,
        "Minority Interests": NaN,
        "Net Income Including Noncontrolling Interests": NaN,
        "Net Income Continuous Operations": NaN,
        "Earnings From Equity Interest Net Of Tax": NaN,
        "Tax Provision": NaN,
        "Pretax Income": NaN,
        "Other Income Expense": NaN,
        "Other Non Operating Income Expenses": NaN,
        "Special Income Charges": 35000.0,
        "Restructuring And Mergern Acquisition": -35000.0,
        "Gain On Sale Of Security": NaN,
        "Net Non Operating Interest Income Expense": NaN,
        "Interest Expense Non Operating": NaN,
        "Interest Income Non Operating": NaN,
        "Operating Income": NaN,
        "Operating Expense": NaN,
        "Other Operating Expenses": NaN,
        "Research And Development": NaN,
        "Selling General And Administration": NaN,
        "General And Administrative Expense": NaN,
        "Other Gand A": NaN,
        "Total Revenue": NaN,
        "Operating Revenue": NaN
    },
    "2022-12-31": {
        "Tax Effect Of Unusual Items": NaN,
        "Tax Rate For Calcs": NaN,
        "Normalized EBITDA": NaN,
        "Total Unusual Items": NaN,
        "Total Unusual Items Excluding Goodwill": NaN,
        "Net Income From Continuing Operation Net Minority Interest": NaN,
        "Reconciled Depreciation": NaN,
        "EBITDA": NaN,
        "EBIT": NaN,
        "Net Interest Income": NaN,
        "Interest Expense": NaN,
        "Interest Income": NaN,
        "Normalized Income": NaN,
        "Net Income From Continuing And Discontinued Operation": NaN,
        "Total Expenses": NaN,
        "Total Operating Income As Reported": NaN,
        "Diluted Average Shares": NaN,
        "Basic Average Shares": NaN,
        "Diluted EPS": NaN,
        "Basic EPS": NaN,
        "Diluted NI Availto Com Stockholders": NaN,
        "Net Income Common Stockholders": NaN,
        "Net Income": NaN,
        "Minority Interests": NaN,
        "Net Income Including Noncontrolling Interests": NaN,
        "Net Income Continuous Operations": NaN,
        "Earnings From Equity Interest Net Of Tax": NaN,
        "Tax Provision": NaN,
        "Pretax Income": NaN,
        "Other Income Expense": NaN,
        "Other Non Operating Income Expenses": NaN,
        "Special Income Charges": 2434000.0,
        "Other Special Charges": 0.0,
        "Restructuring And Mergern Acquisition": -2434000.0,
        "Gain On Sale Of Security": NaN,
        "Net Non Operating Interest Income Expense": NaN,
        "Interest Expense Non Operating": NaN,
        "Interest Income Non Operating": NaN,
        "Operating Income": NaN,
        "Operating Expense": NaN,
        "Other Operating Expenses": NaN,
        "Research And Development": NaN,
        "Selling General And Administration": NaN,
        "General And Administrative Expense": NaN,
        "Other Gand A": NaN,
        "Total Revenue": NaN,
        "Operating Revenue": NaN
    },
    "2022-09-30": {
        "Tax Effect Of Unusual Items": NaN,
        "Tax Rate For Calcs": NaN,
        "Normalized EBITDA": NaN,
        "Total Unusual Items": NaN,
        "Total Unusual Items Excluding Goodwill": NaN,
        "Net Income From Continuing Operation Net Minority Interest": NaN,
        "Reconciled Depreciation": NaN,
        "EBITDA": NaN,
        "EBIT": NaN,
        "Net Interest Income": NaN,
        "Interest Expense": NaN,
        "Interest Income": NaN,
        "Normalized Income": NaN,
        "Net Income From Continuing And Discontinued Operation": NaN,
        "Total Expenses": NaN,
        "Total Operating Income As Reported": NaN,
        "Diluted Average Shares": NaN,
        "Basic Average Shares": NaN,
        "Diluted EPS": NaN,
        "Basic EPS": NaN,
        "Diluted NI Availto Com Stockholders": NaN,
        "Net Income Common Stockholders": NaN,
        "Net Income": NaN,
        "Minority Interests": NaN,
        "Net Income Including Noncontrolling Interests": NaN,
        "Net Income Continuous Operations": NaN,
        "Earnings From Equity Interest Net Of Tax": NaN,
        "Tax Provision": NaN,
        "Pretax Income": NaN,
        "Other Income Expense": NaN,
        "Other Non Operating Income Expenses": NaN,
        "Special Income Charges": NaN,
        "Other Special Charges": NaN,
        "Restructuring And Mergern Acquisition": -430000.0,
        "Gain On Sale Of Security": NaN,
        "Net Non Operating Interest Income Expense": NaN,
        "Interest Expense Non Operating": NaN,
        "Interest Income Non Operating": NaN,
        "Operating Income": NaN,
        "Operating Expense": NaN,
        "Other Operating Expenses": NaN,
        "Research And Development": NaN,
        "Selling General And Administration": NaN,
        "General And Administrative Expense": NaN,
        "Other Gand A": NaN,
        "Total Revenue": NaN,
        "Operating Revenue": NaN
    },
    "2022-06-30": {
        "Tax Effect Of Unusual Items": 1635600.0,
        "Tax Rate For Calcs": 0.4,
        "Normalized EBITDA": -39070000.0,
        "Total Unusual Items": 4089000.0,
        "Total Unusual Items Excluding Goodwill": 4089000.0,
        "Net Income From Continuing Operation Net Minority Interest": -36618000.0,
        "Reconciled Depreciation": 19000.0,
        "EBITDA": -34981000.0,
        "EBIT": -35000000.0,
        "Net Interest Income": 117000.0,
        "Interest Expense": NaN,
        "Interest Income": 117000.0,
        "Normalized Income": -39071400.0,
        "Net Income From Continuing And Discontinued Operation": -36618000.0,
        "Total Expenses": 35170000.0,
        "Total Operating Income As Reported": -35357000.0,
        "Diluted Average Shares": 153971202.0,
        "Basic Average Shares": 153971202.0,
        "Diluted EPS": -0.24,
        "Basic EPS": -0.24,
        "Diluted NI Availto Com Stockholders": -36618000.0,
        "Net Income Common Stockholders": -36618000.0,
        "Net Income": -36618000.0,
        "Minority Interests": 891000.0,
        "Net Income Including Noncontrolling Interests": -37509000.0,
        "Net Income Continuous Operations": -37509000.0,
        "Earnings From Equity Interest Net Of Tax": -6652000.0,
        "Tax Provision": 51000.0,
        "Pretax Income": -30806000.0,
        "Other Income Expense": 4077000.0,
        "Other Non Operating Income Expenses": -12000.0,
        "Special Income Charges": -262000.0,
        "Restructuring And Mergern Acquisition": 262000.0,
        "Gain On Sale Of Security": 4351000.0,
        "Net Non Operating Interest Income Expense": 117000.0,
        "Interest Expense Non Operating": NaN,
        "Interest Income Non Operating": 117000.0,
        "Operating Income": -35000000.0,
        "Operating Expense": 35170000.0,
        "Research And Development": 17949000.0,
        "Selling General And Administration": 17221000.0,
        "General And Administrative Expense": 17221000.0,
        "Other Gand A": 17221000.0,
        "Total Revenue": 170000.0,
        "Operating Revenue": 170000.0
    },
    "2022-03-31": {
        "Diluted EPS": -0.24,
        "Total Revenue": NaN,
        "Gross Profit": NaN,
        "Operating Income": -33,
        "EBIT": -33,
        "Net Income": -37
    },
    "2021-12-31": {
        "Diluted EPS": -0.64,
        "Total Revenue": 0,
        "Gross Profit": 0,
        "Operating Income": -45,
        "EBIT": -45,
        "Net Income": -89
    },
    "2021-09-30": {
        "Diluted EPS": -0.21,
        "Total Revenue": 0,
        "Gross Profit": 0,
        "Operating Income": -33,
        "EBIT": -33,
        "Net Income": -31
    },
    "2021-06-30": {
        "Diluted EPS": -0.37,
        "Total Revenue": NaN,
        "Gross Profit": NaN,
        "Operating Income": -61,
        "EBIT": -61,
        "Net Income": -48
    },
    "2021-03-31": {
        "Diluted EPS": 0.01,
        "Total Revenue": 20,
        "Gross Profit": 20,
        "Operating Income": 4,
        "EBIT": 4,
        "Net Income": 1
    },
    "2020-12-31": {
        "Diluted EPS": -0.89,
        "Total Revenue": NaN,
        "Gross Profit": NaN,
        "Operating Income": -87,
        "EBIT": -87,
        "Net Income": -87
    },
    "2020-09-30": {
        "Diluted EPS": -0.92,
        "Total Revenue": NaN,
        "Gross Profit": NaN,
        "Operating Income": -7,
        "EBIT": -7,
        "Net Income": -83
    },
    "2020-06-30": {
        "Diluted EPS": -0.18,
        "Total Revenue": NaN,
        "Gross Profit": NaN,
        "Operating Income": -6,
        "EBIT": -6,
        "Net Income": -16
    },
    "2020-03-31": {
        "Diluted EPS": 0.16,
        "Total Revenue": NaN,
        "Gross Profit": NaN,
        "Operating Income": -4,
        "EBIT": -4,
        "Net Income": 16
    },
    "2019-12-31": {
        "Diluted EPS": 0.0,
        "Total Revenue": NaN,
        "Gross Profit": NaN,
        "Operating Income": NaN,
        "EBIT": NaN,
        "Net Income": NaN
    },
    "2023-06-30": {
        "Tax Effect Of Unusual Items": NaN,
        "Tax Rate For Calcs": NaN,
        "Normalized EBITDA": NaN,
        "Total Unusual Items": NaN,
        "Total Unusual Items Excluding Goodwill": NaN,
        "Net Income From Continuing Operation Net Minority Interest": NaN,
        "Reconciled Depreciation": NaN,
        "EBITDA": NaN,
        "EBIT": NaN,
        "Net Interest Income": NaN,
        "Interest Expense": NaN,
        "Interest Income": NaN,
        "Normalized Income": NaN,
        "Net Income From Continuing And Discontinued Operation": NaN,
        "Total Expenses": NaN,
        "Total Operating Income As Reported": NaN,
        "Diluted Average Shares": 155792490.0,
        "Basic Average Shares": 155792490.0,
        "Diluted EPS": -0.21,
        "Basic EPS": -0.21,
        "Diluted NI Availto Com Stockholders": NaN,
        "Net Income Common Stockholders": NaN,
        "Net Income": NaN,
        "Minority Interests": NaN,
        "Net Income Including Noncontrolling Interests": NaN,
        "Net Income Continuous Operations": NaN,
        "Earnings From Equity Interest Net Of Tax": NaN,
        "Tax Provision": NaN,
        "Pretax Income": NaN,
        "Other Income Expense": NaN,
        "Other Non Operating Income Expenses": NaN,
        "Special Income Charges": 76000.0,
        "Restructuring And Mergern Acquisition": -76000.0,
        "Gain On Sale Of Security": NaN,
        "Net Non Operating Interest Income Expense": NaN,
        "Interest Expense Non Operating": NaN,
        "Interest Income Non Operating": NaN,
        "Operating Income": NaN,
        "Operating Expense": NaN,
        "Other Operating Expenses": NaN,
        "Research And Development": NaN,
        "Selling General And Administration": NaN,
        "General And Administrative Expense": NaN,
        "Other Gand A": NaN,
        "Total Revenue": NaN,
        "Operating Revenue": NaN
    },
    "2023-09-30": {
        "Tax Effect Of Unusual Items": NaN,
        "Tax Rate For Calcs": NaN,
        "Normalized EBITDA": NaN,
        "Total Unusual Items": NaN,
        "Total Unusual Items Excluding Goodwill": NaN,
        "Net Income From Continuing Operation Net Minority Interest": NaN,
        "Reconciled Depreciation": NaN,
        "EBITDA": NaN,
        "EBIT": NaN,
        "Net Interest Income": NaN,
        "Interest Expense": NaN,
        "Interest Income": NaN,
        "Normalized Income": NaN,
        "Net Income From Continuing And Discontinued Operation": NaN,
        "Total Expenses": NaN,
        "Total Operating Income As Reported": NaN,
        "Diluted Average Shares": NaN,
        "Basic Average Shares": NaN,
        "Diluted EPS": NaN,
        "Basic EPS": NaN,
        "Diluted NI Availto Com Stockholders": NaN,
        "Net Income Common Stockholders": NaN,
        "Net Income": NaN,
        "Minority Interests": NaN,
        "Net Income Including Noncontrolling Interests": NaN,
        "Net Income Continuous Operations": NaN,
        "Earnings From Equity Interest Net Of Tax": NaN,
        "Tax Provision": NaN,
        "Pretax Income": NaN,
        "Other Income Expense": NaN,
        "Other Non Operating Income Expenses": NaN,
        "Special Income Charges": -58000.0,
        "Restructuring And Mergern Acquisition": 58000.0,
        "Gain On Sale Of Security": NaN,
        "Net Non Operating Interest Income Expense": NaN,
        "Interest Expense Non Operating": NaN,
        "Interest Income Non Operating": NaN,
        "Operating Income": NaN,
        "Operating Expense": NaN,
        "Other Operating Expenses": NaN,
        "Research And Development": NaN,
        "Selling General And Administration": NaN,
        "General And Administrative Expense": NaN,
        "Other Gand A": NaN,
        "Total Revenue": NaN,
        "Operating Revenue": NaN
    },
    "2023-12-31": {
        "Tax Effect Of Unusual Items": NaN,
        "Tax Rate For Calcs": NaN,
        "Normalized EBITDA": NaN,
        "Total Unusual Items": NaN,
        "Total Unusual Items Excluding Goodwill": NaN,
        "Net Income From Continuing Operation Net Minority Interest": NaN,
        "Reconciled Depreciation": NaN,
        "EBITDA": NaN,
        "EBIT": NaN,
        "Net Interest Income": NaN,
        "Interest Expense": NaN,
        "Interest Income": NaN,
        "Normalized Income": NaN,
        "Net Income From Continuing And Discontinued Operation": NaN,
        "Total Expenses": NaN,
        "Total Operating Income As Reported": NaN,
        "Diluted Average Shares": NaN,
        "Basic Average Shares": NaN,
        "Diluted EPS": NaN,
        "Basic EPS": NaN,
        "Diluted NI Availto Com Stockholders": NaN,
        "Net Income Common Stockholders": NaN,
        "Net Income": NaN,
        "Minority Interests": NaN,
        "Net Income Including Noncontrolling Interests": NaN,
        "Net Income Continuous Operations": NaN,
        "Earnings From Equity Interest Net Of Tax": NaN,
        "Tax Provision": NaN,
        "Pretax Income": NaN,
        "Other Income Expense": NaN,
        "Other Non Operating Income Expenses": -111000.0,
        "Special Income Charges": -1004000.0,
        "Gain On Sale Of Security": NaN,
        "Net Non Operating Interest Income Expense": NaN,
        "Interest Expense Non Operating": NaN,
        "Interest Income Non Operating": NaN,
        "Operating Income": NaN,
        "Operating Expense": NaN,
        "Other Operating Expenses": NaN,
        "Research And Development": NaN,
        "Selling General And Administration": NaN,
        "General And Administrative Expense": NaN,
        "Other Gand A": NaN,
        "Total Revenue": NaN,
        "Operating Revenue": NaN
    },
    "2024-03-31": {
        "Tax Effect Of Unusual Items": -220.552159,
        "Tax Rate For Calcs": 0.000156,
        "Normalized EBITDA": -23495000.0,
        "Total Unusual Items": -1416000.0,
        "Total Unusual Items Excluding Goodwill": -1416000.0,
        "Net Income From Continuing Operation Net Minority Interest": -26713000.0,
        "Reconciled Depreciation": 83000.0,
        "EBITDA": -24911000.0,
        "EBIT": -24994000.0,
        "Net Interest Income": -380000.0,
        "Interest Expense": 687000.0,
        "Interest Income": 307000.0,
        "Normalized Income": -25297220.552159,
        "Net Income From Continuing And Discontinued Operation": -26713000.0,
        "Total Expenses": 23880000.0,
        "Total Operating Income As Reported": -24085000.0,
        "Diluted Average Shares": 158891067.0,
        "Basic Average Shares": 158891067.0,
        "Diluted EPS": -0.17,
        "Basic EPS": -0.17,
        "Diluted NI Availto Com Stockholders": -26713000.0,
        "Net Income Common Stockholders": -26713000.0,
        "Net Income": -26713000.0,
        "Minority Interests": 665000.0,
        "Net Income Including Noncontrolling Interests": -27378000.0,
        "Net Income Continuous Operations": -27378000.0,
        "Earnings From Equity Interest Net Of Tax": -1701000.0,
        "Tax Provision": -4000.0,
        "Pretax Income": -25681000.0,
        "Other Income Expense": -1421000.0,
        "Other Non Operating Income Expenses": -5000.0,
        "Special Income Charges": NaN,
        "Gain On Sale Of Security": -1416000.0,
        "Net Non Operating Interest Income Expense": -380000.0,
        "Interest Expense Non Operating": 687000.0,
        "Interest Income Non Operating": 307000.0,
        "Operating Income": -23880000.0,
        "Operating Expense": 23880000.0,
        "Other Operating Expenses": -205000.0,
        "Research And Development": 11530000.0,
        "Selling General And Administration": 12555000.0,
        "General And Administrative Expense": 12555000.0,
        "Other Gand A": 12555000.0,
        "Total Revenue": 0.0,
        "Operating Revenue": 0.0
    },
    "2024-06-30": {
        "Tax Effect Of Unusual Items": -4571700.0,
        "Tax Rate For Calcs": 0.15,
        "Normalized EBITDA": -25815000.0,
        "Total Unusual Items": -30478000.0,
        "Total Unusual Items Excluding Goodwill": -30478000.0,
        "Net Income From Continuing Operation Net Minority Interest": -57312000.0,
        "Reconciled Depreciation": 82000.0,
        "EBITDA": -56293000.0,
        "EBIT": -56375000.0,
        "Net Interest Income": -584000.0,
        "Interest Expense": 702000.0,
        "Interest Income": 118000.0,
        "Normalized Income": -31405700.0,
        "Net Income From Continuing And Discontinued Operation": -57312000.0,
        "Total Expenses": 25621000.0,
        "Total Operating Income As Reported": -25729000.0,
        "Diluted Average Shares": 160387701.0,
        "Basic Average Shares": 160387701.0,
        "Diluted EPS": -0.36,
        "Basic EPS": -0.36,
        "Diluted NI Availto Com Stockholders": -57312000.0,
        "Net Income Common Stockholders": -57312000.0,
        "Net Income": -57312000.0,
        "Minority Interests": 57000.0,
        "Net Income Including Noncontrolling Interests": -57369000.0,
        "Net Income Continuous Operations": -57369000.0,
        "Earnings From Equity Interest Net Of Tax": -273000.0,
        "Tax Provision": 19000.0,
        "Pretax Income": -57077000.0,
        "Other Income Expense": -31145000.0,
        "Other Non Operating Income Expenses": -667000.0,
        "Special Income Charges": NaN,
        "Gain On Sale Of Security": -30478000.0,
        "Net Non Operating Interest Income Expense": -584000.0,
        "Interest Expense Non Operating": 702000.0,
        "Interest Income Non Operating": 118000.0,
        "Operating Income": -25348000.0,
        "Operating Expense": 25621000.0,
        "Other Operating Expenses": -381000.0,
        "Research And Development": 12605000.0,
        "Selling General And Administration": 13397000.0,
        "General And Administrative Expense": 13397000.0,
        "Other Gand A": 13397000.0,
        "Total Revenue": 273000.0,
        "Operating Revenue": 273000.0
    },
    "2024-09-30": {
        "Tax Effect Of Unusual Items": -8031.28897,
        "Tax Rate For Calcs": 0.006726,
        "Normalized EBITDA": -24403000.0,
        "Total Unusual Items": -1194000.0,
        "Total Unusual Items Excluding Goodwill": -1194000.0,
        "Net Income From Continuing Operation Net Minority Interest": -26286000.0,
        "Reconciled Depreciation": 83000.0,
        "EBITDA": -25597000.0,
        "EBIT": -25680000.0,
        "Net Interest Income": -623000.0,
        "Interest Expense": 783000.0,
        "Interest Income": 160000.0,
        "Normalized Income": -25100031.28897,
        "Net Income From Continuing And Discontinued Operation": -26286000.0,
        "Total Expenses": 22611000.0,
        "Total Operating Income As Reported": -22602000.0,
        "Diluted Average Shares": 160621817.0,
        "Basic Average Shares": 160621817.0,
        "Diluted EPS": -0.16,
        "Basic EPS": -0.16,
        "Diluted NI Availto Com Stockholders": -26286000.0,
        "Net Income Common Stockholders": -26286000.0,
        "Net Income": -26286000.0,
        "Minority Interests": 25000.0,
        "Net Income Including Noncontrolling Interests": -26311000.0,
        "Net Income Continuous Operations": -26311000.0,
        "Earnings From Equity Interest Net Of Tax": -26000.0,
        "Tax Provision": -178000.0,
        "Pretax Income": -26463000.0,
        "Other Income Expense": -3269000.0,
        "Other Non Operating Income Expenses": -2075000.0,
        "Special Income Charges": NaN,
        "Gain On Sale Of Security": -1194000.0,
        "Net Non Operating Interest Income Expense": -623000.0,
        "Interest Expense Non Operating": 783000.0,
        "Interest Income Non Operating": 160000.0,
        "Operating Income": -22571000.0,
        "Operating Expense": 22611000.0,
        "Other Operating Expenses": -31000.0,
        "Research And Development": 12377000.0,
        "Selling General And Administration": 10265000.0,
        "General And Administrative Expense": 10265000.0,
        "Other Gand A": 10265000.0,
        "Total Revenue": 40000.0,
        "Operating Revenue": 40000.0
    },
    "2024-12-31": {
        "Tax Effect Of Unusual Items": -50835.876889,
        "Tax Rate For Calcs": 0.004925,
        "Normalized EBITDA": -27686000.0,
        "Total Unusual Items": -10321000.0,
        "Total Unusual Items Excluding Goodwill": -10321000.0,
        "Net Income From Continuing Operation Net Minority Interest": -38958000.0,
        "Reconciled Depreciation": 225000.0,
        "EBITDA": -38007000.0,
        "EBIT": -38232000.0,
        "Net Interest Income": -759000.0,
        "Interest Expense": 952000.0,
        "Interest Income": 193000.0,
        "Normalized Income": -28687835.876889,
        "Net Income From Continuing And Discontinued Operation": -38958000.0,
        "Total Expenses": 30352000.0,
        "Total Operating Income As Reported": -30265000.0,
        "Diluted Average Shares": 160711543.0,
        "Basic Average Shares": 160711543.0,
        "Diluted EPS": -0.24,
        "Basic EPS": -0.24,
        "Diluted NI Availto Com Stockholders": -38958000.0,
        "Net Income Common Stockholders": -38958000.0,
        "Net Income": -38958000.0,
        "Minority Interests": 33000.0,
        "Net Income Including Noncontrolling Interests": -38991000.0,
        "Net Income Continuous Operations": -38991000.0,
        "Earnings From Equity Interest Net Of Tax": 0.0,
        "Tax Provision": -193000.0,
        "Pretax Income": -39184000.0,
        "Other Income Expense": -8068000.0,
        "Other Non Operating Income Expenses": 2253000.0,
        "Special Income Charges": NaN,
        "Gain On Sale Of Security": -17054000.0,
        "Net Non Operating Interest Income Expense": -759000.0,
        "Interest Expense Non Operating": 952000.0,
        "Interest Income Non Operating": 193000.0,
        "Operating Income": -30357000.0,
        "Operating Expense": 30352000.0,
        "Other Operating Expenses": 92000.0,
        "Research And Development": 18942000.0,
        "Selling General And Administration": 11318000.0,
        "General And Administrative Expense": 11318000.0,
        "Other Gand A": 11318000.0,
        "Total Revenue": -5000.0,
        "Operating Revenue": -5000.0
    },
    "2025-03-31": {
        "Tax Effect Of Unusual Items": -787950.0,
        "Tax Rate For Calcs": 0.15,
        "Normalized EBITDA": -19940000.0,
        "Total Unusual Items": -5253000.0,
        "Total Unusual Items Excluding Goodwill": -5253000.0,
        "Net Income From Continuing Operation Net Minority Interest": -26431000.0,
        "Reconciled Depreciation": 216000.0,
        "EBITDA": -25193000.0,
        "EBIT": -25409000.0,
        "Net Interest Income": -714000.0,
        "Interest Expense": 900000.0,
        "Interest Income": 186000.0,
        "Normalized Income": -21965950.0,
        "Net Income From Continuing And Discontinued Operation": -26431000.0,
        "Total Expenses": 21897000.0,
        "Total Operating Income As Reported": -20370000.0,
        "Diluted Average Shares": 176271176.0,
        "Basic Average Shares": 176271176.0,
        "Diluted EPS": -0.15,
        "Basic EPS": -0.15,
        "Diluted NI Availto Com Stockholders": -26431000.0,
        "Net Income Common Stockholders": -26431000.0,
        "Net Income": -26431000.0,
        "Minority Interests": 34000.0,
        "Net Income Including Noncontrolling Interests": -26465000.0,
        "Net Income Continuous Operations": -26465000.0,
        "Earnings From Equity Interest Net Of Tax": 0.0,
        "Tax Provision": 156000.0,
        "Pretax Income": -26309000.0,
        "Other Income Expense": -5253000.0,
        "Other Non Operating Income Expenses": NaN,
        "Special Income Charges": NaN,
        "Gain On Sale Of Security": -5253000.0,
        "Net Non Operating Interest Income Expense": -714000.0,
        "Interest Expense Non Operating": 900000.0,
        "Interest Income Non Operating": 186000.0,
        "Operating Income": -20342000.0,
        "Operating Expense": 21897000.0,
        "Other Operating Expenses": -28000.0,
        "Research And Development": 11328000.0,
        "Selling General And Administration": 10597000.0,
        "General And Administrative Expense": 10597000.0,
        "Other Gand A": 10597000.0,
        "Total Revenue": 1555000.0,
        "Operating Revenue": 1555000.0
    }
}