{
    "2023-03-31": {
        "Tax Effect Of Unusual Items": NaN,
        "Tax Rate For Calcs": NaN,
        "Normalized EBITDA": NaN,
        "Total Unusual Items": NaN,
        "Total Unusual Items Excluding Goodwill": NaN,
        "Net Income From Continuing Operation Net Minority Interest": NaN,
        "Reconciled Cost Of Revenue": NaN,
        "EBITDA": NaN,
        "EBIT": NaN,
        "Net Interest Income": NaN,
        "Interest Expense": NaN,
        "Interest Income": NaN,
        "Normalized Income": NaN,
        "Net Income From Continuing And Discontinued Operation": NaN,
        "Total Expenses": NaN,
        "Total Operating Income As Reported": NaN,
        "Diluted Average Shares": 137436872.0,
        "Basic Average Shares": 131319408.0,
        "Diluted EPS": 0.12,
        "Basic EPS": 0.15,
        "Diluted NI Availto Com Stockholders": NaN,
        "Net Income Common Stockholders": NaN,
        "Net Income": NaN,
        "Minority Interests": NaN,
        "Net Income Including Noncontrolling Interests": NaN,
        "Net Income Continuous Operations": NaN,
        "Tax Provision": NaN,
        "Pretax Income": NaN,
        "Other Income Expense": NaN,
        "Other Non Operating Income Expenses": NaN,
        "Gain On Sale Of Security": NaN,
        "Net Non Operating Interest Income Expense": NaN,
        "Interest Expense Non Operating": NaN,
        "Interest Income Non Operating": NaN,
        "Operating Income": NaN,
        "Operating Expense": NaN,
        "Other Operating Expenses": NaN,
        "Research And Development": NaN,
        "Selling General And Administration": NaN,
        "Selling And Marketing Expense": NaN,
        "General And Administrative Expense": NaN,
        "Other Gand A": NaN,
        "Gross Profit": NaN,
        "Cost Of Revenue": NaN,
        "Total Revenue": NaN,
        "Operating Revenue": NaN
    },
    "2022-12-31": {
        "Tax Effect Of Unusual Items": NaN,
        "Tax Rate For Calcs": NaN,
        "Normalized EBITDA": NaN,
        "Total Unusual Items": NaN,
        "Total Unusual Items Excluding Goodwill": NaN,
        "Net Income From Continuing Operation Net Minority Interest": NaN,
        "Reconciled Cost Of Revenue": NaN,
        "EBITDA": NaN,
        "EBIT": NaN,
        "Net Interest Income": NaN,
        "Interest Expense": NaN,
        "Interest Income": NaN,
        "Normalized Income": NaN,
        "Net Income From Continuing And Discontinued Operation": NaN,
        "Total Expenses": NaN,
        "Total Operating Income As Reported": NaN,
        "Diluted Average Shares": 128766021.0,
        "Basic Average Shares": 128766021.0,
        "Diluted EPS": -0.63,
        "Basic EPS": -0.63,
        "Diluted NI Availto Com Stockholders": NaN,
        "Net Income Common Stockholders": NaN,
        "Net Income": NaN,
        "Minority Interests": NaN,
        "Net Income Including Noncontrolling Interests": NaN,
        "Net Income Continuous Operations": NaN,
        "Tax Provision": NaN,
        "Pretax Income": NaN,
        "Other Income Expense": NaN,
        "Other Non Operating Income Expenses": NaN,
        "Gain On Sale Of Security": NaN,
        "Net Non Operating Interest Income Expense": NaN,
        "Interest Expense Non Operating": NaN,
        "Interest Income Non Operating": NaN,
        "Operating Income": NaN,
        "Operating Expense": NaN,
        "Other Operating Expenses": NaN,
        "Research And Development": NaN,
        "Selling General And Administration": NaN,
        "Selling And Marketing Expense": NaN,
        "General And Administrative Expense": NaN,
        "Other Gand A": NaN,
        "Gross Profit": NaN,
        "Cost Of Revenue": NaN,
        "Total Revenue": NaN,
        "Operating Revenue": NaN
    },
    "2022-06-30": {
        "Tax Effect Of Unusual Items": 563104.082751,
        "Tax Rate For Calcs": 0.28099,
        "Normalized EBITDA": 83741000.0,
        "Total Unusual Items": 2004000.0,
        "Total Unusual Items Excluding Goodwill": 2004000.0,
        "Net Income From Continuing Operation Net Minority Interest": 61223000.0,
        "Reconciled Cost Of Revenue": 366789000.0,
        "EBITDA": 85745000.0,
        "EBIT": 85745000.0,
        "Net Interest Income": 1850000.0,
        "Interest Expense": 1831000.0,
        "Interest Income": 3681000.0,
        "Normalized Income": 59782104.082751,
        "Net Income From Continuing And Discontinued Operation": 61223000.0,
        "Total Expenses": 432698000.0,
        "Total Operating Income As Reported": 81885000.0,
        "Diluted Average Shares": 130406818.0,
        "Basic Average Shares": 130406818.0,
        "Diluted EPS": 0.421062,
        "Basic EPS": 0.421062,
        "Diluted NI Availto Com Stockholders": 61223000.0,
        "Net Income Common Stockholders": 61223000.0,
        "Otherunder Preferred Stock Dividend": NaN,
        "Net Income": 61223000.0,
        "Minority Interests": 888000.0,
        "Net Income Including Noncontrolling Interests": 60335000.0,
        "Net Income Continuous Operations": 60335000.0,
        "Tax Provision": 23579000.0,
        "Pretax Income": 83914000.0,
        "Other Income Expense": 179000.0,
        "Other Non Operating Income Expenses": -1825000.0,
        "Gain On Sale Of Security": 2004000.0,
        "Net Non Operating Interest Income Expense": 1850000.0,
        "Interest Expense Non Operating": 1831000.0,
        "Interest Income Non Operating": 3681000.0,
        "Operating Income": 81885000.0,
        "Operating Expense": 65909000.0,
        "Other Operating Expenses": -23668000.0,
        "Research And Development": 15962000.0,
        "Selling General And Administration": 73615000.0,
        "Selling And Marketing Expense": 31756000.0,
        "General And Administrative Expense": 41859000.0,
        "Other Gand A": 41859000.0,
        "Gross Profit": 147794000.0,
        "Cost Of Revenue": 366789000.0,
        "Total Revenue": 514583000.0,
        "Operating Revenue": 514583000.0
    },
    "2021-12-31": {
        "Diluted EPS": 0.0,
        "Total Revenue": NaN,
        "Gross Profit": NaN,
        "Operating Income": NaN,
        "EBIT": NaN,
        "Net Income": NaN
    },
    "2020-12-31": {
        "Diluted EPS": 0.0,
        "Total Revenue": NaN,
        "Gross Profit": NaN,
        "Operating Income": NaN,
        "EBIT": NaN,
        "Net Income": NaN
    },
    "2023-06-30": {
        "Tax Effect Of Unusual Items": 2221937.123535,
        "Tax Rate For Calcs": 0.247763,
        "Normalized EBITDA": 310633000.0,
        "Total Unusual Items": 8968000.0,
        "Total Unusual Items Excluding Goodwill": 8968000.0,
        "Net Income From Continuing Operation Net Minority Interest": 238190000.0,
        "Reconciled Cost Of Revenue": 617073000.0,
        "EBITDA": 319601000.0,
        "EBIT": 319601000.0,
        "Net Interest Income": 5837000.0,
        "Interest Expense": 1676000.0,
        "Interest Income": 7513000.0,
        "Normalized Income": 231443937.123535,
        "Net Income From Continuing And Discontinued Operation": 238190000.0,
        "Total Expenses": 786067000.0,
        "Total Operating Income As Reported": 306642000.0,
        "Diluted Average Shares": 138257888.0,
        "Basic Average Shares": 134254506.0,
        "Diluted EPS": 1.71,
        "Basic EPS": 1.77,
        "Diluted NI Availto Com Stockholders": 238190000.0,
        "Net Income Common Stockholders": 238190000.0,
        "Net Income": 238190000.0,
        "Minority Interests": -965000.0,
        "Net Income Including Noncontrolling Interests": 239155000.0,
        "Net Income Continuous Operations": 239155000.0,
        "Tax Provision": 78770000.0,
        "Pretax Income": 317925000.0,
        "Other Income Expense": 5446000.0,
        "Other Non Operating Income Expenses": -3522000.0,
        "Gain On Sale Of Security": 8968000.0,
        "Net Non Operating Interest Income Expense": 5837000.0,
        "Interest Expense Non Operating": 1676000.0,
        "Interest Income Non Operating": 7513000.0,
        "Operating Income": 306642000.0,
        "Operating Expense": 168994000.0,
        "Other Operating Expenses": -16687000.0,
        "Research And Development": 17831000.0,
        "Selling General And Administration": 167850000.0,
        "Selling And Marketing Expense": 94400000.0,
        "General And Administrative Expense": 73450000.0,
        "Other Gand A": 73450000.0,
        "Gross Profit": 475636000.0,
        "Cost Of Revenue": 617073000.0,
        "Total Revenue": 1092709000.0,
        "Operating Revenue": 1057655000.0
    },
    "2023-09-30": {
        "Tax Effect Of Unusual Items": NaN,
        "Tax Rate For Calcs": NaN,
        "Normalized EBITDA": NaN,
        "Total Unusual Items": NaN,
        "Total Unusual Items Excluding Goodwill": NaN,
        "Net Income From Continuing Operation Net Minority Interest": NaN,
        "Reconciled Cost Of Revenue": NaN,
        "EBITDA": NaN,
        "EBIT": NaN,
        "Net Interest Income": NaN,
        "Interest Expense": NaN,
        "Interest Income": NaN,
        "Normalized Income": NaN,
        "Net Income From Continuing And Discontinued Operation": NaN,
        "Total Expenses": NaN,
        "Total Operating Income As Reported": NaN,
        "Diluted Average Shares": 138713645.0,
        "Basic Average Shares": 137561014.0,
        "Diluted EPS": 1.89,
        "Basic EPS": 1.89,
        "Diluted NI Availto Com Stockholders": NaN,
        "Net Income Common Stockholders": NaN,
        "Net Income": NaN,
        "Minority Interests": NaN,
        "Net Income Including Noncontrolling Interests": NaN,
        "Net Income Continuous Operations": NaN,
        "Tax Provision": NaN,
        "Pretax Income": NaN,
        "Other Income Expense": NaN,
        "Other Non Operating Income Expenses": NaN,
        "Gain On Sale Of Security": NaN,
        "Net Non Operating Interest Income Expense": NaN,
        "Interest Expense Non Operating": NaN,
        "Interest Income Non Operating": NaN,
        "Operating Income": NaN,
        "Operating Expense": NaN,
        "Other Operating Expenses": NaN,
        "Research And Development": NaN,
        "Selling General And Administration": NaN,
        "Selling And Marketing Expense": NaN,
        "General And Administrative Expense": NaN,
        "Other Gand A": NaN,
        "Gross Profit": NaN,
        "Cost Of Revenue": NaN,
        "Total Revenue": NaN,
        "Operating Revenue": NaN
    },
    "2022-09-30": {
        "Tax Effect Of Unusual Items": NaN,
        "Tax Rate For Calcs": NaN,
        "Normalized EBITDA": NaN,
        "Total Unusual Items": NaN,
        "Total Unusual Items Excluding Goodwill": NaN,
        "Net Income From Continuing Operation Net Minority Interest": NaN,
        "Reconciled Cost Of Revenue": NaN,
        "EBITDA": NaN,
        "EBIT": NaN,
        "Net Interest Income": NaN,
        "Interest Expense": NaN,
        "Interest Income": NaN,
        "Normalized Income": NaN,
        "Net Income From Continuing And Discontinued Operation": NaN,
        "Total Expenses": NaN,
        "Total Operating Income As Reported": NaN,
        "Diluted Average Shares": 130406818.0,
        "Basic Average Shares": 130406818.0,
        "Diluted EPS": 0.765673,
        "Basic EPS": 0.765673,
        "Diluted NI Availto Com Stockholders": NaN,
        "Net Income Common Stockholders": NaN,
        "Net Income": NaN,
        "Minority Interests": NaN,
        "Net Income Including Noncontrolling Interests": NaN,
        "Net Income Continuous Operations": NaN,
        "Tax Provision": NaN,
        "Pretax Income": NaN,
        "Other Income Expense": NaN,
        "Other Non Operating Income Expenses": NaN,
        "Gain On Sale Of Security": NaN,
        "Net Non Operating Interest Income Expense": NaN,
        "Interest Expense Non Operating": NaN,
        "Interest Income Non Operating": NaN,
        "Operating Income": NaN,
        "Operating Expense": NaN,
        "Other Operating Expenses": NaN,
        "Research And Development": NaN,
        "Selling General And Administration": NaN,
        "Selling And Marketing Expense": NaN,
        "General And Administrative Expense": NaN,
        "Other Gand A": NaN,
        "Gross Profit": NaN,
        "Cost Of Revenue": NaN,
        "Total Revenue": NaN,
        "Operating Revenue": NaN
    },
    "2023-12-31": {
        "Tax Effect Of Unusual Items": 823227.089179,
        "Tax Rate For Calcs": 0.07271,
        "Normalized EBITDA": 226352000.0,
        "Total Unusual Items": 11322000.0,
        "Total Unusual Items Excluding Goodwill": 11322000.0,
        "Net Income From Continuing Operation Net Minority Interest": 220054000.0,
        "Reconciled Cost Of Revenue": 1246534000.0,
        "EBITDA": 237674000.0,
        "EBIT": 237674000.0,
        "Net Interest Income": 8078000.0,
        "Interest Expense": 679000.0,
        "Interest Income": 8757000.0,
        "Normalized Income": 209555227.089179,
        "Net Income From Continuing And Discontinued Operation": NaN,
        "Total Expenses": 1291041000.0,
        "Total Operating Income As Reported": 214177000.0,
        "Diluted Average Shares": 138670943.0,
        "Basic Average Shares": 137608318.0,
        "Diluted EPS": 1.59,
        "Basic EPS": 1.59,
        "Diluted NI Availto Com Stockholders": 220054000.0,
        "Net Income Common Stockholders": 220054000.0,
        "Net Income": 220054000.0,
        "Minority Interests": 291000.0,
        "Net Income Including Noncontrolling Interests": 219763000.0,
        "Net Income Continuous Operations": 219763000.0,
        "Tax Provision": 17232000.0,
        "Pretax Income": 236995000.0,
        "Other Income Expense": 14740000.0,
        "Other Non Operating Income Expenses": 3418000.0,
        "Gain On Sale Of Security": 11322000.0,
        "Net Non Operating Interest Income Expense": 8078000.0,
        "Interest Expense Non Operating": 679000.0,
        "Interest Income Non Operating": 8757000.0,
        "Operating Income": 214177000.0,
        "Operating Expense": 44507000.0,
        "Other Operating Expenses": -290140000.0,
        "Research And Development": 22300000.0,
        "Selling General And Administration": 312347000.0,
        "Selling And Marketing Expense": 206913000.0,
        "General And Administrative Expense": 105434000.0,
        "Other Gand A": 105434000.0,
        "Gross Profit": 258684000.0,
        "Cost Of Revenue": 1246534000.0,
        "Total Revenue": 1505218000.0,
        "Operating Revenue": 1356835000.0
    },
    "2024-03-31": {
        "Tax Effect Of Unusual Items": 2460643.02756,
        "Tax Rate For Calcs": 0.256531,
        "Normalized EBITDA": 337710000.0,
        "Total Unusual Items": 9592000.0,
        "Total Unusual Items Excluding Goodwill": 9592000.0,
        "Net Income From Continuing Operation Net Minority Interest": 257158000.0,
        "Reconciled Cost Of Revenue": 868272000.0,
        "EBITDA": 347302000.0,
        "EBIT": 347302000.0,
        "Net Interest Income": 12846000.0,
        "Interest Expense": 673000.0,
        "Interest Income": 13519000.0,
        "Normalized Income": 250026643.02756,
        "Net Income From Continuing And Discontinued Operation": 257158000.0,
        "Total Expenses": 1143636000.0,
        "Total Operating Income As Reported": 324657000.0,
        "Diluted Average Shares": 138704723.0,
        "Basic Average Shares": 137613702.0,
        "Diluted EPS": 1.86,
        "Basic EPS": 1.86,
        "Diluted NI Availto Com Stockholders": 257158000.0,
        "Net Income Common Stockholders": 257158000.0,
        "Net Income": 257158000.0,
        "Minority Interests": -550000.0,
        "Net Income Including Noncontrolling Interests": 257708000.0,
        "Net Income Continuous Operations": 257708000.0,
        "Tax Provision": 88921000.0,
        "Pretax Income": 346629000.0,
        "Other Income Expense": 9126000.0,
        "Other Non Operating Income Expenses": -466000.0,
        "Gain On Sale Of Security": 9592000.0,
        "Net Non Operating Interest Income Expense": 12846000.0,
        "Interest Expense Non Operating": 673000.0,
        "Interest Income Non Operating": 13519000.0,
        "Operating Income": 324657000.0,
        "Operating Expense": 275364000.0,
        "Other Operating Expenses": -183000.0,
        "Research And Development": 24181000.0,
        "Selling General And Administration": 251366000.0,
        "Selling And Marketing Expense": 174711000.0,
        "General And Administrative Expense": 76655000.0,
        "Other Gand A": 76655000.0,
        "Gross Profit": 600021000.0,
        "Cost Of Revenue": 868272000.0,
        "Total Revenue": 1468293000.0,
        "Operating Revenue": 1420751000.0
    },
    "2024-06-30": {
        "Tax Effect Of Unusual Items": 2906402.249961,
        "Tax Rate For Calcs": 0.265546,
        "Normalized EBITDA": 403694000.0,
        "Total Unusual Items": 10945000.0,
        "Total Unusual Items Excluding Goodwill": 10945000.0,
        "Net Income From Continuing Operation Net Minority Interest": 303652000.0,
        "Reconciled Cost Of Revenue": 1040756000.0,
        "EBITDA": 414639000.0,
        "EBIT": 414639000.0,
        "Net Interest Income": 11542000.0,
        "Interest Expense": 854000.0,
        "Interest Income": 12396000.0,
        "Normalized Income": 295613402.249961,
        "Net Income From Continuing And Discontinued Operation": 303652000.0,
        "Total Expenses": 1405664000.0,
        "Total Operating Income As Reported": 391383000.0,
        "Diluted Average Shares": 138829249.0,
        "Basic Average Shares": 137748034.0,
        "Diluted EPS": 2.19,
        "Basic EPS": 2.19,
        "Diluted NI Availto Com Stockholders": 303652000.0,
        "Net Income Common Stockholders": 303652000.0,
        "Net Income": 303652000.0,
        "Minority Interests": -254000.0,
        "Net Income Including Noncontrolling Interests": 303906000.0,
        "Net Income Continuous Operations": 303906000.0,
        "Tax Provision": 109879000.0,
        "Pretax Income": 413785000.0,
        "Other Income Expense": 10860000.0,
        "Other Non Operating Income Expenses": -85000.0,
        "Gain On Sale Of Security": 10945000.0,
        "Net Non Operating Interest Income Expense": 11542000.0,
        "Interest Expense Non Operating": 854000.0,
        "Interest Income Non Operating": 12396000.0,
        "Operating Income": 391383000.0,
        "Operating Expense": 364908000.0,
        "Other Operating Expenses": 15861000.0,
        "Research And Development": 32952000.0,
        "Selling General And Administration": 316095000.0,
        "Selling And Marketing Expense": 224607000.0,
        "General And Administrative Expense": 91488000.0,
        "Other Gand A": 91488000.0,
        "Gross Profit": 756291000.0,
        "Cost Of Revenue": 1040756000.0,
        "Total Revenue": 1797047000.0,
        "Operating Revenue": 1744046000.0
    },
    "2024-09-30": {
        "Tax Effect Of Unusual Items": 3775237.515793,
        "Tax Rate For Calcs": 0.273429,
        "Normalized EBITDA": 511031000.0,
        "Total Unusual Items": 13807000.0,
        "Total Unusual Items Excluding Goodwill": 13807000.0,
        "Net Income From Continuing Operation Net Minority Interest": 384389000.0,
        "Reconciled Cost Of Revenue": 1103224000.0,
        "EBITDA": 524838000.0,
        "EBIT": 524838000.0,
        "Net Interest Income": 12139000.0,
        "Interest Expense": 856000.0,
        "Interest Income": 12995000.0,
        "Normalized Income": 374357237.515793,
        "Net Income From Continuing And Discontinued Operation": 384389000.0,
        "Total Expenses": 1406224000.0,
        "Total Operating Income As Reported": 492358000.0,
        "Diluted Average Shares": 138993526.0,
        "Basic Average Shares": 137976303.0,
        "Diluted EPS": 2.76,
        "Basic EPS": 2.79,
        "Diluted NI Availto Com Stockholders": 384389000.0,
        "Net Income Common Stockholders": 384389000.0,
        "Net Income": 384389000.0,
        "Minority Interests": 3679000.0,
        "Net Income Including Noncontrolling Interests": 380710000.0,
        "Net Income Continuous Operations": 380710000.0,
        "Tax Provision": 143272000.0,
        "Pretax Income": 523982000.0,
        "Other Income Expense": 19485000.0,
        "Other Non Operating Income Expenses": 5678000.0,
        "Gain On Sale Of Security": 13807000.0,
        "Net Non Operating Interest Income Expense": 12139000.0,
        "Interest Expense Non Operating": 856000.0,
        "Interest Income Non Operating": 12995000.0,
        "Operating Income": 492358000.0,
        "Operating Expense": 303000000.0,
        "Other Operating Expenses": -27650000.0,
        "Research And Development": 30240000.0,
        "Selling General And Administration": 300410000.0,
        "Selling And Marketing Expense": 218433000.0,
        "General And Administrative Expense": 81977000.0,
        "Other Gand A": 81977000.0,
        "Gross Profit": 795358000.0,
        "Cost Of Revenue": 1103224000.0,
        "Total Revenue": 1898582000.0,
        "Operating Revenue": 1848446000.0
    },
    "2024-12-31": {
        "Tax Effect Of Unusual Items": 3492018.160734,
        "Tax Rate For Calcs": 0.239196,
        "Normalized EBITDA": 420747000.0,
        "Total Unusual Items": 14599000.0,
        "Total Unusual Items Excluding Goodwill": 14599000.0,
        "Net Income From Continuing Operation Net Minority Interest": 330149000.0,
        "Reconciled Cost Of Revenue": 1179615000.0,
        "EBITDA": 435346000.0,
        "EBIT": 435346000.0,
        "Net Interest Income": 8778000.0,
        "Interest Expense": 727000.0,
        "Interest Income": 9505000.0,
        "Normalized Income": 319042018.160734,
        "Net Income From Continuing And Discontinued Operation": 330149000.0,
        "Total Expenses": 1670106000.0,
        "Total Operating Income As Reported": 413904000.0,
        "Diluted Average Shares": 139727590.0,
        "Basic Average Shares": 138244060.0,
        "Diluted EPS": 2.37,
        "Basic EPS": 2.4,
        "Diluted NI Availto Com Stockholders": 330149000.0,
        "Net Income Common Stockholders": 330149000.0,
        "Net Income": 330149000.0,
        "Minority Interests": -511000.0,
        "Net Income Including Noncontrolling Interests": 330660000.0,
        "Net Income Continuous Operations": 330660000.0,
        "Tax Provision": 103959000.0,
        "Pretax Income": 434619000.0,
        "Other Income Expense": 11937000.0,
        "Other Non Operating Income Expenses": -2662000.0,
        "Gain On Sale Of Security": 14599000.0,
        "Net Non Operating Interest Income Expense": 8778000.0,
        "Interest Expense Non Operating": 727000.0,
        "Interest Income Non Operating": 9505000.0,
        "Operating Income": 413904000.0,
        "Operating Expense": 490491000.0,
        "Other Operating Expenses": -13735000.0,
        "Research And Development": 46644000.0,
        "Selling General And Administration": 457582000.0,
        "Selling And Marketing Expense": 355112000.0,
        "General And Administrative Expense": 102470000.0,
        "Other Gand A": 102470000.0,
        "Gross Profit": 904395000.0,
        "Cost Of Revenue": 1179615000.0,
        "Total Revenue": 2084010000.0,
        "Operating Revenue": 2035670000.0
    },
    "2025-03-31": {
        "Tax Effect Of Unusual Items": 3497924.114814,
        "Tax Rate For Calcs": 0.355083,
        "Normalized EBITDA": 368452000.0,
        "Total Unusual Items": 9851000.0,
        "Total Unusual Items Excluding Goodwill": 9851000.0,
        "Net Income From Continuing Operation Net Minority Interest": 242703000.0,
        "Reconciled Cost Of Revenue": 1073571000.0,
        "EBITDA": 378303000.0,
        "EBIT": 378303000.0,
        "Net Interest Income": 18666000.0,
        "Interest Expense": 614000.0,
        "Interest Income": 19280000.0,
        "Normalized Income": 236349924.114814,
        "Net Income From Continuing And Discontinued Operation": 242703000.0,
        "Total Expenses": 1550533000.0,
        "Total Operating Income As Reported": 355281000.0,
        "Diluted Average Shares": 139564330.0,
        "Basic Average Shares": 138567207.0,
        "Diluted EPS": 1.74,
        "Basic EPS": 1.74,
        "Diluted NI Availto Com Stockholders": 242703000.0,
        "Net Income Common Stockholders": 242703000.0,
        "Net Income": 242703000.0,
        "Minority Interests": -875000.0,
        "Net Income Including Noncontrolling Interests": 243578000.0,
        "Net Income Continuous Operations": 243578000.0,
        "Tax Provision": 134111000.0,
        "Pretax Income": 377689000.0,
        "Other Income Expense": 3742000.0,
        "Other Non Operating Income Expenses": -6109000.0,
        "Gain On Sale Of Security": 9851000.0,
        "Net Non Operating Interest Income Expense": 18666000.0,
        "Interest Expense Non Operating": 614000.0,
        "Interest Income Non Operating": 19280000.0,
        "Operating Income": 355281000.0,
        "Operating Expense": 476962000.0,
        "Other Operating Expenses": -7129000.0,
        "Research And Development": 39381000.0,
        "Selling General And Administration": 444710000.0,
        "Selling And Marketing Expense": 282897000.0,
        "General And Administrative Expense": 161813000.0,
        "Other Gand A": 161813000.0,
        "Gross Profit": 832243000.0,
        "Cost Of Revenue": 1073571000.0,
        "Total Revenue": 1905814000.0,
        "Operating Revenue": 1854525000.0
    },
    "2025-06-30": {
        "Tax Effect Of Unusual Items": 2698609.345231,
        "Tax Rate For Calcs": 0.311115,
        "Normalized EBITDA": 608828000.0,
        "Total Unusual Items": 8674000.0,
        "Total Unusual Items Excluding Goodwill": 8674000.0,
        "Net Income From Continuing Operation Net Minority Interest": 424231000.0,
        "Reconciled Cost Of Revenue": 1343773000.0,
        "EBITDA": 617502000.0,
        "EBIT": 617502000.0,
        "Net Interest Income": 21656000.0,
        "Interest Expense": 781000.0,
        "Interest Income": 22437000.0,
        "Normalized Income": 418255609.345231,
        "Net Income From Continuing And Discontinued Operation": 424231000.0,
        "Total Expenses": 1872367000.0,
        "Total Operating Income As Reported": 596182000.0,
        "Diluted Average Shares": 139931287.0,
        "Basic Average Shares": 138749884.0,
        "Diluted EPS": 3.03,
        "Basic EPS": 3.06,
        "Diluted NI Availto Com Stockholders": 424231000.0,
        "Net Income Common Stockholders": 424231000.0,
        "Net Income": 424231000.0,
        "Minority Interests": -619000.0,
        "Net Income Including Noncontrolling Interests": 424850000.0,
        "Net Income Continuous Operations": 424850000.0,
        "Tax Provision": 191871000.0,
        "Pretax Income": 616721000.0,
        "Other Income Expense": -1117000.0,
        "Other Non Operating Income Expenses": -9791000.0,
        "Gain On Sale Of Security": 8674000.0,
        "Net Non Operating Interest Income Expense": 21656000.0,
        "Interest Expense Non Operating": 781000.0,
        "Interest Income Non Operating": 22437000.0,
        "Operating Income": 596182000.0,
        "Operating Expense": 528594000.0,
        "Other Operating Expenses": 3627000.0,
        "Research And Development": 42574000.0,
        "Selling General And Administration": 482393000.0,
        "Selling And Marketing Expense": 392847000.0,
        "General And Administrative Expense": 89546000.0,
        "Other Gand A": 89546000.0,
        "Gross Profit": 1124776000.0,
        "Cost Of Revenue": 1343773000.0,
        "Total Revenue": 2468549000.0,
        "Operating Revenue": 2413640000.0
    }
}