{
    "2023-03-31": {
        "Tax Effect Of Unusual Items": NaN,
        "Tax Rate For Calcs": NaN,
        "Normalized EBITDA": NaN,
        "Total Unusual Items": NaN,
        "Total Unusual Items Excluding Goodwill": NaN,
        "Net Income From Continuing Operation Net Minority Interest": NaN,
        "Reconciled Depreciation": NaN,
        "Reconciled Cost Of Revenue": 0.0,
        "EBITDA": NaN,
        "EBIT": NaN,
        "Net Interest Income": NaN,
        "Interest Income": NaN,
        "Normalized Income": NaN,
        "Net Income From Continuing And Discontinued Operation": NaN,
        "Total Expenses": NaN,
        "Total Operating Income As Reported": NaN,
        "Diluted Average Shares": NaN,
        "Basic Average Shares": NaN,
        "Diluted EPS": NaN,
        "Basic EPS": NaN,
        "Diluted NI Availto Com Stockholders": NaN,
        "Net Income Common Stockholders": NaN,
        "Net Income": NaN,
        "Net Income Including Noncontrolling Interests": NaN,
        "Net Income Continuous Operations": NaN,
        "Tax Provision": NaN,
        "Pretax Income": NaN,
        "Other Income Expense": NaN,
        "Other Non Operating Income Expenses": NaN,
        "Special Income Charges": NaN,
        "Gain On Sale Of Ppe": NaN,
        "Net Non Operating Interest Income Expense": NaN,
        "Interest Income Non Operating": NaN,
        "Operating Income": NaN,
        "Operating Expense": NaN,
        "Depreciation Amortization Depletion Income Statement": NaN,
        "Depreciation And Amortization In Income Statement": NaN,
        "Research And Development": NaN,
        "Selling General And Administration": NaN,
        "Selling And Marketing Expense": NaN,
        "General And Administrative Expense": NaN,
        "Other Gand A": NaN,
        "Gross Profit": 608000.0,
        "Cost Of Revenue": 0.0,
        "Total Revenue": NaN,
        "Operating Revenue": NaN
    },
    "2022-12-31": {
        "Tax Effect Of Unusual Items": NaN,
        "Tax Rate For Calcs": NaN,
        "Normalized EBITDA": NaN,
        "Total Unusual Items": NaN,
        "Total Unusual Items Excluding Goodwill": NaN,
        "Net Income From Continuing Operation Net Minority Interest": NaN,
        "Reconciled Depreciation": NaN,
        "Reconciled Cost Of Revenue": 0.0,
        "EBITDA": NaN,
        "EBIT": NaN,
        "Net Interest Income": NaN,
        "Interest Income": NaN,
        "Normalized Income": NaN,
        "Net Income From Continuing And Discontinued Operation": NaN,
        "Total Expenses": NaN,
        "Total Operating Income As Reported": NaN,
        "Diluted Average Shares": 18930594.0,
        "Basic Average Shares": 18930594.0,
        "Diluted EPS": -0.42,
        "Basic EPS": -0.42,
        "Diluted NI Availto Com Stockholders": NaN,
        "Net Income Common Stockholders": NaN,
        "Net Income": NaN,
        "Net Income Including Noncontrolling Interests": NaN,
        "Net Income Continuous Operations": NaN,
        "Tax Provision": NaN,
        "Pretax Income": NaN,
        "Other Income Expense": NaN,
        "Other Non Operating Income Expenses": NaN,
        "Special Income Charges": NaN,
        "Gain On Sale Of Ppe": NaN,
        "Net Non Operating Interest Income Expense": NaN,
        "Interest Income Non Operating": NaN,
        "Operating Income": NaN,
        "Operating Expense": NaN,
        "Depreciation Amortization Depletion Income Statement": NaN,
        "Depreciation And Amortization In Income Statement": NaN,
        "Research And Development": NaN,
        "Selling General And Administration": NaN,
        "Selling And Marketing Expense": NaN,
        "General And Administrative Expense": NaN,
        "Other Gand A": NaN,
        "Gross Profit": 578000.0,
        "Cost Of Revenue": 0.0,
        "Total Revenue": NaN,
        "Operating Revenue": NaN
    },
    "2022-09-30": {
        "Tax Effect Of Unusual Items": NaN,
        "Tax Rate For Calcs": NaN,
        "Normalized EBITDA": NaN,
        "Total Unusual Items": NaN,
        "Total Unusual Items Excluding Goodwill": NaN,
        "Net Income From Continuing Operation Net Minority Interest": NaN,
        "Reconciled Depreciation": NaN,
        "Reconciled Cost Of Revenue": NaN,
        "EBITDA": NaN,
        "EBIT": NaN,
        "Net Interest Income": NaN,
        "Interest Income": NaN,
        "Normalized Income": NaN,
        "Net Income From Continuing And Discontinued Operation": NaN,
        "Total Expenses": NaN,
        "Total Operating Income As Reported": NaN,
        "Diluted Average Shares": 18953044.0,
        "Basic Average Shares": 18953044.0,
        "Diluted EPS": -0.56,
        "Basic EPS": -0.56,
        "Diluted NI Availto Com Stockholders": NaN,
        "Net Income Common Stockholders": NaN,
        "Net Income": NaN,
        "Net Income Including Noncontrolling Interests": NaN,
        "Net Income Continuous Operations": NaN,
        "Tax Provision": NaN,
        "Pretax Income": NaN,
        "Other Income Expense": NaN,
        "Other Non Operating Income Expenses": NaN,
        "Special Income Charges": NaN,
        "Gain On Sale Of Ppe": NaN,
        "Net Non Operating Interest Income Expense": NaN,
        "Interest Income Non Operating": NaN,
        "Operating Income": NaN,
        "Operating Expense": NaN,
        "Depreciation Amortization Depletion Income Statement": NaN,
        "Depreciation And Amortization In Income Statement": NaN,
        "Research And Development": NaN,
        "Selling General And Administration": NaN,
        "Selling And Marketing Expense": NaN,
        "General And Administrative Expense": NaN,
        "Other Gand A": NaN,
        "Gross Profit": NaN,
        "Cost Of Revenue": NaN,
        "Total Revenue": NaN,
        "Operating Revenue": NaN
    },
    "2022-06-30": {
        "Tax Effect Of Unusual Items": 258400.0,
        "Tax Rate For Calcs": 0.4,
        "Normalized EBITDA": -14002000.0,
        "Total Unusual Items": 646000.0,
        "Total Unusual Items Excluding Goodwill": 646000.0,
        "Net Income From Continuing Operation Net Minority Interest": -13196000.0,
        "Reconciled Depreciation": 362000.0,
        "Reconciled Cost Of Revenue": NaN,
        "EBITDA": -13356000.0,
        "EBIT": -13718000.0,
        "Net Interest Income": 17000.0,
        "Interest Income": 17000.0,
        "Normalized Income": -13583600.0,
        "Net Income From Continuing And Discontinued Operation": -13196000.0,
        "Total Expenses": 14053000.0,
        "Total Operating Income As Reported": -13072000.0,
        "Diluted Average Shares": 18619459.0,
        "Basic Average Shares": 18619459.0,
        "Diluted EPS": -0.71,
        "Basic EPS": -0.71,
        "Diluted NI Availto Com Stockholders": -13196000.0,
        "Net Income Common Stockholders": -13196000.0,
        "Net Income": -13196000.0,
        "Net Income Including Noncontrolling Interests": -13196000.0,
        "Net Income Continuous Operations": -13196000.0,
        "Tax Provision": 200000.0,
        "Pretax Income": -12996000.0,
        "Other Income Expense": 705000.0,
        "Other Non Operating Income Expenses": 59000.0,
        "Special Income Charges": 646000.0,
        "Gain On Sale Of Ppe": 646000.0,
        "Net Non Operating Interest Income Expense": 17000.0,
        "Interest Income Non Operating": 17000.0,
        "Operating Income": -13718000.0,
        "Operating Expense": 14053000.0,
        "Depreciation Amortization Depletion Income Statement": 362000.0,
        "Depreciation And Amortization In Income Statement": 362000.0,
        "Research And Development": 1096000.0,
        "Selling General And Administration": 12595000.0,
        "Selling And Marketing Expense": 1236000.0,
        "General And Administrative Expense": 11359000.0,
        "Other Gand A": 11359000.0,
        "Gross Profit": NaN,
        "Cost Of Revenue": NaN,
        "Total Revenue": 335000.0,
        "Operating Revenue": 335000.0
    },
    "2022-03-31": {
        "Diluted EPS": -0.6,
        "Total Revenue": 0,
        "Gross Profit": 0,
        "Operating Income": -11,
        "EBIT": -10,
        "Net Income": -11
    },
    "2021-12-31": {
        "Diluted EPS": -0.69,
        "Total Revenue": 0,
        "Gross Profit": 0,
        "Operating Income": -12,
        "EBIT": -12,
        "Net Income": -13
    },
    "2021-09-30": {
        "Diluted EPS": -0.1,
        "Total Revenue": 0,
        "Gross Profit": 0,
        "Operating Income": -2,
        "EBIT": -1,
        "Net Income": -2
    },
    "2021-06-30": {
        "Diluted EPS": -0.68,
        "Total Revenue": 0,
        "Gross Profit": 0,
        "Operating Income": -12,
        "EBIT": -12,
        "Net Income": -12
    },
    "2021-03-31": {
        "Diluted EPS": -0.62,
        "Total Revenue": 0,
        "Gross Profit": 0,
        "Operating Income": -11,
        "EBIT": -11,
        "Net Income": -11
    },
    "2020-12-31": {
        "Diluted EPS": -0.69,
        "Total Revenue": 0,
        "Gross Profit": 0,
        "Operating Income": -12,
        "EBIT": -11,
        "Net Income": -12
    },
    "2020-09-30": {
        "Diluted EPS": -0.94,
        "Total Revenue": 0,
        "Gross Profit": 0,
        "Operating Income": -16,
        "EBIT": -15,
        "Net Income": -16
    },
    "2020-06-30": {
        "Diluted EPS": -0.88,
        "Total Revenue": 0,
        "Gross Profit": 0,
        "Operating Income": -15,
        "EBIT": -14,
        "Net Income": -15
    },
    "2020-03-31": {
        "Diluted EPS": -0.68,
        "Total Revenue": 0,
        "Gross Profit": 0,
        "Operating Income": -10,
        "EBIT": -9,
        "Net Income": -12
    },
    "2019-12-31": {
        "Diluted EPS": -0.52,
        "Total Revenue": 0,
        "Gross Profit": 0,
        "Operating Income": -9,
        "EBIT": -8,
        "Net Income": -9
    },
    "2019-09-30": {
        "Diluted EPS": -0.46,
        "Total Revenue": 0,
        "Gross Profit": 0,
        "Operating Income": -8,
        "EBIT": -8,
        "Net Income": -8
    },
    "2019-06-30": {
        "Diluted EPS": -0.63,
        "Total Revenue": 0,
        "Gross Profit": 0,
        "Operating Income": -10,
        "EBIT": -9,
        "Net Income": -9
    },
    "2019-03-31": {
        "Diluted EPS": -0.65,
        "Total Revenue": 1,
        "Gross Profit": 1,
        "Operating Income": -9,
        "EBIT": -9,
        "Net Income": -10
    },
    "2018-12-31": {
        "Diluted EPS": -0.57,
        "Total Revenue": 2,
        "Gross Profit": 1,
        "Operating Income": -9,
        "EBIT": -8,
        "Net Income": -8
    },
    "2018-09-30": {
        "Diluted EPS": -0.81,
        "Total Revenue": 2,
        "Gross Profit": 1,
        "Operating Income": -12,
        "EBIT": -11,
        "Net Income": -12
    },
    "2018-06-30": {
        "Diluted EPS": -0.85,
        "Total Revenue": 2,
        "Gross Profit": 0,
        "Operating Income": -13,
        "EBIT": -12,
        "Net Income": -12
    },
    "2018-03-31": {
        "Diluted EPS": -0.57,
        "Total Revenue": 2,
        "Gross Profit": 0,
        "Operating Income": -9,
        "EBIT": -8,
        "Net Income": -8
    },
    "2017-12-31": {
        "Diluted EPS": -0.01,
        "Total Revenue": 2,
        "Gross Profit": 0,
        "Operating Income": -8,
        "EBIT": -7,
        "Net Income": 0
    },
    "2017-09-30": {
        "Diluted EPS": -0.57,
        "Total Revenue": 2,
        "Gross Profit": 0,
        "Operating Income": -8,
        "EBIT": -7,
        "Net Income": -8
    },
    "2017-06-30": {
        "Diluted EPS": -0.55,
        "Total Revenue": 1,
        "Gross Profit": 0,
        "Operating Income": -7,
        "EBIT": -7,
        "Net Income": -8
    },
    "2017-03-31": {
        "Diluted EPS": -0.97,
        "Total Revenue": 1,
        "Gross Profit": -1,
        "Operating Income": -8,
        "EBIT": -7,
        "Net Income": -14
    },
    "2016-12-31": {
        "Diluted EPS": -0.51,
        "Total Revenue": 1,
        "Gross Profit": 0,
        "Operating Income": -7,
        "EBIT": -7,
        "Net Income": -7
    },
    "2016-09-30": {
        "Diluted EPS": -0.54,
        "Total Revenue": 1,
        "Gross Profit": -1,
        "Operating Income": -8,
        "EBIT": -7,
        "Net Income": -8
    },
    "2016-06-30": {
        "Diluted EPS": -0.7,
        "Total Revenue": 1,
        "Gross Profit": -1,
        "Operating Income": -10,
        "EBIT": -10,
        "Net Income": -10
    },
    "2016-03-31": {
        "Diluted EPS": -0.48,
        "Total Revenue": 1,
        "Gross Profit": -1,
        "Operating Income": -7,
        "EBIT": -7,
        "Net Income": -7
    },
    "2015-12-31": {
        "Diluted EPS": -0.36,
        "Total Revenue": 1,
        "Gross Profit": 0,
        "Operating Income": -5,
        "EBIT": -5,
        "Net Income": -5
    },
    "2015-09-30": {
        "Diluted EPS": -0.38,
        "Total Revenue": 1,
        "Gross Profit": 0,
        "Operating Income": -5,
        "EBIT": -5,
        "Net Income": -5
    },
    "2015-06-30": {
        "Diluted EPS": -0.32,
        "Total Revenue": 1,
        "Gross Profit": 0,
        "Operating Income": -4,
        "EBIT": -4,
        "Net Income": -4
    },
    "2015-03-31": {
        "Diluted EPS": -0.01,
        "Total Revenue": 1,
        "Gross Profit": 1,
        "Operating Income": -6,
        "EBIT": -6,
        "Net Income": -6
    },
    "2014-12-31": {
        "Diluted EPS": -0.28,
        "Total Revenue": 1,
        "Gross Profit": 1,
        "Operating Income": -4,
        "EBIT": -4,
        "Net Income": -4
    },
    "2014-09-30": {
        "Diluted EPS": -0.25,
        "Total Revenue": 1,
        "Gross Profit": 0,
        "Operating Income": -3,
        "EBIT": -3,
        "Net Income": -3
    },
    "2014-06-30": {
        "Diluted EPS": -0.92,
        "Total Revenue": 1,
        "Gross Profit": 1,
        "Operating Income": -2,
        "EBIT": -2,
        "Net Income": -3
    },
    "2014-03-31": {
        "Diluted EPS": 0.0,
        "Total Revenue": NaN,
        "Gross Profit": NaN,
        "Operating Income": NaN,
        "EBIT": NaN,
        "Net Income": NaN
    },
    "2013-12-31": {
        "Diluted EPS": -0.3,
        "Total Revenue": 1,
        "Gross Profit": 1,
        "Operating Income": 0,
        "EBIT": 0,
        "Net Income": 0
    },
    "2013-03-31": {
        "Diluted EPS": 0.0,
        "Total Revenue": NaN,
        "Gross Profit": NaN,
        "Operating Income": NaN,
        "EBIT": NaN,
        "Net Income": NaN
    },
    "2023-06-30": {
        "Tax Effect Of Unusual Items": NaN,
        "Tax Rate For Calcs": NaN,
        "Normalized EBITDA": NaN,
        "Total Unusual Items": NaN,
        "Total Unusual Items Excluding Goodwill": NaN,
        "Net Income From Continuing Operation Net Minority Interest": NaN,
        "Reconciled Depreciation": NaN,
        "EBITDA": NaN,
        "EBIT": NaN,
        "Net Interest Income": NaN,
        "Interest Income": NaN,
        "Normalized Income": NaN,
        "Net Income From Continuing And Discontinued Operation": NaN,
        "Total Expenses": NaN,
        "Total Operating Income As Reported": NaN,
        "Diluted Average Shares": 18951046.0,
        "Basic Average Shares": 18951046.0,
        "Diluted EPS": -0.11,
        "Basic EPS": -0.11,
        "Diluted NI Availto Com Stockholders": NaN,
        "Net Income Common Stockholders": NaN,
        "Net Income": NaN,
        "Net Income Including Noncontrolling Interests": NaN,
        "Net Income Continuous Operations": NaN,
        "Tax Provision": NaN,
        "Pretax Income": NaN,
        "Other Income Expense": NaN,
        "Other Non Operating Income Expenses": NaN,
        "Special Income Charges": NaN,
        "Gain On Sale Of Ppe": NaN,
        "Net Non Operating Interest Income Expense": NaN,
        "Interest Income Non Operating": NaN,
        "Operating Income": NaN,
        "Operating Expense": NaN,
        "Depreciation Amortization Depletion Income Statement": NaN,
        "Depreciation And Amortization In Income Statement": NaN,
        "Research And Development": NaN,
        "Selling General And Administration": NaN,
        "Selling And Marketing Expense": NaN,
        "General And Administrative Expense": NaN,
        "Other Gand A": NaN,
        "Total Revenue": NaN,
        "Operating Revenue": NaN
    },
    "2023-09-30": {
        "Tax Effect Of Unusual Items": NaN,
        "Tax Rate For Calcs": NaN,
        "Normalized EBITDA": NaN,
        "Total Unusual Items": NaN,
        "Total Unusual Items Excluding Goodwill": NaN,
        "Net Income From Continuing Operation Net Minority Interest": NaN,
        "Reconciled Depreciation": NaN,
        "EBITDA": NaN,
        "EBIT": NaN,
        "Net Interest Income": NaN,
        "Interest Income": NaN,
        "Normalized Income": NaN,
        "Net Income From Continuing And Discontinued Operation": NaN,
        "Total Expenses": NaN,
        "Total Operating Income As Reported": NaN,
        "Diluted Average Shares": 19109394.0,
        "Basic Average Shares": 18921126.0,
        "Diluted EPS": 0.11,
        "Basic EPS": 0.11,
        "Diluted NI Availto Com Stockholders": NaN,
        "Net Income Common Stockholders": NaN,
        "Net Income": NaN,
        "Net Income Including Noncontrolling Interests": NaN,
        "Net Income Continuous Operations": NaN,
        "Tax Provision": NaN,
        "Pretax Income": NaN,
        "Other Income Expense": NaN,
        "Other Non Operating Income Expenses": NaN,
        "Special Income Charges": NaN,
        "Gain On Sale Of Ppe": NaN,
        "Restructuring And Mergern Acquisition": NaN,
        "Net Non Operating Interest Income Expense": NaN,
        "Interest Income Non Operating": NaN,
        "Operating Income": NaN,
        "Operating Expense": NaN,
        "Depreciation Amortization Depletion Income Statement": NaN,
        "Depreciation And Amortization In Income Statement": NaN,
        "Research And Development": NaN,
        "Selling General And Administration": NaN,
        "Selling And Marketing Expense": NaN,
        "General And Administrative Expense": NaN,
        "Other Gand A": NaN,
        "Total Revenue": NaN,
        "Operating Revenue": NaN
    },
    "2023-12-31": {
        "Tax Effect Of Unusual Items": NaN,
        "Tax Rate For Calcs": NaN,
        "Normalized EBITDA": NaN,
        "Total Unusual Items": NaN,
        "Total Unusual Items Excluding Goodwill": NaN,
        "Net Income From Continuing Operation Net Minority Interest": NaN,
        "Reconciled Depreciation": NaN,
        "EBITDA": NaN,
        "EBIT": NaN,
        "Net Interest Income": NaN,
        "Interest Income": NaN,
        "Normalized Income": NaN,
        "Net Income From Continuing And Discontinued Operation": NaN,
        "Total Expenses": NaN,
        "Total Operating Income As Reported": NaN,
        "Diluted Average Shares": NaN,
        "Basic Average Shares": NaN,
        "Diluted EPS": NaN,
        "Basic EPS": NaN,
        "Diluted NI Availto Com Stockholders": NaN,
        "Net Income Common Stockholders": NaN,
        "Net Income": NaN,
        "Net Income Including Noncontrolling Interests": NaN,
        "Net Income Continuous Operations": NaN,
        "Tax Provision": NaN,
        "Pretax Income": NaN,
        "Other Income Expense": NaN,
        "Other Non Operating Income Expenses": NaN,
        "Special Income Charges": NaN,
        "Gain On Sale Of Ppe": NaN,
        "Restructuring And Mergern Acquisition": 0.0,
        "Net Non Operating Interest Income Expense": NaN,
        "Interest Income Non Operating": NaN,
        "Operating Income": NaN,
        "Operating Expense": NaN,
        "Depreciation Amortization Depletion Income Statement": NaN,
        "Depreciation And Amortization In Income Statement": NaN,
        "Research And Development": NaN,
        "Selling General And Administration": NaN,
        "Selling And Marketing Expense": NaN,
        "General And Administrative Expense": NaN,
        "Other Gand A": NaN,
        "Total Revenue": NaN,
        "Operating Revenue": NaN
    },
    "2024-03-31": {
        "Tax Effect Of Unusual Items": NaN,
        "Tax Rate For Calcs": NaN,
        "Normalized EBITDA": NaN,
        "Total Unusual Items": NaN,
        "Total Unusual Items Excluding Goodwill": NaN,
        "Net Income From Continuing Operation Net Minority Interest": NaN,
        "Reconciled Depreciation": NaN,
        "EBITDA": NaN,
        "EBIT": NaN,
        "Net Interest Income": NaN,
        "Interest Income": NaN,
        "Normalized Income": NaN,
        "Net Income From Continuing And Discontinued Operation": NaN,
        "Total Expenses": NaN,
        "Total Operating Income As Reported": NaN,
        "Diluted Average Shares": NaN,
        "Basic Average Shares": NaN,
        "Diluted EPS": NaN,
        "Basic EPS": NaN,
        "Diluted NI Availto Com Stockholders": NaN,
        "Net Income Common Stockholders": NaN,
        "Net Income": NaN,
        "Net Income Including Noncontrolling Interests": NaN,
        "Net Income Continuous Operations": NaN,
        "Tax Provision": NaN,
        "Pretax Income": NaN,
        "Other Income Expense": NaN,
        "Other Non Operating Income Expenses": 44000.0,
        "Special Income Charges": NaN,
        "Gain On Sale Of Ppe": NaN,
        "Restructuring And Mergern Acquisition": NaN,
        "Net Non Operating Interest Income Expense": NaN,
        "Interest Income Non Operating": NaN,
        "Operating Income": NaN,
        "Operating Expense": NaN,
        "Depreciation Amortization Depletion Income Statement": NaN,
        "Depreciation And Amortization In Income Statement": NaN,
        "Research And Development": NaN,
        "Selling General And Administration": NaN,
        "Selling And Marketing Expense": NaN,
        "General And Administrative Expense": NaN,
        "Other Gand A": NaN,
        "Total Revenue": NaN,
        "Operating Revenue": NaN
    },
    "2024-06-30": {
        "Tax Effect Of Unusual Items": NaN,
        "Tax Rate For Calcs": NaN,
        "Normalized EBITDA": NaN,
        "Total Unusual Items": NaN,
        "Total Unusual Items Excluding Goodwill": NaN,
        "Net Income From Continuing Operation Net Minority Interest": NaN,
        "Reconciled Depreciation": NaN,
        "EBITDA": NaN,
        "EBIT": NaN,
        "Net Interest Income": NaN,
        "Interest Income": NaN,
        "Normalized Income": NaN,
        "Net Income From Continuing And Discontinued Operation": NaN,
        "Total Expenses": NaN,
        "Total Operating Income As Reported": NaN,
        "Diluted Average Shares": NaN,
        "Basic Average Shares": NaN,
        "Diluted EPS": NaN,
        "Basic EPS": NaN,
        "Diluted NI Availto Com Stockholders": NaN,
        "Net Income Common Stockholders": NaN,
        "Net Income": NaN,
        "Net Income Including Noncontrolling Interests": NaN,
        "Net Income Continuous Operations": NaN,
        "Tax Provision": NaN,
        "Pretax Income": NaN,
        "Other Income Expense": NaN,
        "Other Non Operating Income Expenses": 16000.0,
        "Special Income Charges": NaN,
        "Gain On Sale Of Ppe": NaN,
        "Restructuring And Mergern Acquisition": NaN,
        "Net Non Operating Interest Income Expense": NaN,
        "Interest Income Non Operating": NaN,
        "Operating Income": NaN,
        "Operating Expense": NaN,
        "Depreciation Amortization Depletion Income Statement": NaN,
        "Depreciation And Amortization In Income Statement": NaN,
        "Research And Development": NaN,
        "Selling General And Administration": NaN,
        "Selling And Marketing Expense": NaN,
        "General And Administrative Expense": NaN,
        "Other Gand A": NaN,
        "Total Revenue": NaN,
        "Operating Revenue": NaN
    },
    "2024-09-30": {
        "Tax Effect Of Unusual Items": 0.0,
        "Tax Rate For Calcs": 0.21,
        "Normalized EBITDA": -12979000.0,
        "Total Unusual Items": 0.0,
        "Total Unusual Items Excluding Goodwill": 0.0,
        "Net Income From Continuing Operation Net Minority Interest": -12766000.0,
        "Reconciled Depreciation": 151000.0,
        "EBITDA": -12979000.0,
        "EBIT": -13130000.0,
        "Net Interest Income": 585000.0,
        "Interest Income": 585000.0,
        "Normalized Income": -12766000.0,
        "Net Income From Continuing And Discontinued Operation": -12766000.0,
        "Total Expenses": 14681000.0,
        "Total Operating Income As Reported": -13130000.0,
        "Diluted Average Shares": 18586075.0,
        "Basic Average Shares": 18586075.0,
        "Diluted EPS": -0.69,
        "Basic EPS": -0.69,
        "Diluted NI Availto Com Stockholders": -12766000.0,
        "Net Income Common Stockholders": -12766000.0,
        "Net Income": -12766000.0,
        "Net Income Including Noncontrolling Interests": -12766000.0,
        "Net Income Continuous Operations": -12766000.0,
        "Tax Provision": 230000.0,
        "Pretax Income": -12536000.0,
        "Other Income Expense": 9000.0,
        "Other Non Operating Income Expenses": 9000.0,
        "Special Income Charges": 0.0,
        "Gain On Sale Of Ppe": 0.0,
        "Restructuring And Mergern Acquisition": 0.0,
        "Net Non Operating Interest Income Expense": 585000.0,
        "Interest Income Non Operating": 585000.0,
        "Operating Income": -13130000.0,
        "Operating Expense": 14681000.0,
        "Depreciation Amortization Depletion Income Statement": 151000.0,
        "Depreciation And Amortization In Income Statement": 151000.0,
        "Research And Development": 1776000.0,
        "Selling General And Administration": 12754000.0,
        "Selling And Marketing Expense": 1357000.0,
        "General And Administrative Expense": 11397000.0,
        "Other Gand A": 11397000.0,
        "Total Revenue": 1551000.0,
        "Operating Revenue": 1551000.0
    },
    "2024-12-31": {
        "Tax Effect Of Unusual Items": 3620400.0,
        "Tax Rate For Calcs": 0.21,
        "Normalized EBITDA": -27306000.0,
        "Total Unusual Items": 17240000.0,
        "Total Unusual Items Excluding Goodwill": 17240000.0,
        "Net Income From Continuing Operation Net Minority Interest": 7710000.0,
        "Reconciled Depreciation": 142000.0,
        "EBITDA": -10066000.0,
        "EBIT": -10208000.0,
        "Net Interest Income": 434000.0,
        "Interest Income": 434000.0,
        "Normalized Income": -5909600.0,
        "Net Income From Continuing And Discontinued Operation": 7710000.0,
        "Total Expenses": 11774000.0,
        "Total Operating Income As Reported": 7032000.0,
        "Diluted Average Shares": 18783445.0,
        "Basic Average Shares": 18609736.0,
        "Diluted EPS": 0.41,
        "Basic EPS": 0.41,
        "Diluted NI Availto Com Stockholders": 7710000.0,
        "Net Income Common Stockholders": 7710000.0,
        "Net Income": 7710000.0,
        "Net Income Including Noncontrolling Interests": 7710000.0,
        "Net Income Continuous Operations": 7710000.0,
        "Tax Provision": -234000.0,
        "Pretax Income": 7476000.0,
        "Other Income Expense": 17250000.0,
        "Other Non Operating Income Expenses": 10000.0,
        "Special Income Charges": 17240000.0,
        "Gain On Sale Of Ppe": 20753000.0,
        "Restructuring And Mergern Acquisition": 3513000.0,
        "Net Non Operating Interest Income Expense": 434000.0,
        "Interest Income Non Operating": 434000.0,
        "Operating Income": -10208000.0,
        "Operating Expense": 11774000.0,
        "Depreciation Amortization Depletion Income Statement": 142000.0,
        "Depreciation And Amortization In Income Statement": 142000.0,
        "Research And Development": 1120000.0,
        "Selling General And Administration": 10512000.0,
        "Selling And Marketing Expense": 1309000.0,
        "General And Administrative Expense": 9203000.0,
        "Other Gand A": 9203000.0,
        "Total Revenue": 1566000.0,
        "Operating Revenue": 1566000.0
    },
    "2025-03-31": {
        "Tax Effect Of Unusual Items": 1363141.469338,
        "Tax Rate For Calcs": 0.068205,
        "Normalized EBITDA": -30500000.0,
        "Total Unusual Items": 19986000.0,
        "Total Unusual Items Excluding Goodwill": 19986000.0,
        "Net Income From Continuing Operation Net Minority Interest": 9208000.0,
        "Reconciled Depreciation": 76000.0,
        "EBITDA": -10514000.0,
        "EBIT": -10590000.0,
        "Net Interest Income": 446000.0,
        "Interest Income": 446000.0,
        "Normalized Income": -9414858.530662,
        "Net Income From Continuing And Discontinued Operation": 9208000.0,
        "Total Expenses": 11979000.0,
        "Total Operating Income As Reported": 9396000.0,
        "Diluted Average Shares": 18709205.0,
        "Basic Average Shares": 18577700.0,
        "Diluted EPS": 0.49,
        "Basic EPS": 0.5,
        "Diluted NI Availto Com Stockholders": 9208000.0,
        "Net Income Common Stockholders": 9208000.0,
        "Net Income": 9208000.0,
        "Net Income Including Noncontrolling Interests": 9208000.0,
        "Net Income Continuous Operations": 9208000.0,
        "Tax Provision": 674000.0,
        "Pretax Income": 9882000.0,
        "Other Income Expense": 20026000.0,
        "Other Non Operating Income Expenses": 40000.0,
        "Special Income Charges": 19986000.0,
        "Gain On Sale Of Ppe": 20244000.0,
        "Restructuring And Mergern Acquisition": 258000.0,
        "Net Non Operating Interest Income Expense": 446000.0,
        "Interest Income Non Operating": 446000.0,
        "Operating Income": -10590000.0,
        "Operating Expense": 11979000.0,
        "Depreciation Amortization Depletion Income Statement": 76000.0,
        "Depreciation And Amortization In Income Statement": 76000.0,
        "Research And Development": 1089000.0,
        "Selling General And Administration": 10814000.0,
        "Selling And Marketing Expense": 1594000.0,
        "General And Administrative Expense": 9220000.0,
        "Other Gand A": 9220000.0,
        "Total Revenue": 1389000.0,
        "Operating Revenue": 1389000.0
    },
    "2025-06-30": {
        "Tax Effect Of Unusual Items": 7192290.0,
        "Tax Rate For Calcs": 0.21,
        "Normalized EBITDA": -45893000.0,
        "Total Unusual Items": 34249000.0,
        "Total Unusual Items Excluding Goodwill": 34249000.0,
        "Net Income From Continuing Operation Net Minority Interest": 25180000.0,
        "Reconciled Depreciation": 124000.0,
        "EBITDA": -11644000.0,
        "EBIT": -11768000.0,
        "Net Interest Income": 442000.0,
        "Interest Income": 442000.0,
        "Normalized Income": -1876710.0,
        "Net Income From Continuing And Discontinued Operation": 25180000.0,
        "Total Expenses": 13186000.0,
        "Total Operating Income As Reported": 22481000.0,
        "Diluted Average Shares": 18704131.0,
        "Basic Average Shares": 18621701.0,
        "Diluted EPS": 1.35,
        "Basic EPS": 1.35,
        "Diluted NI Availto Com Stockholders": 25180000.0,
        "Net Income Common Stockholders": 25180000.0,
        "Net Income": 25180000.0,
        "Net Income Including Noncontrolling Interests": 25180000.0,
        "Net Income Continuous Operations": 25180000.0,
        "Tax Provision": -2257000.0,
        "Pretax Income": 22923000.0,
        "Other Income Expense": 34249000.0,
        "Other Non Operating Income Expenses": NaN,
        "Special Income Charges": 34249000.0,
        "Gain On Sale Of Ppe": 34869000.0,
        "Restructuring And Mergern Acquisition": 620000.0,
        "Net Non Operating Interest Income Expense": 442000.0,
        "Interest Income Non Operating": 442000.0,
        "Operating Income": -11768000.0,
        "Operating Expense": 13186000.0,
        "Depreciation Amortization Depletion Income Statement": 124000.0,
        "Depreciation And Amortization In Income Statement": 124000.0,
        "Research And Development": 1120000.0,
        "Selling General And Administration": 11942000.0,
        "Selling And Marketing Expense": 1493000.0,
        "General And Administrative Expense": 10449000.0,
        "Other Gand A": 10449000.0,
        "Total Revenue": 1418000.0,
        "Operating Revenue": 1418000.0
    },
    "2025-09-30": {
        "Tax Effect Of Unusual Items": 8658370.786517,
        "Tax Rate For Calcs": 0.123137,
        "Normalized EBITDA": -79822000.0,
        "Total Unusual Items": 70315000.0,
        "Total Unusual Items Excluding Goodwill": 70315000.0,
        "Net Income From Continuing Operation Net Minority Interest": 53536000.0,
        "Reconciled Depreciation": 133000.0,
        "EBITDA": -9507000.0,
        "EBIT": -9640000.0,
        "Net Interest Income": 379000.0,
        "Interest Income": 379000.0,
        "Normalized Income": -8120629.213483,
        "Net Income From Continuing And Discontinued Operation": 53536000.0,
        "Total Expenses": 11192000.0,
        "Total Operating Income As Reported": 60675000.0,
        "Diluted Average Shares": 18705801.0,
        "Basic Average Shares": 18687082.0,
        "Diluted EPS": 2.86,
        "Basic EPS": 2.86,
        "Diluted NI Availto Com Stockholders": 53536000.0,
        "Net Income Common Stockholders": 53536000.0,
        "Net Income": 53536000.0,
        "Net Income Including Noncontrolling Interests": 53536000.0,
        "Net Income Continuous Operations": 53536000.0,
        "Tax Provision": 7518000.0,
        "Pretax Income": 61054000.0,
        "Other Income Expense": 70315000.0,
        "Other Non Operating Income Expenses": NaN,
        "Special Income Charges": 70315000.0,
        "Gain On Sale Of Ppe": 71050000.0,
        "Restructuring And Mergern Acquisition": 735000.0,
        "Net Non Operating Interest Income Expense": 379000.0,
        "Interest Income Non Operating": 379000.0,
        "Operating Income": -9640000.0,
        "Operating Expense": 11192000.0,
        "Depreciation Amortization Depletion Income Statement": 133000.0,
        "Depreciation And Amortization In Income Statement": 133000.0,
        "Research And Development": 1212000.0,
        "Selling General And Administration": 9847000.0,
        "Selling And Marketing Expense": 1449000.0,
        "General And Administrative Expense": 8398000.0,
        "Other Gand A": 8398000.0,
        "Total Revenue": 1552000.0,
        "Operating Revenue": 1552000.0
    }
}