{
    "2023-03-31": {
        "Tax Effect Of Unusual Items": NaN,
        "Tax Rate For Calcs": NaN,
        "Normalized EBITDA": NaN,
        "Total Unusual Items": NaN,
        "Total Unusual Items Excluding Goodwill": NaN,
        "Net Income From Continuing Operation Net Minority Interest": NaN,
        "Reconciled Depreciation": NaN,
        "EBITDA": NaN,
        "EBIT": NaN,
        "Normalized Income": NaN,
        "Net Income From Continuing And Discontinued Operation": NaN,
        "Total Expenses": NaN,
        "Total Operating Income As Reported": NaN,
        "Diluted Average Shares": NaN,
        "Basic Average Shares": NaN,
        "Diluted EPS": NaN,
        "Basic EPS": NaN,
        "Diluted NI Availto Com Stockholders": NaN,
        "Net Income Common Stockholders": NaN,
        "Otherunder Preferred Stock Dividend": NaN,
        "Net Income": NaN,
        "Net Income Including Noncontrolling Interests": NaN,
        "Net Income Continuous Operations": NaN,
        "Pretax Income": NaN,
        "Other Income Expense": NaN,
        "Other Non Operating Income Expenses": NaN,
        "Special Income Charges": NaN,
        "Other Special Charges": NaN,
        "Operating Income": NaN,
        "Operating Expense": NaN,
        "Other Operating Expenses": -157000.0,
        "Research And Development": NaN,
        "Selling General And Administration": NaN,
        "General And Administrative Expense": NaN,
        "Other Gand A": NaN,
        "Salaries And Wages": NaN,
        "Total Revenue": NaN,
        "Operating Revenue": NaN
    },
    "2022-12-31": {
        "Tax Effect Of Unusual Items": NaN,
        "Tax Rate For Calcs": NaN,
        "Normalized EBITDA": NaN,
        "Net Income From Continuing Operation Net Minority Interest": NaN,
        "Reconciled Depreciation": NaN,
        "EBITDA": NaN,
        "EBIT": NaN,
        "Normalized Income": NaN,
        "Net Income From Continuing And Discontinued Operation": NaN,
        "Total Expenses": NaN,
        "Total Operating Income As Reported": NaN,
        "Diluted Average Shares": NaN,
        "Basic Average Shares": NaN,
        "Diluted EPS": NaN,
        "Basic EPS": NaN,
        "Diluted NI Availto Com Stockholders": NaN,
        "Net Income Common Stockholders": NaN,
        "Otherunder Preferred Stock Dividend": -516000.0,
        "Net Income": NaN,
        "Net Income Including Noncontrolling Interests": NaN,
        "Net Income Continuous Operations": NaN,
        "Pretax Income": NaN,
        "Other Income Expense": NaN,
        "Other Non Operating Income Expenses": NaN,
        "Operating Income": NaN,
        "Operating Expense": NaN,
        "Other Operating Expenses": -1227000.0,
        "Research And Development": NaN,
        "Selling General And Administration": NaN,
        "General And Administrative Expense": NaN,
        "Other Gand A": NaN,
        "Salaries And Wages": NaN,
        "Total Revenue": NaN,
        "Operating Revenue": NaN
    },
    "2022-09-30": {
        "Tax Effect Of Unusual Items": NaN,
        "Tax Rate For Calcs": NaN,
        "Normalized EBITDA": NaN,
        "Net Income From Continuing Operation Net Minority Interest": NaN,
        "Reconciled Depreciation": NaN,
        "EBITDA": NaN,
        "EBIT": NaN,
        "Net Interest Income": 987000.0,
        "Interest Income": 987000.0,
        "Normalized Income": NaN,
        "Net Income From Continuing And Discontinued Operation": NaN,
        "Total Expenses": NaN,
        "Total Operating Income As Reported": NaN,
        "Diluted Average Shares": 37817724.0,
        "Basic Average Shares": 37817724.0,
        "Diluted EPS": -0.53,
        "Basic EPS": -0.53,
        "Diluted NI Availto Com Stockholders": NaN,
        "Net Income Common Stockholders": NaN,
        "Otherunder Preferred Stock Dividend": 547000.0,
        "Net Income": NaN,
        "Net Income Including Noncontrolling Interests": NaN,
        "Net Income Continuous Operations": NaN,
        "Pretax Income": NaN,
        "Other Income Expense": NaN,
        "Other Non Operating Income Expenses": NaN,
        "Net Non Operating Interest Income Expense": 987000.0,
        "Interest Income Non Operating": 987000.0,
        "Operating Income": NaN,
        "Operating Expense": NaN,
        "Other Operating Expenses": -2959000.0,
        "Research And Development": NaN,
        "Selling General And Administration": NaN,
        "General And Administrative Expense": NaN,
        "Other Gand A": NaN,
        "Salaries And Wages": NaN,
        "Total Revenue": NaN,
        "Operating Revenue": NaN
    },
    "2022-06-30": {
        "Tax Effect Of Unusual Items": 0.0,
        "Tax Rate For Calcs": 0.0,
        "Normalized EBITDA": -24607000.0,
        "Net Income From Continuing Operation Net Minority Interest": -24335000.0,
        "Reconciled Depreciation": 221000.0,
        "EBITDA": -24607000.0,
        "EBIT": -24828000.0,
        "Net Interest Income": 493000.0,
        "Interest Income": 493000.0,
        "Normalized Income": -24335000.0,
        "Net Income From Continuing And Discontinued Operation": -24335000.0,
        "Total Expenses": 24828000.0,
        "Total Operating Income As Reported": -23569000.0,
        "Diluted Average Shares": 37667971.0,
        "Basic Average Shares": 37667971.0,
        "Diluted EPS": -0.65,
        "Basic EPS": -0.65,
        "Diluted NI Availto Com Stockholders": -24335000.0,
        "Net Income Common Stockholders": -24335000.0,
        "Otherunder Preferred Stock Dividend": NaN,
        "Net Income": -24335000.0,
        "Net Income Including Noncontrolling Interests": -24335000.0,
        "Net Income Continuous Operations": -24335000.0,
        "Pretax Income": -24335000.0,
        "Other Income Expense": NaN,
        "Other Non Operating Income Expenses": NaN,
        "Net Non Operating Interest Income Expense": 493000.0,
        "Interest Income Non Operating": 493000.0,
        "Operating Income": -24828000.0,
        "Operating Expense": 24828000.0,
        "Other Operating Expenses": 1259000.0,
        "Research And Development": 14803000.0,
        "Selling General And Administration": 8766000.0,
        "General And Administrative Expense": 8766000.0,
        "Other Gand A": 8766000.0,
        "Salaries And Wages": NaN,
        "Total Revenue": 0.0,
        "Operating Revenue": 0.0
    },
    "2022-03-31": {
        "Diluted EPS": -0.56,
        "Total Revenue": NaN,
        "Gross Profit": NaN,
        "Operating Income": -23,
        "EBIT": -23,
        "Net Income": -21
    },
    "2021-12-31": {
        "Diluted EPS": -0.44,
        "Total Revenue": NaN,
        "Gross Profit": NaN,
        "Operating Income": -19,
        "EBIT": -19,
        "Net Income": -16
    },
    "2021-09-30": {
        "Diluted EPS": -0.42,
        "Total Revenue": NaN,
        "Gross Profit": NaN,
        "Operating Income": -18,
        "EBIT": -18,
        "Net Income": -16
    },
    "2021-06-30": {
        "Diluted EPS": -0.38,
        "Total Revenue": NaN,
        "Gross Profit": NaN,
        "Operating Income": -17,
        "EBIT": -16,
        "Net Income": -14
    },
    "2021-03-31": {
        "Diluted EPS": -0.25,
        "Total Revenue": NaN,
        "Gross Profit": NaN,
        "Operating Income": -11,
        "EBIT": -11,
        "Net Income": -9
    },
    "2020-12-31": {
        "Diluted EPS": 0.41,
        "Total Revenue": NaN,
        "Gross Profit": NaN,
        "Operating Income": -9,
        "EBIT": -9,
        "Net Income": -8
    },
    "2020-09-30": {
        "Diluted EPS": -1.12,
        "Total Revenue": NaN,
        "Gross Profit": NaN,
        "Operating Income": -7,
        "EBIT": -7,
        "Net Income": -8
    },
    "2020-06-30": {
        "Diluted EPS": -0.48,
        "Total Revenue": NaN,
        "Gross Profit": NaN,
        "Operating Income": -2,
        "EBIT": -2,
        "Net Income": -2
    },
    "2020-03-31": {
        "Diluted EPS": -0.48,
        "Total Revenue": NaN,
        "Gross Profit": NaN,
        "Operating Income": -1,
        "EBIT": -1,
        "Net Income": -2
    },
    "2019-12-31": {
        "Diluted EPS": 0.0,
        "Total Revenue": NaN,
        "Gross Profit": NaN,
        "Operating Income": NaN,
        "EBIT": NaN,
        "Net Income": NaN
    },
    "2019-09-30": {
        "Diluted EPS": -0.43,
        "Total Revenue": NaN,
        "Gross Profit": NaN,
        "Operating Income": -2,
        "EBIT": -2,
        "Net Income": -2
    },
    "2018-12-31": {
        "Diluted EPS": 0.0,
        "Total Revenue": NaN,
        "Gross Profit": NaN,
        "Operating Income": NaN,
        "EBIT": NaN,
        "Net Income": NaN
    },
    "2023-06-30": {
        "Tax Effect Of Unusual Items": NaN,
        "Tax Rate For Calcs": NaN,
        "Normalized EBITDA": NaN,
        "Total Unusual Items": NaN,
        "Total Unusual Items Excluding Goodwill": NaN,
        "Net Income From Continuing Operation Net Minority Interest": NaN,
        "Reconciled Depreciation": NaN,
        "EBITDA": NaN,
        "EBIT": NaN,
        "Normalized Income": NaN,
        "Net Income From Continuing And Discontinued Operation": NaN,
        "Total Expenses": NaN,
        "Total Operating Income As Reported": NaN,
        "Diluted Average Shares": 37999578.0,
        "Basic Average Shares": 37999578.0,
        "Diluted EPS": -0.78,
        "Basic EPS": -0.78,
        "Diluted NI Availto Com Stockholders": NaN,
        "Net Income Common Stockholders": NaN,
        "Otherunder Preferred Stock Dividend": NaN,
        "Net Income": NaN,
        "Net Income Including Noncontrolling Interests": NaN,
        "Net Income Continuous Operations": NaN,
        "Pretax Income": NaN,
        "Other Income Expense": NaN,
        "Other Non Operating Income Expenses": NaN,
        "Special Income Charges": NaN,
        "Other Special Charges": NaN,
        "Operating Income": NaN,
        "Operating Expense": NaN,
        "Other Operating Expenses": NaN,
        "Research And Development": NaN,
        "Selling General And Administration": NaN,
        "General And Administrative Expense": NaN,
        "Other Gand A": NaN,
        "Salaries And Wages": 1832000.0,
        "Total Revenue": NaN,
        "Operating Revenue": NaN
    },
    "2023-09-30": {
        "Tax Effect Of Unusual Items": NaN,
        "Tax Rate For Calcs": NaN,
        "Normalized EBITDA": NaN,
        "Total Unusual Items": 0.0,
        "Total Unusual Items Excluding Goodwill": 0.0,
        "Net Income From Continuing Operation Net Minority Interest": NaN,
        "Reconciled Depreciation": NaN,
        "EBITDA": NaN,
        "EBIT": NaN,
        "Normalized Income": NaN,
        "Net Income From Continuing And Discontinued Operation": NaN,
        "Total Expenses": NaN,
        "Total Operating Income As Reported": NaN,
        "Diluted Average Shares": 38054583.0,
        "Basic Average Shares": 38054583.0,
        "Diluted EPS": -0.87,
        "Basic EPS": -0.87,
        "Diluted NI Availto Com Stockholders": NaN,
        "Net Income Common Stockholders": NaN,
        "Otherunder Preferred Stock Dividend": -261000.0,
        "Net Income": NaN,
        "Net Income Including Noncontrolling Interests": NaN,
        "Net Income Continuous Operations": NaN,
        "Pretax Income": NaN,
        "Other Income Expense": NaN,
        "Other Non Operating Income Expenses": NaN,
        "Special Income Charges": 0.0,
        "Other Special Charges": NaN,
        "Operating Income": NaN,
        "Operating Expense": NaN,
        "Other Operating Expenses": NaN,
        "Research And Development": NaN,
        "Selling General And Administration": NaN,
        "General And Administrative Expense": NaN,
        "Other Gand A": NaN,
        "Total Revenue": NaN,
        "Operating Revenue": NaN
    },
    "2023-12-31": {
        "Tax Effect Of Unusual Items": 0.0,
        "Tax Rate For Calcs": 0.0,
        "Normalized EBITDA": -30397000.0,
        "Total Unusual Items": NaN,
        "Total Unusual Items Excluding Goodwill": NaN,
        "Net Income From Continuing Operation Net Minority Interest": -27285000.0,
        "Reconciled Depreciation": 245000.0,
        "EBITDA": -30397000.0,
        "EBIT": -30642000.0,
        "Normalized Income": -27285000.0,
        "Net Income From Continuing And Discontinued Operation": -27285000.0,
        "Total Expenses": 30642000.0,
        "Total Operating Income As Reported": -29014000.0,
        "Diluted Average Shares": NaN,
        "Basic Average Shares": NaN,
        "Diluted EPS": NaN,
        "Basic EPS": NaN,
        "Diluted NI Availto Com Stockholders": -28563000.0,
        "Net Income Common Stockholders": -28563000.0,
        "Otherunder Preferred Stock Dividend": NaN,
        "Net Income": -27285000.0,
        "Net Income Including Noncontrolling Interests": -27285000.0,
        "Net Income Continuous Operations": -27285000.0,
        "Pretax Income": -27285000.0,
        "Other Income Expense": 3357000.0,
        "Other Non Operating Income Expenses": 1729000.0,
        "Special Income Charges": NaN,
        "Other Special Charges": NaN,
        "Operating Income": -30642000.0,
        "Operating Expense": 30642000.0,
        "Other Operating Expenses": 0.0,
        "Research And Development": 23680000.0,
        "Selling General And Administration": 6962000.0,
        "General And Administrative Expense": 6962000.0,
        "Other Gand A": 6962000.0,
        "Total Revenue": 0.0,
        "Operating Revenue": 0.0
    },
    "2024-03-31": {
        "Tax Effect Of Unusual Items": 0.0,
        "Tax Rate For Calcs": 0.0,
        "Normalized EBITDA": -27445000.0,
        "Total Unusual Items": NaN,
        "Total Unusual Items Excluding Goodwill": NaN,
        "Net Income From Continuing Operation Net Minority Interest": -26337000.0,
        "Reconciled Depreciation": 242000.0,
        "EBITDA": -27445000.0,
        "EBIT": -27687000.0,
        "Normalized Income": -26337000.0,
        "Net Income From Continuing And Discontinued Operation": -26337000.0,
        "Total Expenses": 27687000.0,
        "Total Operating Income As Reported": -27687000.0,
        "Diluted Average Shares": 38321573.0,
        "Basic Average Shares": 38321573.0,
        "Diluted EPS": -0.69,
        "Basic EPS": -0.69,
        "Diluted NI Availto Com Stockholders": -26337000.0,
        "Net Income Common Stockholders": -26337000.0,
        "Otherunder Preferred Stock Dividend": NaN,
        "Net Income": -26337000.0,
        "Net Income Including Noncontrolling Interests": -26337000.0,
        "Net Income Continuous Operations": -26337000.0,
        "Pretax Income": -26337000.0,
        "Other Income Expense": 1350000.0,
        "Other Non Operating Income Expenses": 1350000.0,
        "Special Income Charges": NaN,
        "Other Special Charges": NaN,
        "Operating Income": -27687000.0,
        "Operating Expense": 27687000.0,
        "Other Operating Expenses": NaN,
        "Research And Development": 21236000.0,
        "Selling General And Administration": 6451000.0,
        "General And Administrative Expense": 6451000.0,
        "Other Gand A": 6451000.0,
        "Total Revenue": 0.0,
        "Operating Revenue": 0.0
    },
    "2024-06-30": {
        "Tax Effect Of Unusual Items": 0.0,
        "Tax Rate For Calcs": 0.0,
        "Normalized EBITDA": -27786000.0,
        "Total Unusual Items": NaN,
        "Total Unusual Items Excluding Goodwill": NaN,
        "Net Income From Continuing Operation Net Minority Interest": -26859000.0,
        "Reconciled Depreciation": 242000.0,
        "EBITDA": -27786000.0,
        "EBIT": -28028000.0,
        "Normalized Income": -26859000.0,
        "Net Income From Continuing And Discontinued Operation": -26859000.0,
        "Total Expenses": 28028000.0,
        "Total Operating Income As Reported": -28028000.0,
        "Diluted Average Shares": 38379733.0,
        "Basic Average Shares": 38379733.0,
        "Diluted EPS": -0.7,
        "Basic EPS": -0.7,
        "Diluted NI Availto Com Stockholders": -26859000.0,
        "Net Income Common Stockholders": -26859000.0,
        "Otherunder Preferred Stock Dividend": NaN,
        "Net Income": -26859000.0,
        "Net Income Including Noncontrolling Interests": -26859000.0,
        "Net Income Continuous Operations": -26859000.0,
        "Pretax Income": -26859000.0,
        "Other Income Expense": 1169000.0,
        "Other Non Operating Income Expenses": 1169000.0,
        "Special Income Charges": NaN,
        "Other Special Charges": NaN,
        "Operating Income": -28028000.0,
        "Operating Expense": 28028000.0,
        "Other Operating Expenses": NaN,
        "Research And Development": 22154000.0,
        "Selling General And Administration": 5874000.0,
        "General And Administrative Expense": 5874000.0,
        "Other Gand A": 5874000.0,
        "Total Revenue": 0.0,
        "Operating Revenue": 0.0
    },
    "2024-09-30": {
        "Tax Effect Of Unusual Items": 0.0,
        "Tax Rate For Calcs": 0.0,
        "Normalized EBITDA": -21124000.0,
        "Total Unusual Items": -4127000.0,
        "Total Unusual Items Excluding Goodwill": -4127000.0,
        "Net Income From Continuing Operation Net Minority Interest": -28741000.0,
        "Reconciled Depreciation": 243000.0,
        "EBITDA": -25251000.0,
        "EBIT": -25494000.0,
        "Normalized Income": -24614000.0,
        "Net Income From Continuing And Discontinued Operation": -28741000.0,
        "Total Expenses": 25494000.0,
        "Total Operating Income As Reported": -29621000.0,
        "Diluted Average Shares": 38517602.0,
        "Basic Average Shares": 38517602.0,
        "Diluted EPS": -0.75,
        "Basic EPS": -0.75,
        "Diluted NI Availto Com Stockholders": -28700000.0,
        "Net Income Common Stockholders": -28700000.0,
        "Otherunder Preferred Stock Dividend": -41000.0,
        "Net Income": -28741000.0,
        "Net Income Including Noncontrolling Interests": -28741000.0,
        "Net Income Continuous Operations": -28741000.0,
        "Pretax Income": -28741000.0,
        "Other Income Expense": -3247000.0,
        "Other Non Operating Income Expenses": 880000.0,
        "Special Income Charges": -4127000.0,
        "Other Special Charges": 4127000.0,
        "Operating Income": -25494000.0,
        "Operating Expense": 25494000.0,
        "Other Operating Expenses": NaN,
        "Research And Development": 17922000.0,
        "Selling General And Administration": 7572000.0,
        "General And Administrative Expense": 7572000.0,
        "Other Gand A": 7572000.0,
        "Total Revenue": 0.0,
        "Operating Revenue": 0.0
    },
    "2024-12-31": {
        "Tax Effect Of Unusual Items": 0.0,
        "Tax Rate For Calcs": 0.0,
        "Normalized EBITDA": -15323000.0,
        "Total Unusual Items": 0.0,
        "Total Unusual Items Excluding Goodwill": 0.0,
        "Net Income From Continuing Operation Net Minority Interest": -15003000.0,
        "Reconciled Depreciation": 243000.0,
        "EBITDA": -15323000.0,
        "EBIT": -15566000.0,
        "Normalized Income": -15003000.0,
        "Net Income From Continuing And Discontinued Operation": -15003000.0,
        "Total Expenses": 15566000.0,
        "Total Operating Income As Reported": -15566000.0,
        "Diluted Average Shares": NaN,
        "Basic Average Shares": NaN,
        "Diluted EPS": NaN,
        "Basic EPS": NaN,
        "Diluted NI Availto Com Stockholders": -15355000.0,
        "Net Income Common Stockholders": -15355000.0,
        "Otherunder Preferred Stock Dividend": NaN,
        "Net Income": -15003000.0,
        "Net Income Including Noncontrolling Interests": -15003000.0,
        "Net Income Continuous Operations": -15003000.0,
        "Pretax Income": -15003000.0,
        "Other Income Expense": 563000.0,
        "Other Non Operating Income Expenses": 563000.0,
        "Special Income Charges": 0.0,
        "Other Special Charges": 0.0,
        "Operating Income": -15566000.0,
        "Operating Expense": 15566000.0,
        "Other Operating Expenses": NaN,
        "Research And Development": 9370000.0,
        "Selling General And Administration": 6196000.0,
        "General And Administrative Expense": 6196000.0,
        "Other Gand A": 6196000.0,
        "Total Revenue": 0.0,
        "Operating Revenue": 0.0
    }
}