{
    "2023-03-31": {
        "Tax Effect Of Unusual Items": NaN,
        "Tax Rate For Calcs": NaN,
        "Normalized EBITDA": NaN,
        "Total Unusual Items": NaN,
        "Total Unusual Items Excluding Goodwill": NaN,
        "Net Income From Continuing Operation Net Minority Interest": NaN,
        "Reconciled Depreciation": NaN,
        "EBITDA": NaN,
        "EBIT": NaN,
        "Net Interest Income": NaN,
        "Interest Expense": NaN,
        "Interest Income": 0.0,
        "Normalized Income": NaN,
        "Net Income From Continuing And Discontinued Operation": NaN,
        "Total Expenses": NaN,
        "Total Operating Income As Reported": NaN,
        "Diluted Average Shares": NaN,
        "Basic Average Shares": NaN,
        "Diluted EPS": NaN,
        "Basic EPS": NaN,
        "Diluted NI Availto Com Stockholders": NaN,
        "Net Income Common Stockholders": NaN,
        "Net Income": NaN,
        "Net Income Including Noncontrolling Interests": NaN,
        "Net Income Continuous Operations": NaN,
        "Tax Provision": NaN,
        "Pretax Income": NaN,
        "Other Income Expense": NaN,
        "Other Non Operating Income Expenses": NaN,
        "Special Income Charges": NaN,
        "Write Off": NaN,
        "Impairment Of Capital Assets": NaN,
        "Gain On Sale Of Security": NaN,
        "Net Non Operating Interest Income Expense": NaN,
        "Interest Expense Non Operating": NaN,
        "Interest Income Non Operating": 0.0,
        "Operating Income": NaN,
        "Operating Expense": NaN,
        "Research And Development": NaN,
        "Selling General And Administration": NaN,
        "General And Administrative Expense": NaN,
        "Other Gand A": NaN,
        "Total Revenue": NaN,
        "Operating Revenue": NaN
    },
    "2022-12-31": {
        "Tax Effect Of Unusual Items": NaN,
        "Tax Rate For Calcs": NaN,
        "Normalized EBITDA": NaN,
        "Total Unusual Items": NaN,
        "Total Unusual Items Excluding Goodwill": NaN,
        "Net Income From Continuing Operation Net Minority Interest": NaN,
        "Reconciled Depreciation": NaN,
        "EBITDA": NaN,
        "EBIT": NaN,
        "Net Interest Income": NaN,
        "Interest Expense": NaN,
        "Interest Income": NaN,
        "Normalized Income": NaN,
        "Net Income From Continuing And Discontinued Operation": NaN,
        "Total Expenses": NaN,
        "Total Operating Income As Reported": NaN,
        "Diluted Average Shares": NaN,
        "Basic Average Shares": NaN,
        "Diluted EPS": NaN,
        "Basic EPS": NaN,
        "Diluted NI Availto Com Stockholders": NaN,
        "Net Income Common Stockholders": NaN,
        "Net Income": NaN,
        "Net Income Including Noncontrolling Interests": NaN,
        "Net Income Continuous Operations": NaN,
        "Tax Provision": NaN,
        "Pretax Income": NaN,
        "Other Income Expense": NaN,
        "Other Non Operating Income Expenses": NaN,
        "Special Income Charges": -18016512.0,
        "Write Off": NaN,
        "Impairment Of Capital Assets": 14674428.0,
        "Gain On Sale Of Security": NaN,
        "Net Non Operating Interest Income Expense": NaN,
        "Interest Expense Non Operating": NaN,
        "Interest Income Non Operating": NaN,
        "Operating Income": NaN,
        "Operating Expense": NaN,
        "Research And Development": NaN,
        "Selling General And Administration": NaN,
        "General And Administrative Expense": NaN,
        "Other Gand A": NaN,
        "Total Revenue": NaN,
        "Operating Revenue": NaN
    },
    "2022-09-30": {
        "Tax Effect Of Unusual Items": NaN,
        "Tax Rate For Calcs": NaN,
        "Normalized EBITDA": NaN,
        "Total Unusual Items": NaN,
        "Total Unusual Items Excluding Goodwill": NaN,
        "Net Income From Continuing Operation Net Minority Interest": NaN,
        "Reconciled Depreciation": NaN,
        "EBITDA": NaN,
        "EBIT": NaN,
        "Net Interest Income": NaN,
        "Interest Expense": NaN,
        "Interest Income": NaN,
        "Normalized Income": NaN,
        "Net Income From Continuing And Discontinued Operation": NaN,
        "Total Expenses": NaN,
        "Total Operating Income As Reported": NaN,
        "Diluted Average Shares": 103109.0,
        "Basic Average Shares": 103109.0,
        "Diluted EPS": -208.43,
        "Basic EPS": -208.43,
        "Diluted NI Availto Com Stockholders": NaN,
        "Net Income Common Stockholders": NaN,
        "Net Income": NaN,
        "Net Income Including Noncontrolling Interests": NaN,
        "Net Income Continuous Operations": NaN,
        "Tax Provision": NaN,
        "Pretax Income": NaN,
        "Other Income Expense": NaN,
        "Other Non Operating Income Expenses": NaN,
        "Special Income Charges": -18872850.0,
        "Write Off": 0.0,
        "Impairment Of Capital Assets": 18872850.0,
        "Gain On Sale Of Security": NaN,
        "Net Non Operating Interest Income Expense": NaN,
        "Interest Expense Non Operating": NaN,
        "Interest Income Non Operating": NaN,
        "Operating Income": NaN,
        "Operating Expense": NaN,
        "Research And Development": NaN,
        "Selling General And Administration": NaN,
        "General And Administrative Expense": NaN,
        "Other Gand A": NaN,
        "Total Revenue": NaN,
        "Operating Revenue": NaN
    },
    "2022-06-30": {
        "Tax Effect Of Unusual Items": 0.0,
        "Tax Rate For Calcs": 0.0,
        "Normalized EBITDA": -4502408.0,
        "Total Unusual Items": 7487538.0,
        "Total Unusual Items Excluding Goodwill": 7487538.0,
        "Net Income From Continuing Operation Net Minority Interest": 2939284.0,
        "Reconciled Depreciation": 36960.0,
        "EBITDA": 2985130.0,
        "EBIT": 2948170.0,
        "Net Interest Income": -8886.0,
        "Interest Expense": 8886.0,
        "Interest Income": NaN,
        "Normalized Income": -4548254.0,
        "Net Income From Continuing And Discontinued Operation": 2939284.0,
        "Total Expenses": 4521848.0,
        "Total Operating Income As Reported": -4521848.0,
        "Diluted Average Shares": 1705629.0,
        "Basic Average Shares": 1705629.0,
        "Diluted EPS": 1.72,
        "Basic EPS": 1.72,
        "Diluted NI Availto Com Stockholders": 2939284.0,
        "Net Income Common Stockholders": 2939284.0,
        "Net Income": 2939284.0,
        "Net Income Including Noncontrolling Interests": 2939284.0,
        "Net Income Continuous Operations": 2939284.0,
        "Tax Provision": 0.0,
        "Pretax Income": 2939284.0,
        "Other Income Expense": 7470018.0,
        "Other Non Operating Income Expenses": -17520.0,
        "Special Income Charges": 0.0,
        "Impairment Of Capital Assets": NaN,
        "Gain On Sale Of Security": 7487538.0,
        "Net Non Operating Interest Income Expense": -8886.0,
        "Interest Expense Non Operating": 8886.0,
        "Interest Income Non Operating": NaN,
        "Operating Income": -4521848.0,
        "Operating Expense": 4521848.0,
        "Research And Development": 503694.0,
        "Selling General And Administration": 4018154.0,
        "General And Administrative Expense": 4018154.0,
        "Other Gand A": 4018154.0,
        "Total Revenue": 0.0,
        "Operating Revenue": 0.0
    },
    "2022-03-31": {
        "Diluted EPS": 0.92,
        "Total Revenue": NaN,
        "Gross Profit": NaN,
        "Operating Income": -4,
        "EBIT": -3,
        "Net Income": 2
    },
    "2021-12-31": {
        "Diluted EPS": 9.04,
        "Total Revenue": NaN,
        "Gross Profit": NaN,
        "Operating Income": -4,
        "EBIT": -3,
        "Net Income": 1
    },
    "2021-09-30": {
        "Diluted EPS": 4.6,
        "Total Revenue": NaN,
        "Gross Profit": NaN,
        "Operating Income": -4,
        "EBIT": -4,
        "Net Income": 18
    },
    "2021-06-30": {
        "Diluted EPS": -15.0,
        "Total Revenue": NaN,
        "Gross Profit": NaN,
        "Operating Income": -4,
        "EBIT": -4,
        "Net Income": -23
    },
    "2021-03-31": {
        "Diluted EPS": -11.6,
        "Total Revenue": NaN,
        "Gross Profit": NaN,
        "Operating Income": -3,
        "EBIT": -2,
        "Net Income": -16
    },
    "2020-12-31": {
        "Diluted EPS": -9.8,
        "Total Revenue": NaN,
        "Gross Profit": NaN,
        "Operating Income": -2,
        "EBIT": -1,
        "Net Income": -9
    },
    "2020-09-30": {
        "Diluted EPS": -1.0,
        "Total Revenue": NaN,
        "Gross Profit": NaN,
        "Operating Income": -1,
        "EBIT": -1,
        "Net Income": -1
    },
    "2020-06-30": {
        "Diluted EPS": 0.4,
        "Total Revenue": NaN,
        "Gross Profit": NaN,
        "Operating Income": -1,
        "EBIT": -1,
        "Net Income": 0
    },
    "2020-03-31": {
        "Diluted EPS": -2.8,
        "Total Revenue": NaN,
        "Gross Profit": NaN,
        "Operating Income": -2,
        "EBIT": -2,
        "Net Income": -2
    },
    "2019-12-31": {
        "Diluted EPS": -46.2,
        "Total Revenue": NaN,
        "Gross Profit": NaN,
        "Operating Income": -20,
        "EBIT": -20,
        "Net Income": -26
    },
    "2019-09-30": {
        "Diluted EPS": -0.2,
        "Total Revenue": NaN,
        "Gross Profit": NaN,
        "Operating Income": 0,
        "EBIT": 0,
        "Net Income": 0
    },
    "2019-06-30": {
        "Diluted EPS": 0.0,
        "Total Revenue": NaN,
        "Gross Profit": NaN,
        "Operating Income": 0,
        "EBIT": 0,
        "Net Income": 0
    },
    "2019-03-31": {
        "Diluted EPS": 0.4,
        "Total Revenue": NaN,
        "Gross Profit": NaN,
        "Operating Income": 0,
        "EBIT": 0,
        "Net Income": 0
    },
    "2018-12-31": {
        "Diluted EPS": 0.6,
        "Total Revenue": NaN,
        "Gross Profit": NaN,
        "Operating Income": 0,
        "EBIT": 0,
        "Net Income": 0
    },
    "2018-09-30": {
        "Diluted EPS": 0.4,
        "Total Revenue": NaN,
        "Gross Profit": NaN,
        "Operating Income": 0,
        "EBIT": 0,
        "Net Income": 0
    },
    "2018-06-30": {
        "Diluted EPS": 0.2,
        "Total Revenue": NaN,
        "Gross Profit": NaN,
        "Operating Income": 0,
        "EBIT": 0,
        "Net Income": 0
    },
    "2018-03-31": {
        "Diluted EPS": 0.2,
        "Total Revenue": NaN,
        "Gross Profit": NaN,
        "Operating Income": 0,
        "EBIT": 0,
        "Net Income": 0
    },
    "2017-12-31": {
        "Diluted EPS": 0.2,
        "Total Revenue": NaN,
        "Gross Profit": NaN,
        "Operating Income": 0,
        "EBIT": 0,
        "Net Income": 0
    },
    "2017-09-30": {
        "Diluted EPS": 0.2,
        "Total Revenue": NaN,
        "Gross Profit": NaN,
        "Operating Income": 0,
        "EBIT": 0,
        "Net Income": 0
    },
    "2017-06-30": {
        "Diluted EPS": 0.0,
        "Total Revenue": NaN,
        "Gross Profit": NaN,
        "Operating Income": 0,
        "EBIT": 0,
        "Net Income": 0
    },
    "2017-03-31": {
        "Diluted EPS": -0.2,
        "Total Revenue": NaN,
        "Gross Profit": NaN,
        "Operating Income": 0,
        "EBIT": 0,
        "Net Income": 0
    },
    "2016-12-31": {
        "Diluted EPS": 0.0,
        "Total Revenue": NaN,
        "Gross Profit": NaN,
        "Operating Income": NaN,
        "EBIT": NaN,
        "Net Income": NaN
    },
    "2023-06-30": {
        "Tax Effect Of Unusual Items": NaN,
        "Tax Rate For Calcs": NaN,
        "Normalized EBITDA": NaN,
        "Total Unusual Items": NaN,
        "Total Unusual Items Excluding Goodwill": NaN,
        "Net Income From Continuing Operation Net Minority Interest": NaN,
        "Reconciled Depreciation": NaN,
        "EBITDA": NaN,
        "EBIT": NaN,
        "Net Interest Income": NaN,
        "Interest Expense": NaN,
        "Normalized Income": NaN,
        "Net Income From Continuing And Discontinued Operation": NaN,
        "Total Expenses": NaN,
        "Total Operating Income As Reported": NaN,
        "Diluted Average Shares": 275332.0,
        "Basic Average Shares": 275332.0,
        "Diluted EPS": -13.37,
        "Basic EPS": -13.37,
        "Diluted NI Availto Com Stockholders": NaN,
        "Net Income Common Stockholders": NaN,
        "Net Income": NaN,
        "Net Income Including Noncontrolling Interests": NaN,
        "Net Income Continuous Operations": NaN,
        "Tax Provision": NaN,
        "Pretax Income": NaN,
        "Other Income Expense": NaN,
        "Other Non Operating Income Expenses": NaN,
        "Special Income Charges": NaN,
        "Write Off": NaN,
        "Impairment Of Capital Assets": NaN,
        "Gain On Sale Of Security": 14417.0,
        "Net Non Operating Interest Income Expense": NaN,
        "Interest Expense Non Operating": NaN,
        "Operating Income": NaN,
        "Operating Expense": NaN,
        "Research And Development": NaN,
        "Selling General And Administration": NaN,
        "General And Administrative Expense": NaN,
        "Other Gand A": NaN,
        "Total Revenue": NaN,
        "Operating Revenue": NaN
    },
    "2023-09-30": {
        "Tax Effect Of Unusual Items": -1684921.843018,
        "Tax Rate For Calcs": 0.185954,
        "Normalized EBITDA": -3505494.0,
        "Total Unusual Items": -9060964.0,
        "Total Unusual Items Excluding Goodwill": -9060964.0,
        "Net Income From Continuing Operation Net Minority Interest": -10265760.0,
        "Reconciled Depreciation": 32693.0,
        "EBITDA": -12566458.0,
        "EBIT": -12599151.0,
        "Net Interest Income": -11634.0,
        "Interest Expense": 11634.0,
        "Normalized Income": -2889717.843018,
        "Net Income From Continuing And Discontinued Operation": -10265760.0,
        "Total Expenses": 3538187.0,
        "Total Operating Income As Reported": -3538187.0,
        "Diluted Average Shares": 418524.0,
        "Basic Average Shares": 418524.0,
        "Diluted EPS": -24.53,
        "Basic EPS": -24.53,
        "Diluted NI Availto Com Stockholders": -10265760.0,
        "Net Income Common Stockholders": -10265760.0,
        "Net Income": -10265760.0,
        "Net Income Including Noncontrolling Interests": -10265760.0,
        "Net Income Continuous Operations": -10265760.0,
        "Tax Provision": -2345025.0,
        "Pretax Income": -12610785.0,
        "Other Income Expense": -9060964.0,
        "Other Non Operating Income Expenses": NaN,
        "Special Income Charges": -9063000.0,
        "Write Off": 9063000.0,
        "Impairment Of Capital Assets": 0.0,
        "Gain On Sale Of Security": 2036.0,
        "Net Non Operating Interest Income Expense": -11634.0,
        "Interest Expense Non Operating": 11634.0,
        "Operating Income": -3538187.0,
        "Operating Expense": 3538187.0,
        "Research And Development": 1104993.0,
        "Selling General And Administration": 2433194.0,
        "General And Administrative Expense": 2433194.0,
        "Other Gand A": 2433194.0,
        "Total Revenue": 0.0,
        "Operating Revenue": 0.0
    },
    "2023-12-31": {
        "Tax Effect Of Unusual Items": 19.769307,
        "Tax Rate For Calcs": 0.003564,
        "Normalized EBITDA": -1204349.0,
        "Total Unusual Items": 5547.0,
        "Total Unusual Items Excluding Goodwill": 5547.0,
        "Net Income From Continuing Operation Net Minority Interest": -1227105.0,
        "Reconciled Depreciation": 22660.0,
        "EBITDA": -1198802.0,
        "EBIT": -1221462.0,
        "Net Interest Income": -10032.0,
        "Interest Expense": 10032.0,
        "Normalized Income": -1232632.230693,
        "Net Income From Continuing And Discontinued Operation": -1227105.0,
        "Total Expenses": 1452488.0,
        "Total Operating Income As Reported": -1452488.0,
        "Diluted Average Shares": NaN,
        "Basic Average Shares": NaN,
        "Diluted EPS": NaN,
        "Basic EPS": NaN,
        "Diluted NI Availto Com Stockholders": -1227105.0,
        "Net Income Common Stockholders": -1227105.0,
        "Net Income": -1227105.0,
        "Net Income Including Noncontrolling Interests": -1227105.0,
        "Net Income Continuous Operations": -1227105.0,
        "Tax Provision": -4389.0,
        "Pretax Income": -1231494.0,
        "Other Income Expense": 231026.0,
        "Other Non Operating Income Expenses": NaN,
        "Special Income Charges": 0.0,
        "Write Off": 0.0,
        "Impairment Of Capital Assets": 0.0,
        "Gain On Sale Of Security": 5547.0,
        "Net Non Operating Interest Income Expense": -10032.0,
        "Interest Expense Non Operating": 10032.0,
        "Operating Income": -1452488.0,
        "Operating Expense": 1452488.0,
        "Research And Development": -36362.0,
        "Selling General And Administration": 1488850.0,
        "General And Administrative Expense": 1488850.0,
        "Other Gand A": 1488850.0,
        "Total Revenue": 0.0,
        "Operating Revenue": 0.0
    },
    "2024-03-31": {
        "Tax Effect Of Unusual Items": 0.0,
        "Tax Rate For Calcs": 0.0,
        "Normalized EBITDA": -1029528.0,
        "Total Unusual Items": -191.0,
        "Total Unusual Items Excluding Goodwill": -191.0,
        "Net Income From Continuing Operation Net Minority Interest": -1069744.0,
        "Reconciled Depreciation": 23576.0,
        "EBITDA": -1029719.0,
        "EBIT": -1053295.0,
        "Net Interest Income": -16449.0,
        "Interest Expense": 16449.0,
        "Normalized Income": -1069553.0,
        "Net Income From Continuing And Discontinued Operation": -1069744.0,
        "Total Expenses": 2092468.0,
        "Total Operating Income As Reported": -2092468.0,
        "Diluted Average Shares": 638339.0,
        "Basic Average Shares": 638339.0,
        "Diluted EPS": -1.68,
        "Basic EPS": -1.68,
        "Diluted NI Availto Com Stockholders": -1069744.0,
        "Net Income Common Stockholders": -1069744.0,
        "Net Income": -1069744.0,
        "Net Income Including Noncontrolling Interests": -1069744.0,
        "Net Income Continuous Operations": -1069744.0,
        "Tax Provision": 0.0,
        "Pretax Income": -1069744.0,
        "Other Income Expense": 1039173.0,
        "Other Non Operating Income Expenses": 1039364.0,
        "Special Income Charges": NaN,
        "Write Off": NaN,
        "Impairment Of Capital Assets": NaN,
        "Gain On Sale Of Security": -191.0,
        "Net Non Operating Interest Income Expense": -16449.0,
        "Interest Expense Non Operating": 16449.0,
        "Operating Income": -2092468.0,
        "Operating Expense": 2092468.0,
        "Research And Development": 535728.0,
        "Selling General And Administration": 1556740.0,
        "General And Administrative Expense": 1556740.0,
        "Other Gand A": 1556740.0,
        "Total Revenue": 0.0,
        "Operating Revenue": 0.0
    },
    "2024-06-30": {
        "Tax Effect Of Unusual Items": 0.0,
        "Tax Rate For Calcs": 0.0,
        "Normalized EBITDA": 46873.0,
        "Total Unusual Items": 249.0,
        "Total Unusual Items Excluding Goodwill": 249.0,
        "Net Income From Continuing Operation Net Minority Interest": 11781.0,
        "Reconciled Depreciation": 23981.0,
        "EBITDA": 47122.0,
        "EBIT": 23141.0,
        "Net Interest Income": -11360.0,
        "Interest Expense": 11360.0,
        "Normalized Income": 11532.0,
        "Net Income From Continuing And Discontinued Operation": 11781.0,
        "Total Expenses": 1846738.0,
        "Total Operating Income As Reported": -1846738.0,
        "Diluted Average Shares": 919141.0,
        "Basic Average Shares": 919141.0,
        "Diluted EPS": 0.01,
        "Basic EPS": 0.01,
        "Diluted NI Availto Com Stockholders": 11781.0,
        "Net Income Common Stockholders": 11781.0,
        "Net Income": 11781.0,
        "Net Income Including Noncontrolling Interests": 11781.0,
        "Net Income Continuous Operations": 11781.0,
        "Tax Provision": 0.0,
        "Pretax Income": 11781.0,
        "Other Income Expense": 1869879.0,
        "Other Non Operating Income Expenses": 1869630.0,
        "Special Income Charges": NaN,
        "Write Off": NaN,
        "Impairment Of Capital Assets": NaN,
        "Gain On Sale Of Security": 249.0,
        "Net Non Operating Interest Income Expense": -11360.0,
        "Interest Expense Non Operating": 11360.0,
        "Operating Income": -1846738.0,
        "Operating Expense": 1846738.0,
        "Research And Development": 621988.0,
        "Selling General And Administration": 1224750.0,
        "General And Administrative Expense": 1224750.0,
        "Other Gand A": 1224750.0,
        "Total Revenue": 0.0,
        "Operating Revenue": 0.0
    },
    "2024-09-30": {
        "Tax Effect Of Unusual Items": 0.0,
        "Tax Rate For Calcs": 0.0,
        "Normalized EBITDA": -809236.0,
        "Total Unusual Items": 0.0,
        "Total Unusual Items Excluding Goodwill": 0.0,
        "Net Income From Continuing Operation Net Minority Interest": -836720.0,
        "Reconciled Depreciation": 13851.0,
        "EBITDA": -809236.0,
        "EBIT": -823087.0,
        "Net Interest Income": -13633.0,
        "Interest Expense": 13633.0,
        "Normalized Income": -836720.0,
        "Net Income From Continuing And Discontinued Operation": -836720.0,
        "Total Expenses": 979093.0,
        "Total Operating Income As Reported": -979093.0,
        "Diluted Average Shares": 980641.0,
        "Basic Average Shares": 980641.0,
        "Diluted EPS": -0.85,
        "Basic EPS": -0.85,
        "Diluted NI Availto Com Stockholders": -836720.0,
        "Net Income Common Stockholders": -836720.0,
        "Net Income": -836720.0,
        "Net Income Including Noncontrolling Interests": -836720.0,
        "Net Income Continuous Operations": -836720.0,
        "Tax Provision": 0.0,
        "Pretax Income": -836720.0,
        "Other Income Expense": 156006.0,
        "Other Non Operating Income Expenses": 156006.0,
        "Special Income Charges": 0.0,
        "Write Off": 0.0,
        "Impairment Of Capital Assets": NaN,
        "Gain On Sale Of Security": NaN,
        "Net Non Operating Interest Income Expense": -13633.0,
        "Interest Expense Non Operating": 13633.0,
        "Operating Income": -979093.0,
        "Operating Expense": 979093.0,
        "Research And Development": 402715.0,
        "Selling General And Administration": 576378.0,
        "General And Administrative Expense": 576378.0,
        "Other Gand A": 576378.0,
        "Total Revenue": 0.0,
        "Operating Revenue": 0.0
    }
}