{
    "2023-03-31": {
        "Tax Effect Of Unusual Items": NaN,
        "Tax Rate For Calcs": NaN,
        "Normalized EBITDA": NaN,
        "Total Unusual Items": NaN,
        "Total Unusual Items Excluding Goodwill": NaN,
        "Net Income From Continuing Operation Net Minority Interest": NaN,
        "Reconciled Depreciation": NaN,
        "Reconciled Cost Of Revenue": NaN,
        "EBITDA": NaN,
        "EBIT": NaN,
        "Net Interest Income": NaN,
        "Interest Expense": NaN,
        "Interest Income": NaN,
        "Normalized Income": NaN,
        "Net Income From Continuing And Discontinued Operation": NaN,
        "Total Expenses": NaN,
        "Total Operating Income As Reported": NaN,
        "Diluted Average Shares": NaN,
        "Basic Average Shares": NaN,
        "Diluted EPS": NaN,
        "Basic EPS": NaN,
        "Diluted NI Availto Com Stockholders": NaN,
        "Net Income Common Stockholders": NaN,
        "Net Income": NaN,
        "Net Income Including Noncontrolling Interests": NaN,
        "Net Income Continuous Operations": NaN,
        "Pretax Income": NaN,
        "Other Income Expense": NaN,
        "Other Non Operating Income Expenses": 2000.0,
        "Gain On Sale Of Security": NaN,
        "Net Non Operating Interest Income Expense": NaN,
        "Interest Expense Non Operating": NaN,
        "Interest Income Non Operating": NaN,
        "Operating Income": NaN,
        "Operating Expense": NaN,
        "Research And Development": NaN,
        "Selling General And Administration": NaN,
        "Selling And Marketing Expense": NaN,
        "General And Administrative Expense": NaN,
        "Other Gand A": NaN,
        "Gross Profit": NaN,
        "Cost Of Revenue": NaN,
        "Total Revenue": NaN,
        "Operating Revenue": NaN
    },
    "2022-12-31": {
        "Tax Effect Of Unusual Items": NaN,
        "Tax Rate For Calcs": NaN,
        "Normalized EBITDA": NaN,
        "Total Unusual Items": NaN,
        "Total Unusual Items Excluding Goodwill": NaN,
        "Net Income From Continuing Operation Net Minority Interest": NaN,
        "Reconciled Depreciation": NaN,
        "Reconciled Cost Of Revenue": NaN,
        "EBITDA": NaN,
        "EBIT": NaN,
        "Net Interest Income": NaN,
        "Interest Expense": NaN,
        "Interest Income": NaN,
        "Normalized Income": NaN,
        "Net Income From Continuing And Discontinued Operation": NaN,
        "Total Expenses": NaN,
        "Total Operating Income As Reported": NaN,
        "Diluted Average Shares": NaN,
        "Basic Average Shares": NaN,
        "Diluted EPS": NaN,
        "Basic EPS": NaN,
        "Diluted NI Availto Com Stockholders": NaN,
        "Net Income Common Stockholders": NaN,
        "Net Income": NaN,
        "Net Income Including Noncontrolling Interests": NaN,
        "Net Income Continuous Operations": NaN,
        "Tax Provision": 0.0,
        "Pretax Income": NaN,
        "Other Income Expense": NaN,
        "Other Non Operating Income Expenses": NaN,
        "Gain On Sale Of Security": NaN,
        "Net Non Operating Interest Income Expense": NaN,
        "Interest Expense Non Operating": NaN,
        "Interest Income Non Operating": NaN,
        "Operating Income": NaN,
        "Operating Expense": NaN,
        "Research And Development": NaN,
        "Selling General And Administration": NaN,
        "Selling And Marketing Expense": NaN,
        "General And Administrative Expense": NaN,
        "Other Gand A": NaN,
        "Gross Profit": NaN,
        "Cost Of Revenue": NaN,
        "Total Revenue": NaN,
        "Operating Revenue": NaN
    },
    "2022-09-30": {
        "Tax Effect Of Unusual Items": NaN,
        "Tax Rate For Calcs": NaN,
        "Normalized EBITDA": NaN,
        "Total Unusual Items": NaN,
        "Total Unusual Items Excluding Goodwill": NaN,
        "Net Income From Continuing Operation Net Minority Interest": NaN,
        "Reconciled Depreciation": NaN,
        "Reconciled Cost Of Revenue": NaN,
        "EBITDA": NaN,
        "EBIT": NaN,
        "Net Interest Income": NaN,
        "Interest Expense": NaN,
        "Interest Income": NaN,
        "Normalized Income": NaN,
        "Net Income From Continuing And Discontinued Operation": NaN,
        "Total Expenses": NaN,
        "Total Operating Income As Reported": NaN,
        "Diluted Average Shares": NaN,
        "Basic Average Shares": NaN,
        "Diluted EPS": NaN,
        "Basic EPS": NaN,
        "Diluted NI Availto Com Stockholders": NaN,
        "Net Income Common Stockholders": NaN,
        "Net Income": NaN,
        "Net Income Including Noncontrolling Interests": NaN,
        "Net Income Continuous Operations": NaN,
        "Tax Provision": 0.0,
        "Pretax Income": NaN,
        "Other Income Expense": NaN,
        "Other Non Operating Income Expenses": NaN,
        "Gain On Sale Of Security": NaN,
        "Net Non Operating Interest Income Expense": NaN,
        "Interest Expense Non Operating": NaN,
        "Interest Income Non Operating": NaN,
        "Operating Income": NaN,
        "Operating Expense": NaN,
        "Research And Development": NaN,
        "Selling General And Administration": NaN,
        "Selling And Marketing Expense": NaN,
        "General And Administrative Expense": NaN,
        "Other Gand A": NaN,
        "Gross Profit": NaN,
        "Cost Of Revenue": NaN,
        "Total Revenue": NaN,
        "Operating Revenue": NaN
    },
    "2022-06-30": {
        "Tax Effect Of Unusual Items": 0.0,
        "Tax Rate For Calcs": 0.0,
        "Normalized EBITDA": -4025000.0,
        "Total Unusual Items": NaN,
        "Total Unusual Items Excluding Goodwill": NaN,
        "Net Income From Continuing Operation Net Minority Interest": -4481000.0,
        "Reconciled Depreciation": 387000.0,
        "Reconciled Cost Of Revenue": 0.0,
        "EBITDA": -4025000.0,
        "EBIT": -4412000.0,
        "Net Interest Income": -34000.0,
        "Interest Expense": 69000.0,
        "Interest Income": 35000.0,
        "Normalized Income": -4481000.0,
        "Net Income From Continuing And Discontinued Operation": -4481000.0,
        "Total Expenses": 4447000.0,
        "Total Operating Income As Reported": -4447000.0,
        "Diluted Average Shares": 22936000.0,
        "Basic Average Shares": 22936000.0,
        "Diluted EPS": -0.2,
        "Basic EPS": -0.2,
        "Diluted NI Availto Com Stockholders": -4481000.0,
        "Net Income Common Stockholders": -4481000.0,
        "Net Income": -4481000.0,
        "Net Income Including Noncontrolling Interests": -4481000.0,
        "Net Income Continuous Operations": -4481000.0,
        "Tax Provision": 0.0,
        "Pretax Income": -4481000.0,
        "Other Income Expense": NaN,
        "Other Non Operating Income Expenses": NaN,
        "Gain On Sale Of Security": NaN,
        "Net Non Operating Interest Income Expense": -34000.0,
        "Interest Expense Non Operating": 69000.0,
        "Interest Income Non Operating": 35000.0,
        "Operating Income": -4447000.0,
        "Operating Expense": 4447000.0,
        "Research And Development": 2433000.0,
        "Selling General And Administration": 2014000.0,
        "Selling And Marketing Expense": 347000.0,
        "General And Administrative Expense": 1667000.0,
        "Other Gand A": 1667000.0,
        "Gross Profit": 0.0,
        "Cost Of Revenue": 0.0,
        "Total Revenue": 0.0,
        "Operating Revenue": 0.0
    },
    "2023-06-30": {
        "Tax Effect Of Unusual Items": 0.0,
        "Tax Rate For Calcs": 0.0,
        "Normalized EBITDA": -4848000.0,
        "Total Unusual Items": 107000.0,
        "Total Unusual Items Excluding Goodwill": 107000.0,
        "Net Income From Continuing Operation Net Minority Interest": -5152000.0,
        "Reconciled Depreciation": 360000.0,
        "Reconciled Cost Of Revenue": 0.0,
        "EBITDA": -4741000.0,
        "EBIT": -5101000.0,
        "Net Interest Income": 101000.0,
        "Interest Expense": 51000.0,
        "Interest Income": 152000.0,
        "Normalized Income": -5259000.0,
        "Net Income From Continuing And Discontinued Operation": -5152000.0,
        "Total Expenses": 5360000.0,
        "Total Operating Income As Reported": -5360000.0,
        "Diluted Average Shares": 24677000.0,
        "Basic Average Shares": 24677000.0,
        "Diluted EPS": -0.21,
        "Basic EPS": -0.21,
        "Diluted NI Availto Com Stockholders": -5152000.0,
        "Net Income Common Stockholders": -5152000.0,
        "Net Income": -5152000.0,
        "Net Income Including Noncontrolling Interests": -5152000.0,
        "Net Income Continuous Operations": -5152000.0,
        "Pretax Income": -5152000.0,
        "Other Income Expense": 107000.0,
        "Other Non Operating Income Expenses": NaN,
        "Gain On Sale Of Security": 107000.0,
        "Net Non Operating Interest Income Expense": 101000.0,
        "Interest Expense Non Operating": 51000.0,
        "Interest Income Non Operating": 152000.0,
        "Operating Income": -5360000.0,
        "Operating Expense": 5360000.0,
        "Research And Development": 3192000.0,
        "Selling General And Administration": 2168000.0,
        "Selling And Marketing Expense": 393000.0,
        "General And Administrative Expense": 1775000.0,
        "Other Gand A": 1775000.0,
        "Gross Profit": 0.0,
        "Cost Of Revenue": 0.0,
        "Total Revenue": 0.0,
        "Operating Revenue": 0.0
    },
    "2022-03-31": {
        "Diluted EPS": -0.18,
        "Total Revenue": 0,
        "Gross Profit": 0,
        "Operating Income": -4,
        "EBIT": -4,
        "Net Income": -4
    },
    "2021-12-31": {
        "Diluted EPS": -0.18,
        "Total Revenue": NaN,
        "Gross Profit": NaN,
        "Operating Income": -4,
        "EBIT": -4,
        "Net Income": -4
    },
    "2021-09-30": {
        "Diluted EPS": -0.19,
        "Total Revenue": NaN,
        "Gross Profit": NaN,
        "Operating Income": -4,
        "EBIT": -4,
        "Net Income": -4
    },
    "2021-06-30": {
        "Diluted EPS": -0.17,
        "Total Revenue": NaN,
        "Gross Profit": NaN,
        "Operating Income": -4,
        "EBIT": -4,
        "Net Income": -4
    },
    "2021-03-31": {
        "Diluted EPS": -0.16,
        "Total Revenue": 0,
        "Gross Profit": 0,
        "Operating Income": -4,
        "EBIT": -4,
        "Net Income": -4
    },
    "2020-12-31": {
        "Diluted EPS": -0.17,
        "Total Revenue": NaN,
        "Gross Profit": NaN,
        "Operating Income": -4,
        "EBIT": -4,
        "Net Income": -4
    },
    "2020-09-30": {
        "Diluted EPS": -0.19,
        "Total Revenue": NaN,
        "Gross Profit": NaN,
        "Operating Income": -4,
        "EBIT": -4,
        "Net Income": -4
    },
    "2020-06-30": {
        "Diluted EPS": -0.21,
        "Total Revenue": NaN,
        "Gross Profit": NaN,
        "Operating Income": -4,
        "EBIT": -4,
        "Net Income": -4
    },
    "2020-03-31": {
        "Diluted EPS": -0.22,
        "Total Revenue": 0,
        "Gross Profit": 0,
        "Operating Income": -4,
        "EBIT": -4,
        "Net Income": -4
    },
    "2019-12-31": {
        "Diluted EPS": -0.17,
        "Total Revenue": 0,
        "Gross Profit": 0,
        "Operating Income": -3,
        "EBIT": -3,
        "Net Income": -3
    },
    "2019-09-30": {
        "Diluted EPS": -0.19,
        "Total Revenue": 0,
        "Gross Profit": 0,
        "Operating Income": -3,
        "EBIT": -3,
        "Net Income": -3
    },
    "2019-06-30": {
        "Diluted EPS": -0.24,
        "Total Revenue": 0,
        "Gross Profit": 0,
        "Operating Income": -4,
        "EBIT": -4,
        "Net Income": -4
    },
    "2019-03-31": {
        "Diluted EPS": -0.24,
        "Total Revenue": 0,
        "Gross Profit": 0,
        "Operating Income": -4,
        "EBIT": -4,
        "Net Income": -4
    },
    "2018-12-31": {
        "Diluted EPS": -0.22,
        "Total Revenue": 0,
        "Gross Profit": 0,
        "Operating Income": -3,
        "EBIT": -3,
        "Net Income": -3
    },
    "2018-09-30": {
        "Diluted EPS": -0.28,
        "Total Revenue": NaN,
        "Gross Profit": NaN,
        "Operating Income": -3,
        "EBIT": -3,
        "Net Income": -3
    },
    "2018-06-30": {
        "Diluted EPS": -0.26,
        "Total Revenue": 0,
        "Gross Profit": 0,
        "Operating Income": -3,
        "EBIT": -3,
        "Net Income": -3
    },
    "2018-03-31": {
        "Diluted EPS": -0.26,
        "Total Revenue": NaN,
        "Gross Profit": NaN,
        "Operating Income": -3,
        "EBIT": -3,
        "Net Income": -3
    },
    "2017-12-31": {
        "Diluted EPS": -0.21,
        "Total Revenue": NaN,
        "Gross Profit": NaN,
        "Operating Income": -3,
        "EBIT": -3,
        "Net Income": -3
    },
    "2017-09-30": {
        "Diluted EPS": -0.28,
        "Total Revenue": NaN,
        "Gross Profit": NaN,
        "Operating Income": -3,
        "EBIT": -3,
        "Net Income": -3
    },
    "2017-06-30": {
        "Diluted EPS": -0.31,
        "Total Revenue": NaN,
        "Gross Profit": NaN,
        "Operating Income": -4,
        "EBIT": -4,
        "Net Income": -4
    },
    "2017-03-31": {
        "Diluted EPS": -0.31,
        "Total Revenue": NaN,
        "Gross Profit": NaN,
        "Operating Income": -4,
        "EBIT": -4,
        "Net Income": -4
    },
    "2016-12-31": {
        "Diluted EPS": 1.49,
        "Total Revenue": NaN,
        "Gross Profit": NaN,
        "Operating Income": -3,
        "EBIT": -3,
        "Net Income": -3
    },
    "2016-09-30": {
        "Diluted EPS": -0.56,
        "Total Revenue": NaN,
        "Gross Profit": NaN,
        "Operating Income": -3,
        "EBIT": -3,
        "Net Income": -4
    },
    "2016-06-30": {
        "Diluted EPS": -1.61,
        "Total Revenue": NaN,
        "Gross Profit": NaN,
        "Operating Income": -2,
        "EBIT": -2,
        "Net Income": -3
    },
    "2016-03-31": {
        "Diluted EPS": -1.54,
        "Total Revenue": NaN,
        "Gross Profit": NaN,
        "Operating Income": -2,
        "EBIT": -2,
        "Net Income": -2
    },
    "2015-12-31": {
        "Diluted EPS": -3.18,
        "Total Revenue": NaN,
        "Gross Profit": NaN,
        "Operating Income": -1,
        "EBIT": -1,
        "Net Income": -4
    },
    "2015-09-30": {
        "Diluted EPS": -1.09,
        "Total Revenue": NaN,
        "Gross Profit": NaN,
        "Operating Income": -1,
        "EBIT": -1,
        "Net Income": -1
    },
    "2015-06-30": {
        "Diluted EPS": -1.28,
        "Total Revenue": NaN,
        "Gross Profit": NaN,
        "Operating Income": -1,
        "EBIT": -1,
        "Net Income": -2
    },
    "2015-03-31": {
        "Diluted EPS": -2.0,
        "Total Revenue": NaN,
        "Gross Profit": NaN,
        "Operating Income": -2,
        "EBIT": -2,
        "Net Income": -2
    },
    "2014-12-31": {
        "Diluted EPS": 0.0,
        "Total Revenue": NaN,
        "Gross Profit": NaN,
        "Operating Income": NaN,
        "EBIT": NaN,
        "Net Income": NaN
    },
    "2023-09-30": {
        "Tax Effect Of Unusual Items": NaN,
        "Tax Rate For Calcs": NaN,
        "Normalized EBITDA": NaN,
        "Total Unusual Items": NaN,
        "Total Unusual Items Excluding Goodwill": NaN,
        "Net Income From Continuing Operation Net Minority Interest": NaN,
        "Reconciled Depreciation": NaN,
        "Reconciled Cost Of Revenue": NaN,
        "EBITDA": NaN,
        "EBIT": NaN,
        "Net Interest Income": NaN,
        "Interest Expense": NaN,
        "Interest Income": NaN,
        "Normalized Income": NaN,
        "Net Income From Continuing And Discontinued Operation": NaN,
        "Total Expenses": NaN,
        "Total Operating Income As Reported": NaN,
        "Diluted Average Shares": NaN,
        "Basic Average Shares": NaN,
        "Diluted EPS": NaN,
        "Basic EPS": NaN,
        "Diluted NI Availto Com Stockholders": NaN,
        "Net Income Common Stockholders": NaN,
        "Net Income": NaN,
        "Net Income Including Noncontrolling Interests": NaN,
        "Net Income Continuous Operations": NaN,
        "Pretax Income": NaN,
        "Other Income Expense": NaN,
        "Other Non Operating Income Expenses": 72000.0,
        "Gain On Sale Of Security": NaN,
        "Net Non Operating Interest Income Expense": NaN,
        "Interest Expense Non Operating": NaN,
        "Interest Income Non Operating": NaN,
        "Operating Income": NaN,
        "Operating Expense": NaN,
        "Research And Development": NaN,
        "Selling General And Administration": NaN,
        "Selling And Marketing Expense": NaN,
        "General And Administrative Expense": NaN,
        "Other Gand A": NaN,
        "Gross Profit": NaN,
        "Cost Of Revenue": NaN,
        "Total Revenue": NaN,
        "Operating Revenue": NaN
    },
    "2023-12-31": {
        "Tax Effect Of Unusual Items": NaN,
        "Tax Rate For Calcs": NaN,
        "Normalized EBITDA": NaN,
        "Total Unusual Items": NaN,
        "Total Unusual Items Excluding Goodwill": NaN,
        "Net Income From Continuing Operation Net Minority Interest": NaN,
        "Reconciled Depreciation": NaN,
        "Reconciled Cost Of Revenue": NaN,
        "EBITDA": NaN,
        "EBIT": NaN,
        "Net Interest Income": NaN,
        "Interest Expense": NaN,
        "Interest Income": NaN,
        "Normalized Income": NaN,
        "Net Income From Continuing And Discontinued Operation": NaN,
        "Total Expenses": NaN,
        "Total Operating Income As Reported": NaN,
        "Diluted Average Shares": NaN,
        "Basic Average Shares": NaN,
        "Diluted EPS": NaN,
        "Basic EPS": NaN,
        "Diluted NI Availto Com Stockholders": NaN,
        "Net Income Common Stockholders": NaN,
        "Net Income": NaN,
        "Net Income Including Noncontrolling Interests": NaN,
        "Net Income Continuous Operations": NaN,
        "Pretax Income": NaN,
        "Other Income Expense": NaN,
        "Other Non Operating Income Expenses": 3000.0,
        "Gain On Sale Of Security": NaN,
        "Net Non Operating Interest Income Expense": NaN,
        "Interest Expense Non Operating": NaN,
        "Interest Income Non Operating": NaN,
        "Operating Income": NaN,
        "Operating Expense": NaN,
        "Research And Development": NaN,
        "Selling General And Administration": NaN,
        "Selling And Marketing Expense": NaN,
        "General And Administrative Expense": NaN,
        "Other Gand A": NaN,
        "Gross Profit": NaN,
        "Cost Of Revenue": NaN,
        "Total Revenue": NaN,
        "Operating Revenue": NaN
    },
    "2024-03-31": {
        "Tax Effect Of Unusual Items": NaN,
        "Tax Rate For Calcs": NaN,
        "Normalized EBITDA": NaN,
        "Total Unusual Items": 46000.0,
        "Total Unusual Items Excluding Goodwill": 46000.0,
        "Net Income From Continuing Operation Net Minority Interest": NaN,
        "Reconciled Depreciation": NaN,
        "Reconciled Cost Of Revenue": NaN,
        "EBITDA": NaN,
        "EBIT": NaN,
        "Net Interest Income": NaN,
        "Interest Expense": NaN,
        "Interest Income": NaN,
        "Normalized Income": NaN,
        "Net Income From Continuing And Discontinued Operation": NaN,
        "Total Expenses": NaN,
        "Total Operating Income As Reported": NaN,
        "Diluted Average Shares": NaN,
        "Basic Average Shares": NaN,
        "Diluted EPS": NaN,
        "Basic EPS": NaN,
        "Diluted NI Availto Com Stockholders": NaN,
        "Net Income Common Stockholders": NaN,
        "Net Income": NaN,
        "Net Income Including Noncontrolling Interests": NaN,
        "Net Income Continuous Operations": NaN,
        "Pretax Income": NaN,
        "Other Income Expense": NaN,
        "Other Non Operating Income Expenses": NaN,
        "Gain On Sale Of Security": 46000.0,
        "Net Non Operating Interest Income Expense": NaN,
        "Interest Expense Non Operating": NaN,
        "Interest Income Non Operating": NaN,
        "Operating Income": NaN,
        "Operating Expense": NaN,
        "Research And Development": NaN,
        "Selling General And Administration": NaN,
        "Selling And Marketing Expense": NaN,
        "General And Administrative Expense": NaN,
        "Other Gand A": NaN,
        "Gross Profit": NaN,
        "Cost Of Revenue": NaN,
        "Total Revenue": NaN,
        "Operating Revenue": NaN
    },
    "2024-06-30": {
        "Tax Effect Of Unusual Items": 0.0,
        "Tax Rate For Calcs": 0.0,
        "Normalized EBITDA": -4021000.0,
        "Total Unusual Items": 47000.0,
        "Total Unusual Items Excluding Goodwill": 47000.0,
        "Net Income From Continuing Operation Net Minority Interest": -4361000.0,
        "Reconciled Depreciation": 352000.0,
        "Reconciled Cost Of Revenue": 74000.0,
        "EBITDA": -3974000.0,
        "EBIT": -4326000.0,
        "Net Interest Income": 150000.0,
        "Interest Expense": 35000.0,
        "Interest Income": 185000.0,
        "Normalized Income": -4408000.0,
        "Net Income From Continuing And Discontinued Operation": -4361000.0,
        "Total Expenses": 4702000.0,
        "Total Operating Income As Reported": -4630000.0,
        "Diluted Average Shares": 26467000.0,
        "Basic Average Shares": 26467000.0,
        "Diluted EPS": -0.16,
        "Basic EPS": -0.16,
        "Diluted NI Availto Com Stockholders": -4361000.0,
        "Net Income Common Stockholders": -4361000.0,
        "Net Income": -4361000.0,
        "Net Income Including Noncontrolling Interests": -4361000.0,
        "Net Income Continuous Operations": -4361000.0,
        "Pretax Income": -4361000.0,
        "Other Income Expense": 119000.0,
        "Other Non Operating Income Expenses": 72000.0,
        "Gain On Sale Of Security": 47000.0,
        "Net Non Operating Interest Income Expense": 150000.0,
        "Interest Expense Non Operating": 35000.0,
        "Interest Income Non Operating": 185000.0,
        "Operating Income": -4630000.0,
        "Operating Expense": 4628000.0,
        "Research And Development": 2589000.0,
        "Selling General And Administration": 2039000.0,
        "Selling And Marketing Expense": 207000.0,
        "General And Administrative Expense": 1832000.0,
        "Other Gand A": 1832000.0,
        "Gross Profit": -2000.0,
        "Cost Of Revenue": 74000.0,
        "Total Revenue": 72000.0,
        "Operating Revenue": 72000.0
    },
    "2024-09-30": {
        "Tax Effect Of Unusual Items": 0.0,
        "Tax Rate For Calcs": 0.0,
        "Normalized EBITDA": -4291000.0,
        "Total Unusual Items": 59000.0,
        "Total Unusual Items Excluding Goodwill": 59000.0,
        "Net Income From Continuing Operation Net Minority Interest": -4595000.0,
        "Reconciled Depreciation": 333000.0,
        "Reconciled Cost Of Revenue": 3000.0,
        "EBITDA": -4232000.0,
        "EBIT": -4565000.0,
        "Net Interest Income": 146000.0,
        "Interest Expense": 30000.0,
        "Interest Income": 176000.0,
        "Normalized Income": -4654000.0,
        "Net Income From Continuing And Discontinued Operation": -4595000.0,
        "Total Expenses": 4822000.0,
        "Total Operating Income As Reported": -4800000.0,
        "Diluted Average Shares": 27406000.0,
        "Basic Average Shares": 27406000.0,
        "Diluted EPS": -0.17,
        "Basic EPS": -0.17,
        "Diluted NI Availto Com Stockholders": -4595000.0,
        "Net Income Common Stockholders": -4595000.0,
        "Net Income": -4595000.0,
        "Net Income Including Noncontrolling Interests": -4595000.0,
        "Net Income Continuous Operations": -4595000.0,
        "Pretax Income": -4595000.0,
        "Other Income Expense": 59000.0,
        "Other Non Operating Income Expenses": NaN,
        "Gain On Sale Of Security": 59000.0,
        "Net Non Operating Interest Income Expense": 146000.0,
        "Interest Expense Non Operating": 30000.0,
        "Interest Income Non Operating": 176000.0,
        "Operating Income": -4800000.0,
        "Operating Expense": 4819000.0,
        "Research And Development": 2759000.0,
        "Selling General And Administration": 2060000.0,
        "Selling And Marketing Expense": 248000.0,
        "General And Administrative Expense": 1812000.0,
        "Other Gand A": 1812000.0,
        "Gross Profit": 19000.0,
        "Cost Of Revenue": 3000.0,
        "Total Revenue": 22000.0,
        "Operating Revenue": 22000.0
    },
    "2024-12-31": {
        "Tax Effect Of Unusual Items": 0.0,
        "Tax Rate For Calcs": 0.0,
        "Normalized EBITDA": -4334000.0,
        "Total Unusual Items": 26000.0,
        "Total Unusual Items Excluding Goodwill": 26000.0,
        "Net Income From Continuing Operation Net Minority Interest": -4657000.0,
        "Reconciled Depreciation": 324000.0,
        "Reconciled Cost Of Revenue": 13000.0,
        "EBITDA": -4308000.0,
        "EBIT": -4632000.0,
        "Net Interest Income": 188000.0,
        "Interest Expense": 25000.0,
        "Interest Income": 213000.0,
        "Normalized Income": -4683000.0,
        "Net Income From Continuing And Discontinued Operation": -4657000.0,
        "Total Expenses": 4895000.0,
        "Total Operating Income As Reported": -4872000.0,
        "Diluted Average Shares": 28934000.0,
        "Basic Average Shares": 28934000.0,
        "Diluted EPS": -0.16,
        "Basic EPS": -0.16,
        "Diluted NI Availto Com Stockholders": -4657000.0,
        "Net Income Common Stockholders": -4657000.0,
        "Net Income": -4657000.0,
        "Net Income Including Noncontrolling Interests": -4657000.0,
        "Net Income Continuous Operations": -4657000.0,
        "Pretax Income": -4657000.0,
        "Other Income Expense": 27000.0,
        "Other Non Operating Income Expenses": 1000.0,
        "Gain On Sale Of Security": 26000.0,
        "Net Non Operating Interest Income Expense": 188000.0,
        "Interest Expense Non Operating": 25000.0,
        "Interest Income Non Operating": 213000.0,
        "Operating Income": -4872000.0,
        "Operating Expense": 4882000.0,
        "Research And Development": 2823000.0,
        "Selling General And Administration": 2059000.0,
        "Selling And Marketing Expense": 248000.0,
        "General And Administrative Expense": 1811000.0,
        "Other Gand A": 1811000.0,
        "Gross Profit": 10000.0,
        "Cost Of Revenue": 13000.0,
        "Total Revenue": 23000.0,
        "Operating Revenue": 23000.0
    },
    "2025-03-31": {
        "Tax Effect Of Unusual Items": 0.0,
        "Tax Rate For Calcs": 0.0,
        "Normalized EBITDA": -4870000.0,
        "Total Unusual Items": 6000.0,
        "Total Unusual Items Excluding Goodwill": 6000.0,
        "Net Income From Continuing Operation Net Minority Interest": -5209000.0,
        "Reconciled Depreciation": 324000.0,
        "Reconciled Cost Of Revenue": 0.0,
        "EBITDA": -4864000.0,
        "EBIT": -5188000.0,
        "Net Interest Income": 249000.0,
        "Interest Expense": 21000.0,
        "Interest Income": 270000.0,
        "Normalized Income": -5215000.0,
        "Net Income From Continuing And Discontinued Operation": -5209000.0,
        "Total Expenses": 5467000.0,
        "Total Operating Income As Reported": -5463000.0,
        "Diluted Average Shares": 30243000.0,
        "Basic Average Shares": 30243000.0,
        "Diluted EPS": -0.17,
        "Basic EPS": -0.17,
        "Diluted NI Availto Com Stockholders": -5209000.0,
        "Net Income Common Stockholders": -5209000.0,
        "Net Income": -5209000.0,
        "Net Income Including Noncontrolling Interests": -5209000.0,
        "Net Income Continuous Operations": -5209000.0,
        "Pretax Income": -5209000.0,
        "Other Income Expense": 5000.0,
        "Other Non Operating Income Expenses": -1000.0,
        "Gain On Sale Of Security": 6000.0,
        "Net Non Operating Interest Income Expense": 249000.0,
        "Interest Expense Non Operating": 21000.0,
        "Interest Income Non Operating": 270000.0,
        "Operating Income": -5463000.0,
        "Operating Expense": 5467000.0,
        "Research And Development": 3255000.0,
        "Selling General And Administration": 2212000.0,
        "Selling And Marketing Expense": 124000.0,
        "General And Administrative Expense": 2088000.0,
        "Other Gand A": 2088000.0,
        "Gross Profit": 4000.0,
        "Cost Of Revenue": 0.0,
        "Total Revenue": 4000.0,
        "Operating Revenue": 4000.0
    },
    "2025-06-30": {
        "Tax Effect Of Unusual Items": 0.0,
        "Tax Rate For Calcs": 0.0,
        "Normalized EBITDA": -4623000.0,
        "Total Unusual Items": NaN,
        "Total Unusual Items Excluding Goodwill": NaN,
        "Net Income From Continuing Operation Net Minority Interest": -4967000.0,
        "Reconciled Depreciation": 326000.0,
        "Reconciled Cost Of Revenue": 62000.0,
        "EBITDA": -4623000.0,
        "EBIT": -4949000.0,
        "Net Interest Income": 216000.0,
        "Interest Expense": 18000.0,
        "Interest Income": 234000.0,
        "Normalized Income": -4967000.0,
        "Net Income From Continuing And Discontinued Operation": -4967000.0,
        "Total Expenses": 5255000.0,
        "Total Operating Income As Reported": -5255000.0,
        "Diluted Average Shares": 30397000.0,
        "Basic Average Shares": 30397000.0,
        "Diluted EPS": -0.17,
        "Basic EPS": -0.17,
        "Diluted NI Availto Com Stockholders": -4967000.0,
        "Net Income Common Stockholders": -4967000.0,
        "Net Income": -4967000.0,
        "Net Income Including Noncontrolling Interests": -4967000.0,
        "Net Income Continuous Operations": -4967000.0,
        "Pretax Income": -4967000.0,
        "Other Income Expense": 72000.0,
        "Other Non Operating Income Expenses": 72000.0,
        "Gain On Sale Of Security": NaN,
        "Net Non Operating Interest Income Expense": 216000.0,
        "Interest Expense Non Operating": 18000.0,
        "Interest Income Non Operating": 234000.0,
        "Operating Income": -5255000.0,
        "Operating Expense": 5193000.0,
        "Research And Development": 3004000.0,
        "Selling General And Administration": 2189000.0,
        "Selling And Marketing Expense": 141000.0,
        "General And Administrative Expense": 2048000.0,
        "Other Gand A": 2048000.0,
        "Gross Profit": -62000.0,
        "Cost Of Revenue": 62000.0,
        "Total Revenue": 0.0,
        "Operating Revenue": 0.0
    }
}