{
    "2023-03-31": {
        "Tax Effect Of Unusual Items": 0.0,
        "Tax Rate For Calcs": 0.0,
        "Normalized EBITDA": -7095000.0,
        "Total Unusual Items": NaN,
        "Total Unusual Items Excluding Goodwill": NaN,
        "Net Income From Continuing Operation Net Minority Interest": -6281000.0,
        "Reconciled Depreciation": 3000.0,
        "EBITDA": -7095000.0,
        "EBIT": -7098000.0,
        "Net Interest Income": 850000.0,
        "Interest Income": 850000.0,
        "Normalized Income": -6281000.0,
        "Net Income From Continuing And Discontinued Operation": -6281000.0,
        "Total Expenses": 7098000.0,
        "Total Operating Income As Reported": -7098000.0,
        "Diluted Average Shares": 126624110.0,
        "Basic Average Shares": 126624110.0,
        "Diluted EPS": -0.05,
        "Basic EPS": -0.05,
        "Diluted NI Availto Com Stockholders": -6281000.0,
        "Net Income Common Stockholders": -6281000.0,
        "Net Income": -6281000.0,
        "Net Income Including Noncontrolling Interests": -6281000.0,
        "Net Income Continuous Operations": -6281000.0,
        "Tax Provision": 0.0,
        "Pretax Income": -6281000.0,
        "Other Income Expense": -33000.0,
        "Other Non Operating Income Expenses": -33000.0,
        "Special Income Charges": NaN,
        "Write Off": NaN,
        "Net Non Operating Interest Income Expense": 850000.0,
        "Interest Income Non Operating": 850000.0,
        "Operating Income": -7098000.0,
        "Operating Expense": 7098000.0,
        "Research And Development": 3508000.0,
        "Selling General And Administration": 3590000.0,
        "General And Administrative Expense": 3590000.0,
        "Other Gand A": 1164000.0,
        "Insurance And Claims": 342000.0,
        "Salaries And Wages": 2084000.0,
        "Total Revenue": 0.0,
        "Operating Revenue": 0.0
    },
    "2022-12-31": {
        "Tax Effect Of Unusual Items": 0.0,
        "Tax Rate For Calcs": 0.0,
        "Normalized EBITDA": -8136000.0,
        "Total Unusual Items": NaN,
        "Total Unusual Items Excluding Goodwill": NaN,
        "Net Income From Continuing Operation Net Minority Interest": -7491000.0,
        "Reconciled Depreciation": 2000.0,
        "EBITDA": -8136000.0,
        "EBIT": -8138000.0,
        "Net Interest Income": NaN,
        "Interest Income": NaN,
        "Normalized Income": -7491000.0,
        "Net Income From Continuing And Discontinued Operation": -7491000.0,
        "Total Expenses": 8138000.0,
        "Total Operating Income As Reported": -8138000.0,
        "Diluted Average Shares": NaN,
        "Basic Average Shares": NaN,
        "Diluted EPS": NaN,
        "Basic EPS": NaN,
        "Diluted NI Availto Com Stockholders": -7491000.0,
        "Net Income Common Stockholders": -7491000.0,
        "Net Income": -7491000.0,
        "Net Income Including Noncontrolling Interests": -7491000.0,
        "Net Income Continuous Operations": -7491000.0,
        "Tax Provision": 0.0,
        "Pretax Income": -7491000.0,
        "Other Income Expense": -230000.0,
        "Other Non Operating Income Expenses": -230000.0,
        "Special Income Charges": NaN,
        "Write Off": NaN,
        "Net Non Operating Interest Income Expense": NaN,
        "Interest Income Non Operating": NaN,
        "Operating Income": -8138000.0,
        "Operating Expense": 8138000.0,
        "Research And Development": 4986000.0,
        "Selling General And Administration": 3152000.0,
        "General And Administrative Expense": 3152000.0,
        "Other Gand A": 3152000.0,
        "Insurance And Claims": NaN,
        "Salaries And Wages": NaN,
        "Total Revenue": 0.0,
        "Operating Revenue": 0.0
    },
    "2022-09-30": {
        "Tax Effect Of Unusual Items": NaN,
        "Tax Rate For Calcs": NaN,
        "Normalized EBITDA": NaN,
        "Total Unusual Items": 0.0,
        "Total Unusual Items Excluding Goodwill": 0.0,
        "Net Income From Continuing Operation Net Minority Interest": NaN,
        "Reconciled Depreciation": NaN,
        "EBITDA": NaN,
        "EBIT": NaN,
        "Net Interest Income": 194000.0,
        "Interest Income": 194000.0,
        "Normalized Income": NaN,
        "Net Income From Continuing And Discontinued Operation": NaN,
        "Total Expenses": NaN,
        "Total Operating Income As Reported": NaN,
        "Diluted Average Shares": 126624000.0,
        "Basic Average Shares": 126624000.0,
        "Diluted EPS": -0.06,
        "Basic EPS": -0.06,
        "Diluted NI Availto Com Stockholders": NaN,
        "Net Income Common Stockholders": NaN,
        "Net Income": NaN,
        "Net Income Including Noncontrolling Interests": NaN,
        "Net Income Continuous Operations": NaN,
        "Tax Provision": NaN,
        "Pretax Income": NaN,
        "Other Income Expense": NaN,
        "Other Non Operating Income Expenses": NaN,
        "Special Income Charges": 0.0,
        "Write Off": 0.0,
        "Net Non Operating Interest Income Expense": 194000.0,
        "Interest Income Non Operating": 194000.0,
        "Operating Income": NaN,
        "Operating Expense": NaN,
        "Research And Development": NaN,
        "Selling General And Administration": NaN,
        "General And Administrative Expense": NaN,
        "Other Gand A": NaN,
        "Insurance And Claims": 603000.0,
        "Salaries And Wages": 1743000.0,
        "Total Revenue": NaN,
        "Operating Revenue": NaN
    },
    "2022-06-30": {
        "Tax Effect Of Unusual Items": 0.0,
        "Tax Rate For Calcs": 0.0,
        "Normalized EBITDA": -6593000.0,
        "Total Unusual Items": NaN,
        "Total Unusual Items Excluding Goodwill": NaN,
        "Net Income From Continuing Operation Net Minority Interest": -6672000.0,
        "Reconciled Depreciation": 2000.0,
        "EBITDA": -6593000.0,
        "EBIT": -6595000.0,
        "Net Interest Income": NaN,
        "Interest Income": NaN,
        "Normalized Income": -6672000.0,
        "Net Income From Continuing And Discontinued Operation": -6672000.0,
        "Total Expenses": 6595000.0,
        "Total Operating Income As Reported": -6595000.0,
        "Diluted Average Shares": 126624000.0,
        "Basic Average Shares": 126624000.0,
        "Diluted EPS": -0.052691,
        "Basic EPS": -0.05,
        "Diluted NI Availto Com Stockholders": -6672000.0,
        "Net Income Common Stockholders": -6672000.0,
        "Net Income": -6672000.0,
        "Net Income Including Noncontrolling Interests": -6672000.0,
        "Net Income Continuous Operations": -6672000.0,
        "Tax Provision": 0.0,
        "Pretax Income": -6672000.0,
        "Other Income Expense": -77000.0,
        "Other Non Operating Income Expenses": -77000.0,
        "Special Income Charges": NaN,
        "Write Off": NaN,
        "Net Non Operating Interest Income Expense": NaN,
        "Interest Income Non Operating": NaN,
        "Operating Income": -6595000.0,
        "Operating Expense": 6595000.0,
        "Research And Development": 3433000.0,
        "Selling General And Administration": 3162000.0,
        "General And Administrative Expense": 3162000.0,
        "Other Gand A": 3162000.0,
        "Insurance And Claims": NaN,
        "Salaries And Wages": NaN,
        "Total Revenue": 0.0,
        "Operating Revenue": 0.0
    },
    "2022-03-31": {
        "Diluted EPS": -0.04,
        "Total Revenue": NaN,
        "Gross Profit": NaN,
        "Operating Income": -5,
        "EBIT": -5,
        "Net Income": -5
    },
    "2021-12-31": {
        "Diluted EPS": -0.04,
        "Total Revenue": NaN,
        "Gross Profit": NaN,
        "Operating Income": -5,
        "EBIT": -5,
        "Net Income": -5
    },
    "2021-09-30": {
        "Diluted EPS": -0.04,
        "Total Revenue": NaN,
        "Gross Profit": NaN,
        "Operating Income": -5,
        "EBIT": -5,
        "Net Income": -5
    },
    "2021-06-30": {
        "Diluted EPS": -0.06,
        "Total Revenue": NaN,
        "Gross Profit": NaN,
        "Operating Income": -7,
        "EBIT": -7,
        "Net Income": -7
    },
    "2021-03-31": {
        "Diluted EPS": -0.04,
        "Total Revenue": NaN,
        "Gross Profit": NaN,
        "Operating Income": -4,
        "EBIT": -4,
        "Net Income": -4
    },
    "2020-12-31": {
        "Diluted EPS": -0.88,
        "Total Revenue": NaN,
        "Gross Profit": NaN,
        "Operating Income": -4,
        "EBIT": -4,
        "Net Income": -12
    },
    "2020-09-30": {
        "Diluted EPS": -0.34,
        "Total Revenue": NaN,
        "Gross Profit": NaN,
        "Operating Income": -4,
        "EBIT": -3,
        "Net Income": -3
    },
    "2020-06-30": {
        "Diluted EPS": -0.43,
        "Total Revenue": NaN,
        "Gross Profit": NaN,
        "Operating Income": -4,
        "EBIT": -4,
        "Net Income": -4
    },
    "2020-03-31": {
        "Diluted EPS": -0.32,
        "Total Revenue": NaN,
        "Gross Profit": NaN,
        "Operating Income": -3,
        "EBIT": -3,
        "Net Income": -3
    },
    "2019-12-31": {
        "Diluted EPS": -0.25,
        "Total Revenue": NaN,
        "Gross Profit": NaN,
        "Operating Income": -3,
        "EBIT": -3,
        "Net Income": -3
    },
    "2019-09-30": {
        "Diluted EPS": -0.36,
        "Total Revenue": NaN,
        "Gross Profit": NaN,
        "Operating Income": -3,
        "EBIT": -3,
        "Net Income": -3
    },
    "2019-06-30": {
        "Diluted EPS": -0.8,
        "Total Revenue": NaN,
        "Gross Profit": NaN,
        "Operating Income": -7,
        "EBIT": -7,
        "Net Income": -7
    },
    "2019-03-31": {
        "Diluted EPS": -0.62,
        "Total Revenue": NaN,
        "Gross Profit": NaN,
        "Operating Income": -4,
        "EBIT": -4,
        "Net Income": -4
    },
    "2018-12-31": {
        "Diluted EPS": 8.7,
        "Total Revenue": NaN,
        "Gross Profit": NaN,
        "Operating Income": -2,
        "EBIT": -2,
        "Net Income": -2
    },
    "2018-09-30": {
        "Diluted EPS": -0.64,
        "Total Revenue": NaN,
        "Gross Profit": NaN,
        "Operating Income": -3,
        "EBIT": -3,
        "Net Income": -3
    },
    "2018-06-30": {
        "Diluted EPS": -5.08,
        "Total Revenue": NaN,
        "Gross Profit": NaN,
        "Operating Income": -4,
        "EBIT": -4,
        "Net Income": -16
    },
    "2018-03-31": {
        "Diluted EPS": -8.48,
        "Total Revenue": NaN,
        "Gross Profit": NaN,
        "Operating Income": -2,
        "EBIT": -2,
        "Net Income": -2
    },
    "2017-12-31": {
        "Diluted EPS": 4.26,
        "Total Revenue": NaN,
        "Gross Profit": NaN,
        "Operating Income": -2,
        "EBIT": -2,
        "Net Income": -2
    },
    "2017-09-30": {
        "Diluted EPS": -2.11,
        "Total Revenue": NaN,
        "Gross Profit": NaN,
        "Operating Income": -2,
        "EBIT": -2,
        "Net Income": -2
    },
    "2017-06-30": {
        "Diluted EPS": -7.72,
        "Total Revenue": NaN,
        "Gross Profit": NaN,
        "Operating Income": -2,
        "EBIT": -2,
        "Net Income": -5
    },
    "2017-03-31": {
        "Diluted EPS": -5.4,
        "Total Revenue": NaN,
        "Gross Profit": NaN,
        "Operating Income": -2,
        "EBIT": -2,
        "Net Income": -2
    },
    "2016-12-31": {
        "Diluted EPS": -6.96,
        "Total Revenue": NaN,
        "Gross Profit": NaN,
        "Operating Income": -2,
        "EBIT": -2,
        "Net Income": -3
    },
    "2016-09-30": {
        "Diluted EPS": 0.84,
        "Total Revenue": NaN,
        "Gross Profit": NaN,
        "Operating Income": -2,
        "EBIT": -1,
        "Net Income": 0
    },
    "2016-06-30": {
        "Diluted EPS": -8.04,
        "Total Revenue": NaN,
        "Gross Profit": NaN,
        "Operating Income": -2,
        "EBIT": -2,
        "Net Income": -2
    },
    "2016-03-31": {
        "Diluted EPS": -11.77,
        "Total Revenue": NaN,
        "Gross Profit": NaN,
        "Operating Income": -2,
        "EBIT": -2,
        "Net Income": -2
    },
    "2015-12-31": {
        "Diluted EPS": -28.47,
        "Total Revenue": NaN,
        "Gross Profit": NaN,
        "Operating Income": -2,
        "EBIT": -2,
        "Net Income": -5
    },
    "2015-09-30": {
        "Diluted EPS": -28.09,
        "Total Revenue": NaN,
        "Gross Profit": NaN,
        "Operating Income": -4,
        "EBIT": -4,
        "Net Income": -4
    },
    "2015-06-30": {
        "Diluted EPS": -19.8,
        "Total Revenue": NaN,
        "Gross Profit": NaN,
        "Operating Income": -3,
        "EBIT": -3,
        "Net Income": -3
    },
    "2015-03-31": {
        "Diluted EPS": -23.4,
        "Total Revenue": NaN,
        "Gross Profit": NaN,
        "Operating Income": -3,
        "EBIT": -3,
        "Net Income": -3
    },
    "2014-12-31": {
        "Diluted EPS": -45.0,
        "Total Revenue": 0,
        "Gross Profit": 0,
        "Operating Income": -3,
        "EBIT": -3,
        "Net Income": -6
    },
    "2014-09-30": {
        "Diluted EPS": -23.4,
        "Total Revenue": 0,
        "Gross Profit": 0,
        "Operating Income": -3,
        "EBIT": -3,
        "Net Income": -3
    },
    "2014-06-30": {
        "Diluted EPS": -23.4,
        "Total Revenue": 0,
        "Gross Profit": 0,
        "Operating Income": -3,
        "EBIT": -3,
        "Net Income": -3
    },
    "2014-03-31": {
        "Diluted EPS": -18.0,
        "Total Revenue": 0,
        "Gross Profit": 0,
        "Operating Income": -2,
        "EBIT": -2,
        "Net Income": -2
    },
    "2013-12-31": {
        "Diluted EPS": -30.6,
        "Total Revenue": 0,
        "Gross Profit": 0,
        "Operating Income": -3,
        "EBIT": -3,
        "Net Income": -3
    },
    "2013-09-30": {
        "Diluted EPS": -39.6,
        "Total Revenue": 0,
        "Gross Profit": 0,
        "Operating Income": -4,
        "EBIT": -3,
        "Net Income": -4
    },
    "2013-06-30": {
        "Diluted EPS": -30.6,
        "Total Revenue": 0,
        "Gross Profit": 0,
        "Operating Income": -3,
        "EBIT": -2,
        "Net Income": -3
    },
    "2013-03-31": {
        "Diluted EPS": -25.2,
        "Total Revenue": 0,
        "Gross Profit": 0,
        "Operating Income": -2,
        "EBIT": -2,
        "Net Income": -2
    },
    "2012-12-31": {
        "Diluted EPS": -21.6,
        "Total Revenue": 0,
        "Gross Profit": 0,
        "Operating Income": -2,
        "EBIT": -2,
        "Net Income": -2
    },
    "2012-09-30": {
        "Diluted EPS": -18.0,
        "Total Revenue": 0,
        "Gross Profit": 0,
        "Operating Income": -1,
        "EBIT": -1,
        "Net Income": -1
    },
    "2012-06-30": {
        "Diluted EPS": -18.0,
        "Total Revenue": 0,
        "Gross Profit": 0,
        "Operating Income": -1,
        "EBIT": -1,
        "Net Income": -1
    },
    "2012-03-31": {
        "Diluted EPS": -16.2,
        "Total Revenue": 0,
        "Gross Profit": 0,
        "Operating Income": -1,
        "EBIT": -1,
        "Net Income": -1
    },
    "2011-12-31": {
        "Diluted EPS": 0.0,
        "Total Revenue": NaN,
        "Gross Profit": NaN,
        "Operating Income": NaN,
        "EBIT": NaN,
        "Net Income": NaN
    },
    "2011-09-30": {
        "Diluted EPS": -19.8,
        "Total Revenue": NaN,
        "Gross Profit": NaN,
        "Operating Income": -1,
        "EBIT": -1,
        "Net Income": -1
    },
    "2023-06-30": {
        "Tax Effect Of Unusual Items": NaN,
        "Tax Rate For Calcs": NaN,
        "Normalized EBITDA": NaN,
        "Total Unusual Items": -2990000.0,
        "Total Unusual Items Excluding Goodwill": -2990000.0,
        "Net Income From Continuing Operation Net Minority Interest": NaN,
        "Reconciled Depreciation": NaN,
        "EBITDA": NaN,
        "EBIT": NaN,
        "Net Interest Income": NaN,
        "Interest Income": NaN,
        "Normalized Income": NaN,
        "Net Income From Continuing And Discontinued Operation": NaN,
        "Total Expenses": NaN,
        "Total Operating Income As Reported": NaN,
        "Diluted Average Shares": 126622798.0,
        "Basic Average Shares": 126622798.0,
        "Diluted EPS": -0.08,
        "Basic EPS": -0.08,
        "Diluted NI Availto Com Stockholders": NaN,
        "Net Income Common Stockholders": NaN,
        "Net Income": NaN,
        "Net Income Including Noncontrolling Interests": NaN,
        "Net Income Continuous Operations": NaN,
        "Tax Provision": NaN,
        "Pretax Income": NaN,
        "Other Income Expense": NaN,
        "Other Non Operating Income Expenses": NaN,
        "Special Income Charges": -2990000.0,
        "Write Off": 2990000.0,
        "Net Non Operating Interest Income Expense": NaN,
        "Interest Income Non Operating": NaN,
        "Operating Income": NaN,
        "Operating Expense": NaN,
        "Research And Development": NaN,
        "Selling General And Administration": NaN,
        "General And Administrative Expense": NaN,
        "Other Gand A": NaN,
        "Insurance And Claims": 341000.0,
        "Salaries And Wages": 2534000.0,
        "Total Revenue": NaN,
        "Operating Revenue": NaN
    },
    "2023-09-30": {
        "Tax Effect Of Unusual Items": NaN,
        "Tax Rate For Calcs": NaN,
        "Normalized EBITDA": NaN,
        "Total Unusual Items": 0.0,
        "Total Unusual Items Excluding Goodwill": 0.0,
        "Net Income From Continuing Operation Net Minority Interest": NaN,
        "Reconciled Depreciation": NaN,
        "EBITDA": NaN,
        "EBIT": NaN,
        "Net Interest Income": NaN,
        "Interest Income": NaN,
        "Normalized Income": NaN,
        "Net Income From Continuing And Discontinued Operation": NaN,
        "Total Expenses": NaN,
        "Total Operating Income As Reported": NaN,
        "Diluted Average Shares": 125793112.0,
        "Basic Average Shares": 125793112.0,
        "Diluted EPS": -0.05,
        "Basic EPS": -0.05,
        "Diluted NI Availto Com Stockholders": NaN,
        "Net Income Common Stockholders": NaN,
        "Net Income": NaN,
        "Net Income Including Noncontrolling Interests": NaN,
        "Net Income Continuous Operations": NaN,
        "Tax Provision": NaN,
        "Pretax Income": NaN,
        "Other Income Expense": NaN,
        "Other Non Operating Income Expenses": NaN,
        "Special Income Charges": 0.0,
        "Write Off": 0.0,
        "Net Non Operating Interest Income Expense": NaN,
        "Interest Income Non Operating": NaN,
        "Operating Income": NaN,
        "Operating Expense": NaN,
        "Research And Development": NaN,
        "Selling General And Administration": NaN,
        "General And Administrative Expense": NaN,
        "Other Gand A": NaN,
        "Insurance And Claims": 340000.0,
        "Salaries And Wages": 1534000.0,
        "Total Revenue": NaN,
        "Operating Revenue": NaN
    },
    "2024-03-31": {
        "Tax Effect Of Unusual Items": NaN,
        "Tax Rate For Calcs": NaN,
        "Normalized EBITDA": NaN,
        "Total Unusual Items": NaN,
        "Total Unusual Items Excluding Goodwill": NaN,
        "Net Income From Continuing Operation Net Minority Interest": NaN,
        "Reconciled Depreciation": NaN,
        "EBITDA": NaN,
        "EBIT": NaN,
        "Net Interest Income": NaN,
        "Interest Income": NaN,
        "Normalized Income": NaN,
        "Net Income From Continuing And Discontinued Operation": NaN,
        "Total Expenses": NaN,
        "Total Operating Income As Reported": NaN,
        "Diluted Average Shares": 125319778.0,
        "Basic Average Shares": 125319778.0,
        "Diluted EPS": -0.05,
        "Basic EPS": -0.05,
        "Diluted NI Availto Com Stockholders": NaN,
        "Net Income Common Stockholders": NaN,
        "Net Income": NaN,
        "Net Income Including Noncontrolling Interests": NaN,
        "Net Income Continuous Operations": NaN,
        "Tax Provision": NaN,
        "Pretax Income": NaN,
        "Other Income Expense": NaN,
        "Other Non Operating Income Expenses": NaN,
        "Special Income Charges": NaN,
        "Write Off": NaN,
        "Net Non Operating Interest Income Expense": NaN,
        "Interest Income Non Operating": NaN,
        "Operating Income": NaN,
        "Operating Expense": NaN,
        "Research And Development": NaN,
        "Selling General And Administration": NaN,
        "General And Administrative Expense": NaN,
        "Other Gand A": NaN,
        "Insurance And Claims": 227000.0,
        "Salaries And Wages": 1325000.0,
        "Total Revenue": NaN,
        "Operating Revenue": NaN
    },
    "2024-06-30": {
        "Tax Effect Of Unusual Items": NaN,
        "Tax Rate For Calcs": NaN,
        "Normalized EBITDA": NaN,
        "Total Unusual Items": 0.0,
        "Total Unusual Items Excluding Goodwill": 0.0,
        "Net Income From Continuing Operation Net Minority Interest": NaN,
        "Reconciled Depreciation": NaN,
        "EBITDA": NaN,
        "EBIT": NaN,
        "Net Interest Income": NaN,
        "Interest Income": NaN,
        "Normalized Income": NaN,
        "Net Income From Continuing And Discontinued Operation": NaN,
        "Total Expenses": NaN,
        "Total Operating Income As Reported": NaN,
        "Diluted Average Shares": 125732140.0,
        "Basic Average Shares": 125732140.0,
        "Diluted EPS": -0.05,
        "Basic EPS": -0.05,
        "Diluted NI Availto Com Stockholders": NaN,
        "Net Income Common Stockholders": NaN,
        "Net Income": NaN,
        "Net Income Including Noncontrolling Interests": NaN,
        "Net Income Continuous Operations": NaN,
        "Tax Provision": NaN,
        "Pretax Income": NaN,
        "Other Income Expense": NaN,
        "Other Non Operating Income Expenses": NaN,
        "Special Income Charges": 0.0,
        "Write Off": 0.0,
        "Net Non Operating Interest Income Expense": NaN,
        "Interest Income Non Operating": NaN,
        "Operating Income": NaN,
        "Operating Expense": NaN,
        "Research And Development": NaN,
        "Selling General And Administration": NaN,
        "General And Administrative Expense": NaN,
        "Other Gand A": NaN,
        "Insurance And Claims": 252000.0,
        "Salaries And Wages": 1031000.0,
        "Total Revenue": NaN,
        "Operating Revenue": NaN
    },
    "2024-09-30": {
        "Tax Effect Of Unusual Items": 0.0,
        "Tax Rate For Calcs": 0.0,
        "Normalized EBITDA": -4671000.0,
        "Total Unusual Items": -1710000.0,
        "Total Unusual Items Excluding Goodwill": -1710000.0,
        "Net Income From Continuing Operation Net Minority Interest": -7230000.0,
        "Reconciled Depreciation": 4000.0,
        "EBITDA": -6381000.0,
        "EBIT": -6385000.0,
        "Net Interest Income": 1001000.0,
        "Interest Income": 1001000.0,
        "Normalized Income": -5520000.0,
        "Net Income From Continuing And Discontinued Operation": -7230000.0,
        "Total Expenses": 6385000.0,
        "Total Operating Income As Reported": -6385000.0,
        "Diluted Average Shares": 125772664.0,
        "Basic Average Shares": 125772664.0,
        "Diluted EPS": -0.06,
        "Basic EPS": -0.06,
        "Diluted NI Availto Com Stockholders": -7230000.0,
        "Net Income Common Stockholders": -7230000.0,
        "Net Income": -7230000.0,
        "Net Income Including Noncontrolling Interests": -7230000.0,
        "Net Income Continuous Operations": -7230000.0,
        "Tax Provision": 0.0,
        "Pretax Income": -7230000.0,
        "Other Income Expense": -1846000.0,
        "Other Non Operating Income Expenses": -136000.0,
        "Special Income Charges": -1710000.0,
        "Write Off": 1710000.0,
        "Net Non Operating Interest Income Expense": 1001000.0,
        "Interest Income Non Operating": 1001000.0,
        "Operating Income": -6385000.0,
        "Operating Expense": 6385000.0,
        "Research And Development": 3412000.0,
        "Selling General And Administration": 2973000.0,
        "General And Administrative Expense": 2973000.0,
        "Other Gand A": 1425000.0,
        "Insurance And Claims": 206000.0,
        "Salaries And Wages": 1342000.0,
        "Total Revenue": 0.0,
        "Operating Revenue": 0.0
    },
    "2024-12-31": {
        "Tax Effect Of Unusual Items": 0.0,
        "Tax Rate For Calcs": 0.0,
        "Normalized EBITDA": -7147000.0,
        "Total Unusual Items": 0.0,
        "Total Unusual Items Excluding Goodwill": 0.0,
        "Net Income From Continuing Operation Net Minority Interest": -6347000.0,
        "Reconciled Depreciation": 4000.0,
        "EBITDA": -7147000.0,
        "EBIT": -7151000.0,
        "Net Interest Income": 837000.0,
        "Interest Income": 837000.0,
        "Normalized Income": -6347000.0,
        "Net Income From Continuing And Discontinued Operation": -6347000.0,
        "Total Expenses": 7151000.0,
        "Total Operating Income As Reported": -7151000.0,
        "Diluted Average Shares": NaN,
        "Basic Average Shares": NaN,
        "Diluted EPS": NaN,
        "Basic EPS": NaN,
        "Diluted NI Availto Com Stockholders": -6347000.0,
        "Net Income Common Stockholders": -6347000.0,
        "Net Income": -6347000.0,
        "Net Income Including Noncontrolling Interests": -6347000.0,
        "Net Income Continuous Operations": -6347000.0,
        "Tax Provision": 0.0,
        "Pretax Income": -6347000.0,
        "Other Income Expense": -33000.0,
        "Other Non Operating Income Expenses": -33000.0,
        "Special Income Charges": 0.0,
        "Write Off": 0.0,
        "Net Non Operating Interest Income Expense": 837000.0,
        "Interest Income Non Operating": 837000.0,
        "Operating Income": -7151000.0,
        "Operating Expense": 7151000.0,
        "Research And Development": 3403000.0,
        "Selling General And Administration": 3748000.0,
        "General And Administrative Expense": 3748000.0,
        "Other Gand A": 8130000.0,
        "Insurance And Claims": NaN,
        "Salaries And Wages": NaN,
        "Total Revenue": 0.0,
        "Operating Revenue": 0.0
    },
    "2025-03-31": {
        "Tax Effect Of Unusual Items": 0.0,
        "Tax Rate For Calcs": 0.0,
        "Normalized EBITDA": -7410000.0,
        "Total Unusual Items": NaN,
        "Total Unusual Items Excluding Goodwill": NaN,
        "Net Income From Continuing Operation Net Minority Interest": -6718000.0,
        "Reconciled Depreciation": 4000.0,
        "EBITDA": -7410000.0,
        "EBIT": -7414000.0,
        "Net Interest Income": 720000.0,
        "Interest Income": 720000.0,
        "Normalized Income": -6718000.0,
        "Net Income From Continuing And Discontinued Operation": -6718000.0,
        "Total Expenses": 7414000.0,
        "Total Operating Income As Reported": -7414000.0,
        "Diluted Average Shares": 129170004.0,
        "Basic Average Shares": 129170004.0,
        "Diluted EPS": -0.05,
        "Basic EPS": -0.05,
        "Diluted NI Availto Com Stockholders": -6718000.0,
        "Net Income Common Stockholders": -6718000.0,
        "Net Income": -6718000.0,
        "Net Income Including Noncontrolling Interests": -6718000.0,
        "Net Income Continuous Operations": -6718000.0,
        "Tax Provision": 0.0,
        "Pretax Income": -6718000.0,
        "Other Income Expense": -24000.0,
        "Other Non Operating Income Expenses": -24000.0,
        "Special Income Charges": NaN,
        "Write Off": NaN,
        "Net Non Operating Interest Income Expense": 720000.0,
        "Interest Income Non Operating": 720000.0,
        "Operating Income": -7414000.0,
        "Operating Expense": 7414000.0,
        "Research And Development": 4157000.0,
        "Selling General And Administration": 3257000.0,
        "General And Administrative Expense": 3257000.0,
        "Other Gand A": 1614000.0,
        "Insurance And Claims": 181000.0,
        "Salaries And Wages": 1462000.0,
        "Total Revenue": 0.0,
        "Operating Revenue": 0.0
    },
    "2023-12-31": {
        "Tax Effect Of Unusual Items": NaN,
        "Tax Rate For Calcs": NaN,
        "Normalized EBITDA": NaN,
        "Total Unusual Items": 0.0,
        "Total Unusual Items Excluding Goodwill": 0.0,
        "Net Income From Continuing Operation Net Minority Interest": NaN,
        "Reconciled Depreciation": NaN,
        "EBITDA": NaN,
        "EBIT": NaN,
        "Net Interest Income": NaN,
        "Interest Income": NaN,
        "Normalized Income": NaN,
        "Net Income From Continuing And Discontinued Operation": NaN,
        "Total Expenses": NaN,
        "Total Operating Income As Reported": NaN,
        "Diluted Average Shares": NaN,
        "Basic Average Shares": NaN,
        "Diluted EPS": NaN,
        "Basic EPS": NaN,
        "Diluted NI Availto Com Stockholders": NaN,
        "Net Income Common Stockholders": NaN,
        "Net Income": NaN,
        "Net Income Including Noncontrolling Interests": NaN,
        "Net Income Continuous Operations": NaN,
        "Tax Provision": NaN,
        "Pretax Income": NaN,
        "Other Income Expense": NaN,
        "Other Non Operating Income Expenses": NaN,
        "Special Income Charges": 0.0,
        "Write Off": 0.0,
        "Net Non Operating Interest Income Expense": NaN,
        "Interest Income Non Operating": NaN,
        "Operating Income": NaN,
        "Operating Expense": NaN,
        "Research And Development": NaN,
        "Selling General And Administration": NaN,
        "General And Administrative Expense": NaN,
        "Other Gand A": NaN,
        "Insurance And Claims": NaN,
        "Salaries And Wages": NaN,
        "Total Revenue": NaN,
        "Operating Revenue": NaN
    },
    "2025-06-30": {
        "Tax Effect Of Unusual Items": 0.0,
        "Tax Rate For Calcs": 0.0,
        "Normalized EBITDA": -9036000.0,
        "Total Unusual Items": NaN,
        "Total Unusual Items Excluding Goodwill": NaN,
        "Net Income From Continuing Operation Net Minority Interest": -8423000.0,
        "Reconciled Depreciation": 4000.0,
        "EBITDA": -9036000.0,
        "EBIT": -9040000.0,
        "Net Interest Income": 645000.0,
        "Interest Income": 645000.0,
        "Normalized Income": -8423000.0,
        "Net Income From Continuing And Discontinued Operation": -8423000.0,
        "Total Expenses": 9040000.0,
        "Total Operating Income As Reported": -9040000.0,
        "Diluted Average Shares": 129170425.0,
        "Basic Average Shares": 129170425.0,
        "Diluted EPS": -0.07,
        "Basic EPS": -0.07,
        "Diluted NI Availto Com Stockholders": -8423000.0,
        "Net Income Common Stockholders": -8423000.0,
        "Net Income": -8423000.0,
        "Net Income Including Noncontrolling Interests": -8423000.0,
        "Net Income Continuous Operations": -8423000.0,
        "Tax Provision": 0.0,
        "Pretax Income": -8423000.0,
        "Other Income Expense": -28000.0,
        "Other Non Operating Income Expenses": -28000.0,
        "Special Income Charges": NaN,
        "Write Off": NaN,
        "Net Non Operating Interest Income Expense": 645000.0,
        "Interest Income Non Operating": 645000.0,
        "Operating Income": -9040000.0,
        "Operating Expense": 9040000.0,
        "Research And Development": 5502000.0,
        "Selling General And Administration": 3538000.0,
        "General And Administrative Expense": 3538000.0,
        "Other Gand A": 1794000.0,
        "Insurance And Claims": 180000.0,
        "Salaries And Wages": 1564000.0,
        "Total Revenue": 0.0,
        "Operating Revenue": 0.0
    },
    "2025-09-30": {
        "Tax Effect Of Unusual Items": 0.0,
        "Tax Rate For Calcs": 0.0,
        "Normalized EBITDA": -9247000.0,
        "Total Unusual Items": 0.0,
        "Total Unusual Items Excluding Goodwill": 0.0,
        "Net Income From Continuing Operation Net Minority Interest": -8692000.0,
        "Reconciled Depreciation": 4000.0,
        "EBITDA": -9247000.0,
        "EBIT": -9251000.0,
        "Net Interest Income": 570000.0,
        "Interest Income": 570000.0,
        "Normalized Income": -8692000.0,
        "Net Income From Continuing And Discontinued Operation": -8692000.0,
        "Total Expenses": 9251000.0,
        "Total Operating Income As Reported": -9251000.0,
        "Diluted Average Shares": 129171424.0,
        "Basic Average Shares": 129171424.0,
        "Diluted EPS": -0.07,
        "Basic EPS": -0.07,
        "Diluted NI Availto Com Stockholders": -8692000.0,
        "Net Income Common Stockholders": -8692000.0,
        "Net Income": -8692000.0,
        "Net Income Including Noncontrolling Interests": -8692000.0,
        "Net Income Continuous Operations": -8692000.0,
        "Tax Provision": 0.0,
        "Pretax Income": -8692000.0,
        "Other Income Expense": -11000.0,
        "Other Non Operating Income Expenses": -11000.0,
        "Special Income Charges": 0.0,
        "Write Off": 0.0,
        "Net Non Operating Interest Income Expense": 570000.0,
        "Interest Income Non Operating": 570000.0,
        "Operating Income": -9251000.0,
        "Operating Expense": 9251000.0,
        "Research And Development": 5370000.0,
        "Selling General And Administration": 3881000.0,
        "General And Administrative Expense": 3881000.0,
        "Other Gand A": 2246000.0,
        "Insurance And Claims": 182000.0,
        "Salaries And Wages": 1453000.0,
        "Total Revenue": 0.0,
        "Operating Revenue": 0.0
    }
}