{
    "2023-03-31": {
        "Tax Effect Of Unusual Items": NaN,
        "Tax Rate For Calcs": NaN,
        "Normalized EBITDA": NaN,
        "Total Unusual Items": NaN,
        "Total Unusual Items Excluding Goodwill": NaN,
        "Net Income From Continuing Operation Net Minority Interest": NaN,
        "Reconciled Depreciation": NaN,
        "Reconciled Cost Of Revenue": NaN,
        "EBITDA": NaN,
        "EBIT": NaN,
        "Net Interest Income": NaN,
        "Interest Expense": NaN,
        "Interest Income": NaN,
        "Normalized Income": NaN,
        "Net Income From Continuing And Discontinued Operation": NaN,
        "Total Expenses": NaN,
        "Total Operating Income As Reported": NaN,
        "Diluted Average Shares": 4158760.0,
        "Basic Average Shares": 4158760.0,
        "Diluted EPS": -18.0,
        "Basic EPS": -18.0,
        "Diluted NI Availto Com Stockholders": NaN,
        "Net Income Common Stockholders": NaN,
        "Net Income": NaN,
        "Net Income Including Noncontrolling Interests": NaN,
        "Net Income Continuous Operations": NaN,
        "Tax Provision": NaN,
        "Pretax Income": NaN,
        "Other Income Expense": NaN,
        "Other Non Operating Income Expenses": NaN,
        "Special Income Charges": NaN,
        "Gain On Sale Of Ppe": NaN,
        "Gain On Sale Of Business": NaN,
        "Net Non Operating Interest Income Expense": NaN,
        "Interest Expense Non Operating": NaN,
        "Interest Income Non Operating": NaN,
        "Operating Income": NaN,
        "Operating Expense": NaN,
        "Research And Development": NaN,
        "Selling General And Administration": NaN,
        "General And Administrative Expense": NaN,
        "Other Gand A": NaN,
        "Gross Profit": NaN,
        "Cost Of Revenue": NaN,
        "Total Revenue": NaN,
        "Operating Revenue": NaN
    },
    "2022-12-31": {
        "Tax Effect Of Unusual Items": NaN,
        "Tax Rate For Calcs": NaN,
        "Normalized EBITDA": NaN,
        "Total Unusual Items": 0.0,
        "Total Unusual Items Excluding Goodwill": 0.0,
        "Net Income From Continuing Operation Net Minority Interest": NaN,
        "Reconciled Depreciation": NaN,
        "Reconciled Cost Of Revenue": NaN,
        "EBITDA": NaN,
        "EBIT": NaN,
        "Net Interest Income": NaN,
        "Interest Expense": NaN,
        "Interest Income": NaN,
        "Normalized Income": NaN,
        "Net Income From Continuing And Discontinued Operation": NaN,
        "Total Expenses": NaN,
        "Total Operating Income As Reported": NaN,
        "Diluted Average Shares": NaN,
        "Basic Average Shares": NaN,
        "Diluted EPS": NaN,
        "Basic EPS": NaN,
        "Diluted NI Availto Com Stockholders": NaN,
        "Net Income Common Stockholders": NaN,
        "Net Income": NaN,
        "Net Income Including Noncontrolling Interests": NaN,
        "Net Income Continuous Operations": NaN,
        "Tax Provision": NaN,
        "Pretax Income": NaN,
        "Other Income Expense": NaN,
        "Other Non Operating Income Expenses": NaN,
        "Special Income Charges": 0.0,
        "Gain On Sale Of Ppe": 0.0,
        "Gain On Sale Of Business": NaN,
        "Net Non Operating Interest Income Expense": NaN,
        "Interest Expense Non Operating": NaN,
        "Interest Income Non Operating": NaN,
        "Operating Income": NaN,
        "Operating Expense": NaN,
        "Research And Development": NaN,
        "Selling General And Administration": NaN,
        "General And Administrative Expense": NaN,
        "Other Gand A": NaN,
        "Gross Profit": NaN,
        "Cost Of Revenue": NaN,
        "Total Revenue": NaN,
        "Operating Revenue": NaN
    },
    "2022-09-30": {
        "Tax Effect Of Unusual Items": NaN,
        "Tax Rate For Calcs": NaN,
        "Normalized EBITDA": NaN,
        "Total Unusual Items": 0.0,
        "Total Unusual Items Excluding Goodwill": 0.0,
        "Net Income From Continuing Operation Net Minority Interest": NaN,
        "Reconciled Depreciation": NaN,
        "Reconciled Cost Of Revenue": NaN,
        "EBITDA": NaN,
        "EBIT": NaN,
        "Net Interest Income": NaN,
        "Interest Expense": NaN,
        "Interest Income": NaN,
        "Normalized Income": NaN,
        "Net Income From Continuing And Discontinued Operation": NaN,
        "Total Expenses": NaN,
        "Total Operating Income As Reported": NaN,
        "Diluted Average Shares": NaN,
        "Basic Average Shares": NaN,
        "Diluted EPS": NaN,
        "Basic EPS": NaN,
        "Diluted NI Availto Com Stockholders": NaN,
        "Net Income Common Stockholders": NaN,
        "Net Income": NaN,
        "Net Income Including Noncontrolling Interests": NaN,
        "Net Income Continuous Operations": NaN,
        "Tax Provision": NaN,
        "Pretax Income": NaN,
        "Other Income Expense": NaN,
        "Other Non Operating Income Expenses": NaN,
        "Special Income Charges": 0.0,
        "Gain On Sale Of Ppe": 0.0,
        "Gain On Sale Of Business": NaN,
        "Net Non Operating Interest Income Expense": NaN,
        "Total Other Finance Cost": -541000.0,
        "Interest Expense Non Operating": NaN,
        "Interest Income Non Operating": NaN,
        "Operating Income": NaN,
        "Operating Expense": NaN,
        "Research And Development": NaN,
        "Selling General And Administration": NaN,
        "General And Administrative Expense": NaN,
        "Other Gand A": NaN,
        "Gross Profit": NaN,
        "Cost Of Revenue": NaN,
        "Total Revenue": NaN,
        "Operating Revenue": NaN
    },
    "2022-06-30": {
        "Tax Effect Of Unusual Items": 0.0,
        "Tax Rate For Calcs": 0.0,
        "Normalized EBITDA": -80931000.0,
        "Total Unusual Items": 50237000.0,
        "Total Unusual Items Excluding Goodwill": 50237000.0,
        "Net Income From Continuing Operation Net Minority Interest": 18466000.0,
        "Reconciled Depreciation": 1438000.0,
        "Reconciled Cost Of Revenue": NaN,
        "EBITDA": -30694000.0,
        "EBIT": -32132000.0,
        "Net Interest Income": 361000.0,
        "Interest Expense": NaN,
        "Interest Income": NaN,
        "Normalized Income": -31771000.0,
        "Net Income From Continuing And Discontinued Operation": 18466000.0,
        "Total Expenses": 83711000.0,
        "Total Operating Income As Reported": -32132000.0,
        "Diluted Average Shares": 101866000.0,
        "Basic Average Shares": 101601000.0,
        "Diluted EPS": 0.18,
        "Basic EPS": 0.18,
        "Diluted NI Availto Com Stockholders": 18466000.0,
        "Net Income Common Stockholders": 18466000.0,
        "Net Income": 18466000.0,
        "Net Income Including Noncontrolling Interests": 18466000.0,
        "Net Income Continuous Operations": 18466000.0,
        "Tax Provision": 0.0,
        "Pretax Income": 18466000.0,
        "Other Income Expense": 50237000.0,
        "Other Non Operating Income Expenses": NaN,
        "Special Income Charges": 50237000.0,
        "Gain On Sale Of Ppe": 50237000.0,
        "Gain On Sale Of Business": NaN,
        "Net Non Operating Interest Income Expense": 361000.0,
        "Total Other Finance Cost": -361000.0,
        "Interest Expense Non Operating": NaN,
        "Interest Income Non Operating": NaN,
        "Operating Income": -32132000.0,
        "Operating Expense": 83711000.0,
        "Research And Development": 64898000.0,
        "Selling General And Administration": 18813000.0,
        "General And Administrative Expense": 18813000.0,
        "Other Gand A": 18813000.0,
        "Gross Profit": NaN,
        "Cost Of Revenue": NaN,
        "Total Revenue": 51579000.0,
        "Operating Revenue": 51579000.0
    },
    "2022-03-31": {
        "Diluted EPS": -0.87,
        "Total Revenue": 7,
        "Gross Profit": 7,
        "Operating Income": -88,
        "EBIT": -86,
        "Net Income": -88
    },
    "2021-12-31": {
        "Diluted EPS": -0.96,
        "Total Revenue": 8,
        "Gross Profit": 8,
        "Operating Income": -93,
        "EBIT": -90,
        "Net Income": -93
    },
    "2021-09-30": {
        "Diluted EPS": -0.9,
        "Total Revenue": 5,
        "Gross Profit": 5,
        "Operating Income": -85,
        "EBIT": -82,
        "Net Income": -85
    },
    "2021-06-30": {
        "Diluted EPS": -0.91,
        "Total Revenue": 4,
        "Gross Profit": 4,
        "Operating Income": -84,
        "EBIT": -81,
        "Net Income": -84
    },
    "2021-03-31": {
        "Diluted EPS": -0.86,
        "Total Revenue": 4,
        "Gross Profit": 4,
        "Operating Income": -78,
        "EBIT": -76,
        "Net Income": -78
    },
    "2020-12-31": {
        "Diluted EPS": -0.89,
        "Total Revenue": NaN,
        "Gross Profit": NaN,
        "Operating Income": -82,
        "EBIT": -79,
        "Net Income": -81
    },
    "2020-09-30": {
        "Diluted EPS": -0.92,
        "Total Revenue": NaN,
        "Gross Profit": NaN,
        "Operating Income": -75,
        "EBIT": -72,
        "Net Income": -74
    },
    "2020-06-30": {
        "Diluted EPS": -1.14,
        "Total Revenue": NaN,
        "Gross Profit": NaN,
        "Operating Income": -78,
        "EBIT": -76,
        "Net Income": -77
    },
    "2020-03-31": {
        "Diluted EPS": -1.2,
        "Total Revenue": NaN,
        "Gross Profit": NaN,
        "Operating Income": -75,
        "EBIT": -73,
        "Net Income": -74
    },
    "2019-12-31": {
        "Diluted EPS": -1.32,
        "Total Revenue": NaN,
        "Gross Profit": NaN,
        "Operating Income": -80,
        "EBIT": -78,
        "Net Income": -78
    },
    "2019-09-30": {
        "Diluted EPS": -1.31,
        "Total Revenue": NaN,
        "Gross Profit": NaN,
        "Operating Income": -73,
        "EBIT": -71,
        "Net Income": -72
    },
    "2019-06-30": {
        "Diluted EPS": -1.6,
        "Total Revenue": NaN,
        "Gross Profit": NaN,
        "Operating Income": -76,
        "EBIT": -74,
        "Net Income": -74
    },
    "2019-03-31": {
        "Diluted EPS": -1.44,
        "Total Revenue": NaN,
        "Gross Profit": NaN,
        "Operating Income": -68,
        "EBIT": -67,
        "Net Income": -66
    },
    "2018-12-31": {
        "Diluted EPS": -1.78,
        "Total Revenue": NaN,
        "Gross Profit": NaN,
        "Operating Income": -82,
        "EBIT": -81,
        "Net Income": -80
    },
    "2018-09-30": {
        "Diluted EPS": -1.29,
        "Total Revenue": NaN,
        "Gross Profit": NaN,
        "Operating Income": -60,
        "EBIT": -60,
        "Net Income": -58
    },
    "2018-06-30": {
        "Diluted EPS": -1.15,
        "Total Revenue": NaN,
        "Gross Profit": NaN,
        "Operating Income": -53,
        "EBIT": -52,
        "Net Income": -51
    },
    "2018-03-31": {
        "Diluted EPS": -1.05,
        "Total Revenue": NaN,
        "Gross Profit": NaN,
        "Operating Income": -42,
        "EBIT": -42,
        "Net Income": -41
    },
    "2017-12-31": {
        "Diluted EPS": -1.16,
        "Total Revenue": NaN,
        "Gross Profit": NaN,
        "Operating Income": -36,
        "EBIT": -35,
        "Net Income": -35
    },
    "2017-09-30": {
        "Diluted EPS": -1.02,
        "Total Revenue": NaN,
        "Gross Profit": NaN,
        "Operating Income": -32,
        "EBIT": -31,
        "Net Income": -31
    },
    "2017-06-30": {
        "Diluted EPS": -0.94,
        "Total Revenue": NaN,
        "Gross Profit": NaN,
        "Operating Income": -28,
        "EBIT": -28,
        "Net Income": -27
    },
    "2017-03-31": {
        "Diluted EPS": -0.88,
        "Total Revenue": NaN,
        "Gross Profit": NaN,
        "Operating Income": -26,
        "EBIT": -26,
        "Net Income": -26
    },
    "2016-12-31": {
        "Diluted EPS": -0.63,
        "Total Revenue": NaN,
        "Gross Profit": NaN,
        "Operating Income": -19,
        "EBIT": -19,
        "Net Income": -18
    },
    "2016-09-30": {
        "Diluted EPS": -0.88,
        "Total Revenue": NaN,
        "Gross Profit": NaN,
        "Operating Income": -26,
        "EBIT": -25,
        "Net Income": -25
    },
    "2016-06-30": {
        "Diluted EPS": -0.66,
        "Total Revenue": NaN,
        "Gross Profit": NaN,
        "Operating Income": -19,
        "EBIT": -18,
        "Net Income": -19
    },
    "2016-03-31": {
        "Diluted EPS": -0.58,
        "Total Revenue": NaN,
        "Gross Profit": NaN,
        "Operating Income": -17,
        "EBIT": -16,
        "Net Income": -17
    },
    "2015-12-31": {
        "Diluted EPS": -0.77,
        "Total Revenue": NaN,
        "Gross Profit": NaN,
        "Operating Income": -22,
        "EBIT": -20,
        "Net Income": -21
    },
    "2015-09-30": {
        "Diluted EPS": -0.43,
        "Total Revenue": NaN,
        "Gross Profit": NaN,
        "Operating Income": -12,
        "EBIT": -11,
        "Net Income": -12
    },
    "2015-06-30": {
        "Diluted EPS": -0.62,
        "Total Revenue": NaN,
        "Gross Profit": NaN,
        "Operating Income": -15,
        "EBIT": -15,
        "Net Income": -15
    },
    "2015-03-31": {
        "Diluted EPS": -0.42,
        "Total Revenue": NaN,
        "Gross Profit": NaN,
        "Operating Income": -9,
        "EBIT": -9,
        "Net Income": -9
    },
    "2014-12-31": {
        "Diluted EPS": 7.53,
        "Total Revenue": NaN,
        "Gross Profit": NaN,
        "Operating Income": -11,
        "EBIT": -10,
        "Net Income": -11
    },
    "2014-09-30": {
        "Diluted EPS": -4.2,
        "Total Revenue": NaN,
        "Gross Profit": NaN,
        "Operating Income": -6,
        "EBIT": -6,
        "Net Income": -6
    },
    "2014-06-30": {
        "Diluted EPS": -3.37,
        "Total Revenue": NaN,
        "Gross Profit": NaN,
        "Operating Income": -5,
        "EBIT": -4,
        "Net Income": -5
    },
    "2014-03-31": {
        "Diluted EPS": -5.58,
        "Total Revenue": NaN,
        "Gross Profit": NaN,
        "Operating Income": -7,
        "EBIT": -7,
        "Net Income": -7
    },
    "2013-12-31": {
        "Diluted EPS": 0.0,
        "Total Revenue": NaN,
        "Gross Profit": NaN,
        "Operating Income": -5,
        "EBIT": -5,
        "Net Income": -5
    },
    "2013-09-30": {
        "Diluted EPS": -2.59,
        "Total Revenue": NaN,
        "Gross Profit": NaN,
        "Operating Income": -3,
        "EBIT": -3,
        "Net Income": -3
    },
    "2013-06-30": {
        "Diluted EPS": 0.0,
        "Total Revenue": NaN,
        "Gross Profit": NaN,
        "Operating Income": NaN,
        "EBIT": 0,
        "Net Income": NaN
    },
    "2013-03-31": {
        "Diluted EPS": -1.2,
        "Total Revenue": NaN,
        "Gross Profit": NaN,
        "Operating Income": -1,
        "EBIT": -1,
        "Net Income": -1
    },
    "2012-12-31": {
        "Diluted EPS": 0.0,
        "Total Revenue": NaN,
        "Gross Profit": NaN,
        "Operating Income": NaN,
        "EBIT": NaN,
        "Net Income": NaN
    },
    "2023-06-30": {
        "Tax Effect Of Unusual Items": NaN,
        "Tax Rate For Calcs": NaN,
        "Normalized EBITDA": NaN,
        "Total Unusual Items": 0.0,
        "Total Unusual Items Excluding Goodwill": 0.0,
        "Net Income From Continuing Operation Net Minority Interest": NaN,
        "Reconciled Depreciation": NaN,
        "Reconciled Cost Of Revenue": NaN,
        "EBITDA": NaN,
        "EBIT": NaN,
        "Net Interest Income": NaN,
        "Interest Expense": NaN,
        "Interest Income": NaN,
        "Normalized Income": NaN,
        "Net Income From Continuing And Discontinued Operation": NaN,
        "Total Expenses": NaN,
        "Total Operating Income As Reported": NaN,
        "Diluted Average Shares": NaN,
        "Basic Average Shares": NaN,
        "Diluted EPS": NaN,
        "Basic EPS": NaN,
        "Diluted NI Availto Com Stockholders": NaN,
        "Net Income Common Stockholders": NaN,
        "Net Income": NaN,
        "Net Income Including Noncontrolling Interests": NaN,
        "Net Income Continuous Operations": NaN,
        "Tax Provision": NaN,
        "Pretax Income": NaN,
        "Other Income Expense": NaN,
        "Other Non Operating Income Expenses": NaN,
        "Special Income Charges": 0.0,
        "Gain On Sale Of Ppe": NaN,
        "Gain On Sale Of Business": 0.0,
        "Net Non Operating Interest Income Expense": NaN,
        "Interest Expense Non Operating": NaN,
        "Interest Income Non Operating": NaN,
        "Operating Income": NaN,
        "Operating Expense": NaN,
        "Research And Development": NaN,
        "Selling General And Administration": NaN,
        "General And Administrative Expense": NaN,
        "Other Gand A": NaN,
        "Gross Profit": NaN,
        "Cost Of Revenue": NaN,
        "Total Revenue": NaN,
        "Operating Revenue": NaN
    },
    "2023-09-30": {
        "Tax Effect Of Unusual Items": NaN,
        "Tax Rate For Calcs": NaN,
        "Normalized EBITDA": NaN,
        "Total Unusual Items": 0.0,
        "Total Unusual Items Excluding Goodwill": 0.0,
        "Net Income From Continuing Operation Net Minority Interest": NaN,
        "Reconciled Depreciation": NaN,
        "Reconciled Cost Of Revenue": NaN,
        "EBITDA": NaN,
        "EBIT": NaN,
        "Net Interest Income": NaN,
        "Interest Expense": NaN,
        "Interest Income": NaN,
        "Normalized Income": NaN,
        "Net Income From Continuing And Discontinued Operation": NaN,
        "Total Expenses": NaN,
        "Total Operating Income As Reported": NaN,
        "Diluted Average Shares": NaN,
        "Basic Average Shares": NaN,
        "Diluted EPS": NaN,
        "Basic EPS": NaN,
        "Diluted NI Availto Com Stockholders": NaN,
        "Net Income Common Stockholders": NaN,
        "Net Income": NaN,
        "Net Income Including Noncontrolling Interests": NaN,
        "Net Income Continuous Operations": NaN,
        "Tax Provision": NaN,
        "Pretax Income": NaN,
        "Other Income Expense": NaN,
        "Other Non Operating Income Expenses": NaN,
        "Special Income Charges": 0.0,
        "Gain On Sale Of Ppe": 0.0,
        "Net Non Operating Interest Income Expense": NaN,
        "Interest Expense Non Operating": NaN,
        "Interest Income Non Operating": NaN,
        "Operating Income": NaN,
        "Operating Expense": NaN,
        "Research And Development": NaN,
        "Selling General And Administration": NaN,
        "General And Administrative Expense": NaN,
        "Other Gand A": NaN,
        "Gross Profit": NaN,
        "Cost Of Revenue": NaN,
        "Total Revenue": NaN,
        "Operating Revenue": NaN
    },
    "2023-12-31": {
        "Tax Effect Of Unusual Items": NaN,
        "Tax Rate For Calcs": NaN,
        "Normalized EBITDA": NaN,
        "Total Unusual Items": 0.0,
        "Total Unusual Items Excluding Goodwill": 0.0,
        "Net Income From Continuing Operation Net Minority Interest": NaN,
        "Reconciled Depreciation": NaN,
        "Reconciled Cost Of Revenue": NaN,
        "EBITDA": NaN,
        "EBIT": NaN,
        "Net Interest Income": NaN,
        "Interest Expense": NaN,
        "Interest Income": NaN,
        "Normalized Income": NaN,
        "Net Income From Continuing And Discontinued Operation": NaN,
        "Total Expenses": NaN,
        "Total Operating Income As Reported": NaN,
        "Diluted Average Shares": NaN,
        "Basic Average Shares": NaN,
        "Diluted EPS": NaN,
        "Basic EPS": NaN,
        "Diluted NI Availto Com Stockholders": NaN,
        "Net Income Common Stockholders": NaN,
        "Net Income": NaN,
        "Net Income Including Noncontrolling Interests": NaN,
        "Net Income Continuous Operations": NaN,
        "Tax Provision": NaN,
        "Pretax Income": NaN,
        "Other Income Expense": NaN,
        "Other Non Operating Income Expenses": NaN,
        "Special Income Charges": 0.0,
        "Gain On Sale Of Ppe": 0.0,
        "Restructuring And Mergern Acquisition": NaN,
        "Net Non Operating Interest Income Expense": NaN,
        "Interest Expense Non Operating": NaN,
        "Interest Income Non Operating": NaN,
        "Operating Income": NaN,
        "Operating Expense": NaN,
        "Research And Development": NaN,
        "Selling General And Administration": NaN,
        "General And Administrative Expense": NaN,
        "Other Gand A": NaN,
        "Gross Profit": NaN,
        "Cost Of Revenue": NaN,
        "Total Revenue": NaN,
        "Operating Revenue": NaN
    },
    "2024-03-31": {
        "Tax Effect Of Unusual Items": 0.0,
        "Tax Rate For Calcs": 0.21,
        "Normalized EBITDA": -29184000.0,
        "Total Unusual Items": NaN,
        "Total Unusual Items Excluding Goodwill": NaN,
        "Net Income From Continuing Operation Net Minority Interest": -31752000.0,
        "Reconciled Depreciation": 1391000.0,
        "Reconciled Cost Of Revenue": 1985000.0,
        "EBITDA": -29184000.0,
        "EBIT": -30575000.0,
        "Net Interest Income": -549000.0,
        "Interest Expense": 1153000.0,
        "Interest Income": 604000.0,
        "Normalized Income": -31752000.0,
        "Net Income From Continuing And Discontinued Operation": -31752000.0,
        "Total Expenses": 58604000.0,
        "Total Operating Income As Reported": -31247000.0,
        "Diluted Average Shares": 5623000.0,
        "Basic Average Shares": 5623000.0,
        "Diluted EPS": -5.65,
        "Basic EPS": -5.65,
        "Diluted NI Availto Com Stockholders": -31752000.0,
        "Net Income Common Stockholders": -31752000.0,
        "Net Income": -31752000.0,
        "Net Income Including Noncontrolling Interests": -31752000.0,
        "Net Income Continuous Operations": -31752000.0,
        "Tax Provision": 24000.0,
        "Pretax Income": -31728000.0,
        "Other Income Expense": 68000.0,
        "Other Non Operating Income Expenses": 68000.0,
        "Special Income Charges": NaN,
        "Gain On Sale Of Ppe": NaN,
        "Net Non Operating Interest Income Expense": -549000.0,
        "Interest Expense Non Operating": 1153000.0,
        "Interest Income Non Operating": 604000.0,
        "Operating Income": -31247000.0,
        "Operating Expense": 56619000.0,
        "Research And Development": 45506000.0,
        "Selling General And Administration": 11113000.0,
        "General And Administrative Expense": 11113000.0,
        "Other Gand A": 11113000.0,
        "Gross Profit": 25372000.0,
        "Cost Of Revenue": 1985000.0,
        "Total Revenue": 27357000.0,
        "Operating Revenue": 27357000.0
    },
    "2024-06-30": {
        "Tax Effect Of Unusual Items": 0.0,
        "Tax Rate For Calcs": 0.0,
        "Normalized EBITDA": -16457000.0,
        "Total Unusual Items": 0.0,
        "Total Unusual Items Excluding Goodwill": 0.0,
        "Net Income From Continuing Operation Net Minority Interest": -19049000.0,
        "Reconciled Depreciation": 1330000.0,
        "Reconciled Cost Of Revenue": 4627000.0,
        "EBITDA": -16457000.0,
        "EBIT": -17787000.0,
        "Net Interest Income": -812000.0,
        "Interest Expense": 1262000.0,
        "Interest Income": 450000.0,
        "Normalized Income": -19049000.0,
        "Net Income From Continuing And Discontinued Operation": -19049000.0,
        "Total Expenses": 46871000.0,
        "Total Operating Income As Reported": -18231000.0,
        "Diluted Average Shares": 6143000.0,
        "Basic Average Shares": 6143000.0,
        "Diluted EPS": -3.1,
        "Basic EPS": -3.1,
        "Diluted NI Availto Com Stockholders": -19049000.0,
        "Net Income Common Stockholders": -19049000.0,
        "Net Income": -19049000.0,
        "Net Income Including Noncontrolling Interests": -19049000.0,
        "Net Income Continuous Operations": -19049000.0,
        "Tax Provision": 0.0,
        "Pretax Income": -19049000.0,
        "Other Income Expense": -6000.0,
        "Other Non Operating Income Expenses": -6000.0,
        "Special Income Charges": 0.0,
        "Gain On Sale Of Ppe": NaN,
        "Restructuring And Mergern Acquisition": 0.0,
        "Net Non Operating Interest Income Expense": -812000.0,
        "Interest Expense Non Operating": 1262000.0,
        "Interest Income Non Operating": 450000.0,
        "Operating Income": -18231000.0,
        "Operating Expense": 42244000.0,
        "Research And Development": 33332000.0,
        "Selling General And Administration": 8912000.0,
        "General And Administrative Expense": 8912000.0,
        "Other Gand A": 8912000.0,
        "Gross Profit": 24013000.0,
        "Cost Of Revenue": 4627000.0,
        "Total Revenue": 28640000.0,
        "Operating Revenue": 28640000.0
    },
    "2024-09-30": {
        "Tax Effect Of Unusual Items": 0.0,
        "Tax Rate For Calcs": 0.000775,
        "Normalized EBITDA": -19513000.0,
        "Total Unusual Items": NaN,
        "Total Unusual Items Excluding Goodwill": NaN,
        "Net Income From Continuing Operation Net Minority Interest": -21909000.0,
        "Reconciled Depreciation": 1230000.0,
        "Reconciled Cost Of Revenue": 7602000.0,
        "EBITDA": -19513000.0,
        "EBIT": -20743000.0,
        "Net Interest Income": -724000.0,
        "Interest Expense": 1183000.0,
        "Interest Income": 459000.0,
        "Normalized Income": -21909000.0,
        "Net Income From Continuing And Discontinued Operation": -21909000.0,
        "Total Expenses": 61947000.0,
        "Total Operating Income As Reported": -21757000.0,
        "Diluted Average Shares": 7466000.0,
        "Basic Average Shares": 7466000.0,
        "Diluted EPS": -2.93,
        "Basic EPS": -2.93,
        "Diluted NI Availto Com Stockholders": -21909000.0,
        "Net Income Common Stockholders": -21909000.0,
        "Net Income": -21909000.0,
        "Net Income Including Noncontrolling Interests": -21909000.0,
        "Net Income Continuous Operations": -21909000.0,
        "Tax Provision": -17000.0,
        "Pretax Income": -21926000.0,
        "Other Income Expense": 555000.0,
        "Other Non Operating Income Expenses": 555000.0,
        "Special Income Charges": NaN,
        "Gain On Sale Of Ppe": NaN,
        "Restructuring And Mergern Acquisition": NaN,
        "Net Non Operating Interest Income Expense": -724000.0,
        "Interest Expense Non Operating": 1183000.0,
        "Interest Income Non Operating": 459000.0,
        "Operating Income": -21757000.0,
        "Operating Expense": 54345000.0,
        "Research And Development": 43924000.0,
        "Selling General And Administration": 10421000.0,
        "General And Administrative Expense": 10421000.0,
        "Other Gand A": 10421000.0,
        "Gross Profit": 32588000.0,
        "Cost Of Revenue": 7602000.0,
        "Total Revenue": 40190000.0,
        "Operating Revenue": 40190000.0
    },
    "2024-12-31": {
        "Tax Effect Of Unusual Items": 0.0,
        "Tax Rate For Calcs": 0.001495,
        "Normalized EBITDA": -10595000.0,
        "Total Unusual Items": NaN,
        "Total Unusual Items Excluding Goodwill": NaN,
        "Net Income From Continuing Operation Net Minority Interest": -12693000.0,
        "Reconciled Depreciation": 1100000.0,
        "Reconciled Cost Of Revenue": 6795000.0,
        "EBITDA": -10595000.0,
        "EBIT": -11695000.0,
        "Net Interest Income": -420000.0,
        "Interest Expense": 1017000.0,
        "Interest Income": 597000.0,
        "Normalized Income": -12693000.0,
        "Net Income From Continuing And Discontinued Operation": -12693000.0,
        "Total Expenses": 44956000.0,
        "Total Operating Income As Reported": -12203000.0,
        "Diluted Average Shares": 10690000.0,
        "Basic Average Shares": 10690000.0,
        "Diluted EPS": -1.19,
        "Basic EPS": -1.19,
        "Diluted NI Availto Com Stockholders": -12693000.0,
        "Net Income Common Stockholders": -12693000.0,
        "Net Income": -12693000.0,
        "Net Income Including Noncontrolling Interests": -12693000.0,
        "Net Income Continuous Operations": -12693000.0,
        "Tax Provision": -19000.0,
        "Pretax Income": -12712000.0,
        "Other Income Expense": -89000.0,
        "Other Non Operating Income Expenses": -89000.0,
        "Special Income Charges": NaN,
        "Gain On Sale Of Ppe": NaN,
        "Restructuring And Mergern Acquisition": NaN,
        "Net Non Operating Interest Income Expense": -420000.0,
        "Interest Expense Non Operating": 1017000.0,
        "Interest Income Non Operating": 597000.0,
        "Operating Income": -12203000.0,
        "Operating Expense": 38161000.0,
        "Research And Development": 28721000.0,
        "Selling General And Administration": 9440000.0,
        "General And Administrative Expense": 9440000.0,
        "Other Gand A": 9440000.0,
        "Gross Profit": 25958000.0,
        "Cost Of Revenue": 6795000.0,
        "Total Revenue": 32753000.0,
        "Operating Revenue": 32753000.0
    },
    "2025-03-31": {
        "Tax Effect Of Unusual Items": 0.0,
        "Tax Rate For Calcs": 0.0,
        "Normalized EBITDA": 40822000.0,
        "Total Unusual Items": NaN,
        "Total Unusual Items Excluding Goodwill": NaN,
        "Net Income From Continuing Operation Net Minority Interest": 38010000.0,
        "Reconciled Depreciation": 1795000.0,
        "Reconciled Cost Of Revenue": 20439000.0,
        "EBITDA": 40822000.0,
        "EBIT": 39027000.0,
        "Net Interest Income": -781000.0,
        "Interest Expense": 1017000.0,
        "Interest Income": 236000.0,
        "Normalized Income": 38010000.0,
        "Net Income From Continuing And Discontinued Operation": 38010000.0,
        "Total Expenses": 59347000.0,
        "Total Operating Income As Reported": 38802000.0,
        "Diluted Average Shares": 10851000.0,
        "Basic Average Shares": 10764000.0,
        "Diluted EPS": 3.5,
        "Basic EPS": 3.53,
        "Diluted NI Availto Com Stockholders": 38010000.0,
        "Net Income Common Stockholders": 38010000.0,
        "Net Income": 38010000.0,
        "Net Income Including Noncontrolling Interests": 38010000.0,
        "Net Income Continuous Operations": 38010000.0,
        "Tax Provision": 0.0,
        "Pretax Income": 38010000.0,
        "Other Income Expense": -11000.0,
        "Other Non Operating Income Expenses": -11000.0,
        "Special Income Charges": NaN,
        "Gain On Sale Of Ppe": NaN,
        "Restructuring And Mergern Acquisition": NaN,
        "Net Non Operating Interest Income Expense": -781000.0,
        "Interest Expense Non Operating": 1017000.0,
        "Interest Income Non Operating": 236000.0,
        "Operating Income": 38802000.0,
        "Operating Expense": 38908000.0,
        "Research And Development": 27433000.0,
        "Selling General And Administration": 11475000.0,
        "General And Administrative Expense": 11475000.0,
        "Other Gand A": 11475000.0,
        "Gross Profit": 77710000.0,
        "Cost Of Revenue": 20439000.0,
        "Total Revenue": 98149000.0,
        "Operating Revenue": 98149000.0
    },
    "2025-06-30": {
        "Tax Effect Of Unusual Items": -726.778243,
        "Tax Rate For Calcs": 0.001255,
        "Normalized EBITDA": 4177000.0,
        "Total Unusual Items": -579000.0,
        "Total Unusual Items Excluding Goodwill": -579000.0,
        "Net Income From Continuing Operation Net Minority Interest": 2387000.0,
        "Reconciled Depreciation": 236000.0,
        "Reconciled Cost Of Revenue": 554000.0,
        "EBITDA": 3598000.0,
        "EBIT": 3362000.0,
        "Net Interest Income": -829000.0,
        "Interest Expense": 972000.0,
        "Interest Income": 143000.0,
        "Normalized Income": 2965273.221757,
        "Net Income From Continuing And Discontinued Operation": 2387000.0,
        "Total Expenses": 13799000.0,
        "Total Operating Income As Reported": 3197000.0,
        "Diluted Average Shares": 12310000.0,
        "Basic Average Shares": 12197000.0,
        "Diluted EPS": 0.19,
        "Basic EPS": 0.2,
        "Diluted NI Availto Com Stockholders": 2387000.0,
        "Net Income Common Stockholders": 2387000.0,
        "Net Income": 2387000.0,
        "Net Income Including Noncontrolling Interests": 2387000.0,
        "Net Income Continuous Operations": 2387000.0,
        "Tax Provision": 3000.0,
        "Pretax Income": 2390000.0,
        "Other Income Expense": -557000.0,
        "Other Non Operating Income Expenses": 22000.0,
        "Special Income Charges": -579000.0,
        "Gain On Sale Of Ppe": NaN,
        "Restructuring And Mergern Acquisition": 579000.0,
        "Net Non Operating Interest Income Expense": -829000.0,
        "Interest Expense Non Operating": 972000.0,
        "Interest Income Non Operating": 143000.0,
        "Operating Income": 3776000.0,
        "Operating Expense": 13245000.0,
        "Research And Development": 7310000.0,
        "Selling General And Administration": 5935000.0,
        "General And Administrative Expense": 5935000.0,
        "Other Gand A": 5935000.0,
        "Gross Profit": 17021000.0,
        "Cost Of Revenue": 554000.0,
        "Total Revenue": 17575000.0,
        "Operating Revenue": 17575000.0
    }
}