{
    "2023-03-31": {
        "Tax Effect Of Unusual Items": NaN,
        "Tax Rate For Calcs": NaN,
        "Normalized EBITDA": NaN,
        "Total Unusual Items": NaN,
        "Total Unusual Items Excluding Goodwill": NaN,
        "Net Income From Continuing Operation Net Minority Interest": NaN,
        "Reconciled Depreciation": NaN,
        "Reconciled Cost Of Revenue": NaN,
        "EBITDA": NaN,
        "EBIT": NaN,
        "Net Interest Income": NaN,
        "Interest Expense": NaN,
        "Normalized Income": NaN,
        "Net Income From Continuing And Discontinued Operation": NaN,
        "Total Expenses": NaN,
        "Total Operating Income As Reported": NaN,
        "Diluted Average Shares": NaN,
        "Basic Average Shares": NaN,
        "Diluted EPS": NaN,
        "Basic EPS": NaN,
        "Diluted NI Availto Com Stockholders": NaN,
        "Net Income Common Stockholders": NaN,
        "Net Income": NaN,
        "Minority Interests": NaN,
        "Net Income Including Noncontrolling Interests": NaN,
        "Net Income Continuous Operations": NaN,
        "Tax Provision": NaN,
        "Pretax Income": NaN,
        "Other Income Expense": NaN,
        "Other Non Operating Income Expenses": NaN,
        "Special Income Charges": NaN,
        "Other Special Charges": -4393000.0,
        "Impairment Of Capital Assets": NaN,
        "Restructuring And Mergern Acquisition": NaN,
        "Gain On Sale Of Security": NaN,
        "Net Non Operating Interest Income Expense": NaN,
        "Interest Expense Non Operating": NaN,
        "Operating Income": NaN,
        "Operating Expense": NaN,
        "Other Operating Expenses": NaN,
        "Depreciation Amortization Depletion Income Statement": NaN,
        "Depreciation And Amortization In Income Statement": NaN,
        "Gross Profit": NaN,
        "Cost Of Revenue": NaN,
        "Total Revenue": NaN,
        "Operating Revenue": NaN
    },
    "2022-12-31": {
        "Tax Effect Of Unusual Items": NaN,
        "Tax Rate For Calcs": NaN,
        "Normalized EBITDA": NaN,
        "Total Unusual Items": NaN,
        "Total Unusual Items Excluding Goodwill": NaN,
        "Net Income From Continuing Operation Net Minority Interest": NaN,
        "Reconciled Depreciation": NaN,
        "Reconciled Cost Of Revenue": NaN,
        "EBITDA": NaN,
        "EBIT": NaN,
        "Net Interest Income": NaN,
        "Interest Expense": NaN,
        "Normalized Income": NaN,
        "Net Income From Continuing And Discontinued Operation": NaN,
        "Total Expenses": NaN,
        "Total Operating Income As Reported": NaN,
        "Diluted Average Shares": 453276000.0,
        "Basic Average Shares": 453276000.0,
        "Diluted EPS": -0.43,
        "Basic EPS": -0.43,
        "Diluted NI Availto Com Stockholders": NaN,
        "Net Income Common Stockholders": NaN,
        "Net Income": NaN,
        "Minority Interests": NaN,
        "Net Income Including Noncontrolling Interests": NaN,
        "Net Income Continuous Operations": NaN,
        "Tax Provision": NaN,
        "Pretax Income": NaN,
        "Other Income Expense": NaN,
        "Other Non Operating Income Expenses": NaN,
        "Special Income Charges": NaN,
        "Other Special Charges": NaN,
        "Impairment Of Capital Assets": NaN,
        "Restructuring And Mergern Acquisition": NaN,
        "Gain On Sale Of Security": NaN,
        "Net Non Operating Interest Income Expense": NaN,
        "Interest Expense Non Operating": NaN,
        "Operating Income": NaN,
        "Operating Expense": NaN,
        "Other Operating Expenses": NaN,
        "Depreciation Amortization Depletion Income Statement": NaN,
        "Depreciation And Amortization In Income Statement": NaN,
        "Gross Profit": NaN,
        "Cost Of Revenue": NaN,
        "Total Revenue": NaN,
        "Operating Revenue": NaN
    },
    "2022-09-30": {
        "Tax Effect Of Unusual Items": -21477.729153,
        "Tax Rate For Calcs": 0.268472,
        "Normalized EBITDA": 920286000.0,
        "Total Unusual Items": -80000.0,
        "Total Unusual Items Excluding Goodwill": -80000.0,
        "Net Income From Continuing Operation Net Minority Interest": 84951000.0,
        "Reconciled Depreciation": 445769000.0,
        "Reconciled Cost Of Revenue": 782121000.0,
        "EBITDA": 920206000.0,
        "EBIT": 474437000.0,
        "Net Interest Income": -340989000.0,
        "Interest Expense": 340989000.0,
        "Normalized Income": 85009522.270847,
        "Net Income From Continuing And Discontinued Operation": 84951000.0,
        "Total Expenses": 1922280000.0,
        "Total Operating Income As Reported": 467265000.0,
        "Diluted Average Shares": 453390000.0,
        "Basic Average Shares": 453239000.0,
        "Diluted EPS": 0.19,
        "Basic EPS": 0.19,
        "Diluted NI Availto Com Stockholders": 84951000.0,
        "Net Income Common Stockholders": 84951000.0,
        "Net Income": 84951000.0,
        "Minority Interests": -12670000.0,
        "Net Income Including Noncontrolling Interests": 97621000.0,
        "Net Income Continuous Operations": 97621000.0,
        "Tax Provision": 35827000.0,
        "Pretax Income": 133448000.0,
        "Other Income Expense": 3165000.0,
        "Other Non Operating Income Expenses": 3245000.0,
        "Special Income Charges": -4007000.0,
        "Other Special Charges": NaN,
        "Impairment Of Capital Assets": NaN,
        "Restructuring And Mergern Acquisition": 4007000.0,
        "Gain On Sale Of Security": 3927000.0,
        "Net Non Operating Interest Income Expense": -340989000.0,
        "Interest Expense Non Operating": 340989000.0,
        "Operating Income": 471272000.0,
        "Operating Expense": 1140159000.0,
        "Other Operating Expenses": 694390000.0,
        "Depreciation Amortization Depletion Income Statement": 445769000.0,
        "Depreciation And Amortization In Income Statement": 445769000.0,
        "Gross Profit": 1611431000.0,
        "Cost Of Revenue": 782121000.0,
        "Total Revenue": 2393552000.0,
        "Operating Revenue": 2390853000.0
    },
    "2022-06-30": {
        "Tax Effect Of Unusual Items": -15928277.01282,
        "Tax Rate For Calcs": 0.229872,
        "Normalized EBITDA": 973060000.0,
        "Total Unusual Items": -69292000.0,
        "Total Unusual Items Excluding Goodwill": -69292000.0,
        "Net Income From Continuing Operation Net Minority Interest": 106174000.0,
        "Reconciled Depreciation": 446125000.0,
        "Reconciled Cost Of Revenue": 819011000.0,
        "EBITDA": 903768000.0,
        "EBIT": 457643000.0,
        "Net Interest Income": -310213000.0,
        "Interest Expense": 310213000.0,
        "Normalized Income": 159537722.98718,
        "Net Income From Continuing And Discontinued Operation": 106174000.0,
        "Total Expenses": 1938600000.0,
        "Total Operating Income As Reported": 521741000.0,
        "Diluted Average Shares": 453230000.0,
        "Basic Average Shares": 453230000.0,
        "Diluted EPS": 0.23,
        "Basic EPS": 0.23,
        "Diluted NI Availto Com Stockholders": 106174000.0,
        "Net Income Common Stockholders": 106174000.0,
        "Net Income": 106174000.0,
        "Minority Interests": -7366000.0,
        "Net Income Including Noncontrolling Interests": 113540000.0,
        "Net Income Continuous Operations": 113540000.0,
        "Tax Provision": 33890000.0,
        "Pretax Income": 147430000.0,
        "Other Income Expense": -66771000.0,
        "Other Non Operating Income Expenses": 2521000.0,
        "Special Income Charges": -2673000.0,
        "Other Special Charges": NaN,
        "Impairment Of Capital Assets": NaN,
        "Restructuring And Mergern Acquisition": 2673000.0,
        "Gain On Sale Of Security": -66619000.0,
        "Net Non Operating Interest Income Expense": -310213000.0,
        "Interest Expense Non Operating": 310213000.0,
        "Operating Income": 524414000.0,
        "Operating Expense": 1119589000.0,
        "Other Operating Expenses": 673464000.0,
        "Depreciation Amortization Depletion Income Statement": 446125000.0,
        "Depreciation And Amortization In Income Statement": 446125000.0,
        "Gross Profit": 1644003000.0,
        "Cost Of Revenue": 819011000.0,
        "Total Revenue": 2463014000.0,
        "Operating Revenue": 2460043000.0
    },
    "2023-06-30": {
        "Tax Effect Of Unusual Items": NaN,
        "Tax Rate For Calcs": NaN,
        "Normalized EBITDA": NaN,
        "Total Unusual Items": NaN,
        "Total Unusual Items Excluding Goodwill": NaN,
        "Net Income From Continuing Operation Net Minority Interest": NaN,
        "Reconciled Depreciation": NaN,
        "Reconciled Cost Of Revenue": NaN,
        "EBITDA": NaN,
        "EBIT": NaN,
        "Net Interest Income": NaN,
        "Interest Expense": NaN,
        "Normalized Income": NaN,
        "Net Income From Continuing And Discontinued Operation": NaN,
        "Total Expenses": NaN,
        "Total Operating Income As Reported": NaN,
        "Diluted Average Shares": 454688000.0,
        "Basic Average Shares": 454688000.0,
        "Diluted EPS": 0.17,
        "Basic EPS": 0.17,
        "Diluted NI Availto Com Stockholders": NaN,
        "Net Income Common Stockholders": NaN,
        "Net Income": NaN,
        "Minority Interests": NaN,
        "Net Income Including Noncontrolling Interests": NaN,
        "Net Income Continuous Operations": NaN,
        "Tax Provision": NaN,
        "Pretax Income": NaN,
        "Other Income Expense": NaN,
        "Other Non Operating Income Expenses": NaN,
        "Special Income Charges": NaN,
        "Other Special Charges": NaN,
        "Impairment Of Capital Assets": NaN,
        "Restructuring And Mergern Acquisition": NaN,
        "Gain On Sale Of Security": NaN,
        "Net Non Operating Interest Income Expense": NaN,
        "Interest Expense Non Operating": NaN,
        "Operating Income": NaN,
        "Operating Expense": NaN,
        "Other Operating Expenses": NaN,
        "Depreciation Amortization Depletion Income Statement": NaN,
        "Depreciation And Amortization In Income Statement": NaN,
        "Gross Profit": NaN,
        "Cost Of Revenue": NaN,
        "Total Revenue": NaN,
        "Operating Revenue": NaN
    },
    "2022-03-31": {
        "Diluted EPS": 0.43,
        "Total Revenue": NaN,
        "Gross Profit": NaN,
        "Operating Income": 512,
        "EBIT": 968,
        "Net Income": 197
    },
    "2021-12-31": {
        "Diluted EPS": 0.55,
        "Total Revenue": NaN,
        "Gross Profit": NaN,
        "Operating Income": 599,
        "EBIT": NaN,
        "Net Income": 252
    },
    "2021-09-30": {
        "Diluted EPS": 0.58,
        "Total Revenue": NaN,
        "Gross Profit": NaN,
        "Operating Income": 691,
        "EBIT": NaN,
        "Net Income": 267
    },
    "2021-06-30": {
        "Diluted EPS": 0.43,
        "Total Revenue": NaN,
        "Gross Profit": NaN,
        "Operating Income": 627,
        "EBIT": NaN,
        "Net Income": 198
    },
    "2021-03-31": {
        "Diluted EPS": 0.58,
        "Total Revenue": NaN,
        "Gross Profit": NaN,
        "Operating Income": 608,
        "EBIT": NaN,
        "Net Income": 274
    },
    "2020-12-31": {
        "Diluted EPS": 0.57,
        "Total Revenue": NaN,
        "Gross Profit": NaN,
        "Operating Income": 609,
        "EBIT": NaN,
        "Net Income": 330
    },
    "2020-09-30": {
        "Diluted EPS": -0.01,
        "Total Revenue": NaN,
        "Gross Profit": NaN,
        "Operating Income": 549,
        "EBIT": NaN,
        "Net Income": -5
    },
    "2020-06-30": {
        "Diluted EPS": 0.19,
        "Total Revenue": NaN,
        "Gross Profit": NaN,
        "Operating Income": 509,
        "EBIT": NaN,
        "Net Income": 111
    },
    "2020-03-31": {
        "Diluted EPS": -0.0,
        "Total Revenue": NaN,
        "Gross Profit": NaN,
        "Operating Income": 449,
        "EBIT": NaN,
        "Net Income": -1
    },
    "2019-12-31": {
        "Diluted EPS": 0.0,
        "Total Revenue": NaN,
        "Gross Profit": NaN,
        "Operating Income": 427,
        "EBIT": NaN,
        "Net Income": 0
    },
    "2019-09-30": {
        "Diluted EPS": 0.12,
        "Total Revenue": NaN,
        "Gross Profit": NaN,
        "Operating Income": 472,
        "EBIT": NaN,
        "Net Income": 77
    },
    "2019-06-30": {
        "Diluted EPS": 0.13,
        "Total Revenue": NaN,
        "Gross Profit": NaN,
        "Operating Income": 483,
        "EBIT": NaN,
        "Net Income": 86
    },
    "2019-03-31": {
        "Diluted EPS": -0.04,
        "Total Revenue": NaN,
        "Gross Profit": NaN,
        "Operating Income": 442,
        "EBIT": NaN,
        "Net Income": -25
    },
    "2018-12-31": {
        "Diluted EPS": 0.29,
        "Total Revenue": NaN,
        "Gross Profit": NaN,
        "Operating Income": 529,
        "EBIT": NaN,
        "Net Income": 213
    },
    "2018-09-30": {
        "Diluted EPS": 0.04,
        "Total Revenue": NaN,
        "Gross Profit": NaN,
        "Operating Income": 506,
        "EBIT": NaN,
        "Net Income": 33
    },
    "2018-06-30": {
        "Diluted EPS": -0.13,
        "Total Revenue": NaN,
        "Gross Profit": NaN,
        "Operating Income": 335,
        "EBIT": NaN,
        "Net Income": -98
    },
    "2018-03-31": {
        "Diluted EPS": -0.17,
        "Total Revenue": NaN,
        "Gross Profit": NaN,
        "Operating Income": 313,
        "EBIT": 973,
        "Net Income": -129
    },
    "2017-12-31": {
        "Diluted EPS": 3.26,
        "Total Revenue": NaN,
        "Gross Profit": NaN,
        "Operating Income": 217,
        "EBIT": NaN,
        "Net Income": NaN
    },
    "2017-09-30": {
        "Diluted EPS": -0.26,
        "Total Revenue": NaN,
        "Gross Profit": NaN,
        "Operating Income": 121,
        "EBIT": 955,
        "Net Income": -193
    },
    "2017-06-30": {
        "Diluted EPS": -0.73,
        "Total Revenue": NaN,
        "Gross Profit": NaN,
        "Operating Income": 253,
        "EBIT": 965,
        "Net Income": -480
    },
    "2017-03-31": {
        "Diluted EPS": -0.12,
        "Total Revenue": NaN,
        "Gross Profit": NaN,
        "Operating Income": 250,
        "EBIT": 861,
        "Net Income": -76
    },
    "2016-12-31": {
        "Diluted EPS": 0.0,
        "Total Revenue": NaN,
        "Gross Profit": NaN,
        "Operating Income": NaN,
        "EBIT": NaN,
        "Net Income": NaN
    },
    "2016-09-30": {
        "Diluted EPS": -0.27,
        "Total Revenue": NaN,
        "Gross Profit": NaN,
        "Operating Income": 143,
        "EBIT": 819,
        "Net Income": -173
    },
    "2016-06-30": {
        "Diluted EPS": -0.43,
        "Total Revenue": 824,
        "Gross Profit": 574,
        "Operating Income": 45,
        "EBIT": 45,
        "Net Income": -282
    },
    "2023-09-30": {
        "Tax Effect Of Unusual Items": NaN,
        "Tax Rate For Calcs": NaN,
        "Normalized EBITDA": NaN,
        "Total Unusual Items": NaN,
        "Total Unusual Items Excluding Goodwill": NaN,
        "Net Income From Continuing Operation Net Minority Interest": NaN,
        "Reconciled Depreciation": NaN,
        "Reconciled Cost Of Revenue": NaN,
        "EBITDA": NaN,
        "EBIT": NaN,
        "Net Interest Income": NaN,
        "Interest Expense": NaN,
        "Normalized Income": NaN,
        "Net Income From Continuing And Discontinued Operation": NaN,
        "Total Expenses": NaN,
        "Total Operating Income As Reported": NaN,
        "Diluted Average Shares": 455076000.0,
        "Basic Average Shares": 454730000.0,
        "Diluted EPS": 0.15,
        "Basic EPS": 0.15,
        "Diluted NI Availto Com Stockholders": NaN,
        "Net Income Common Stockholders": NaN,
        "Net Income": NaN,
        "Minority Interests": NaN,
        "Net Income Including Noncontrolling Interests": NaN,
        "Net Income Continuous Operations": NaN,
        "Tax Provision": NaN,
        "Pretax Income": NaN,
        "Other Income Expense": NaN,
        "Other Non Operating Income Expenses": NaN,
        "Special Income Charges": NaN,
        "Other Special Charges": NaN,
        "Impairment Of Capital Assets": NaN,
        "Restructuring And Mergern Acquisition": NaN,
        "Gain On Sale Of Security": NaN,
        "Net Non Operating Interest Income Expense": NaN,
        "Interest Expense Non Operating": NaN,
        "Operating Income": NaN,
        "Operating Expense": NaN,
        "Other Operating Expenses": NaN,
        "Depreciation Amortization Depletion Income Statement": NaN,
        "Depreciation And Amortization In Income Statement": NaN,
        "Gross Profit": NaN,
        "Cost Of Revenue": NaN,
        "Total Revenue": NaN,
        "Operating Revenue": NaN
    },
    "2023-12-31": {
        "Tax Effect Of Unusual Items": NaN,
        "Tax Rate For Calcs": NaN,
        "Normalized EBITDA": NaN,
        "Total Unusual Items": NaN,
        "Total Unusual Items Excluding Goodwill": NaN,
        "Net Income From Continuing Operation Net Minority Interest": NaN,
        "Reconciled Depreciation": NaN,
        "Reconciled Cost Of Revenue": NaN,
        "EBITDA": NaN,
        "EBIT": NaN,
        "Net Interest Income": NaN,
        "Interest Expense": NaN,
        "Normalized Income": NaN,
        "Net Income From Continuing And Discontinued Operation": NaN,
        "Total Expenses": NaN,
        "Total Operating Income As Reported": NaN,
        "Diluted Average Shares": NaN,
        "Basic Average Shares": NaN,
        "Diluted EPS": NaN,
        "Basic EPS": NaN,
        "Diluted NI Availto Com Stockholders": NaN,
        "Net Income Common Stockholders": NaN,
        "Net Income": NaN,
        "Minority Interests": NaN,
        "Net Income Including Noncontrolling Interests": NaN,
        "Net Income Continuous Operations": NaN,
        "Tax Provision": NaN,
        "Pretax Income": NaN,
        "Other Income Expense": NaN,
        "Other Non Operating Income Expenses": NaN,
        "Special Income Charges": NaN,
        "Other Special Charges": 0.0,
        "Impairment Of Capital Assets": NaN,
        "Restructuring And Mergern Acquisition": NaN,
        "Gain On Sale Of Security": NaN,
        "Net Non Operating Interest Income Expense": NaN,
        "Interest Expense Non Operating": NaN,
        "Operating Income": NaN,
        "Operating Expense": NaN,
        "Other Operating Expenses": NaN,
        "Depreciation Amortization Depletion Income Statement": NaN,
        "Depreciation And Amortization In Income Statement": NaN,
        "Gross Profit": NaN,
        "Cost Of Revenue": NaN,
        "Total Revenue": NaN,
        "Operating Revenue": NaN
    },
    "2024-03-31": {
        "Tax Effect Of Unusual Items": -3295530.0,
        "Tax Rate For Calcs": 0.21,
        "Normalized EBITDA": 831253000.0,
        "Total Unusual Items": -15693000.0,
        "Total Unusual Items Excluding Goodwill": -15693000.0,
        "Net Income From Continuing Operation Net Minority Interest": -21193000.0,
        "Reconciled Depreciation": 388391000.0,
        "Reconciled Cost Of Revenue": 743887000.0,
        "EBITDA": 815560000.0,
        "EBIT": 427169000.0,
        "Net Interest Income": -437141000.0,
        "Interest Expense": 437141000.0,
        "Normalized Income": -8795530.0,
        "Net Income From Continuing And Discontinued Operation": -21193000.0,
        "Total Expenses": 1806528000.0,
        "Total Operating Income As Reported": 393154000.0,
        "Diluted Average Shares": 457369000.0,
        "Basic Average Shares": 457369000.0,
        "Diluted EPS": -0.05,
        "Basic EPS": -0.05,
        "Diluted NI Availto Com Stockholders": -21193000.0,
        "Net Income Common Stockholders": -21193000.0,
        "Net Income": -21193000.0,
        "Minority Interests": -8297000.0,
        "Net Income Including Noncontrolling Interests": -12896000.0,
        "Net Income Continuous Operations": -12896000.0,
        "Tax Provision": 2924000.0,
        "Pretax Income": -9972000.0,
        "Other Income Expense": -17238000.0,
        "Other Non Operating Income Expenses": -1545000.0,
        "Special Income Charges": -58288000.0,
        "Other Special Charges": 44171000.0,
        "Impairment Of Capital Assets": 1027000.0,
        "Restructuring And Mergern Acquisition": 13090000.0,
        "Gain On Sale Of Security": 42595000.0,
        "Net Non Operating Interest Income Expense": -437141000.0,
        "Interest Expense Non Operating": 437141000.0,
        "Operating Income": 444407000.0,
        "Operating Expense": 1062641000.0,
        "Other Operating Expenses": 674250000.0,
        "Depreciation Amortization Depletion Income Statement": 388391000.0,
        "Depreciation And Amortization In Income Statement": 388391000.0,
        "Gross Profit": 1507048000.0,
        "Cost Of Revenue": 743887000.0,
        "Total Revenue": 2250935000.0,
        "Operating Revenue": 2239032000.0
    },
    "2024-06-30": {
        "Tax Effect Of Unusual Items": 12636330.0,
        "Tax Rate For Calcs": 0.21,
        "Normalized EBITDA": 849267000.0,
        "Total Unusual Items": 60173000.0,
        "Total Unusual Items Excluding Goodwill": 60173000.0,
        "Net Income From Continuing Operation Net Minority Interest": 15361000.0,
        "Reconciled Depreciation": 395770000.0,
        "Reconciled Cost Of Revenue": 719460000.0,
        "EBITDA": 909440000.0,
        "EBIT": 513670000.0,
        "Net Interest Income": -442955000.0,
        "Interest Expense": 442955000.0,
        "Normalized Income": -32175670.0,
        "Net Income From Continuing And Discontinued Operation": 15361000.0,
        "Total Expenses": 1785772000.0,
        "Total Operating Income As Reported": 501582000.0,
        "Diluted Average Shares": 459995000.0,
        "Basic Average Shares": 459995000.0,
        "Diluted EPS": 0.03,
        "Basic EPS": 0.03,
        "Diluted NI Availto Com Stockholders": 15361000.0,
        "Net Income Common Stockholders": 15361000.0,
        "Net Income": 15361000.0,
        "Minority Interests": -6341000.0,
        "Net Income Including Noncontrolling Interests": 21702000.0,
        "Net Income Continuous Operations": 21702000.0,
        "Tax Provision": 49013000.0,
        "Pretax Income": 70715000.0,
        "Other Income Expense": 58687000.0,
        "Other Non Operating Income Expenses": -1486000.0,
        "Special Income Charges": 46599000.0,
        "Other Special Charges": -54962000.0,
        "Impairment Of Capital Assets": 1935000.0,
        "Restructuring And Mergern Acquisition": 6428000.0,
        "Gain On Sale Of Security": 13574000.0,
        "Net Non Operating Interest Income Expense": -442955000.0,
        "Interest Expense Non Operating": 442955000.0,
        "Operating Income": 454983000.0,
        "Operating Expense": 1066312000.0,
        "Other Operating Expenses": 670542000.0,
        "Depreciation Amortization Depletion Income Statement": 395770000.0,
        "Depreciation And Amortization In Income Statement": 395770000.0,
        "Gross Profit": 1521295000.0,
        "Cost Of Revenue": 719460000.0,
        "Total Revenue": 2240755000.0,
        "Operating Revenue": 2228186000.0
    },
    "2024-09-30": {
        "Tax Effect Of Unusual Items": -11023221.873953,
        "Tax Rate For Calcs": 0.195005,
        "Normalized EBITDA": 840311000.0,
        "Total Unusual Items": -56528000.0,
        "Total Unusual Items Excluding Goodwill": -56528000.0,
        "Net Income From Continuing Operation Net Minority Interest": -42970000.0,
        "Reconciled Depreciation": 386342000.0,
        "Reconciled Cost Of Revenue": 711330000.0,
        "EBITDA": 783783000.0,
        "EBIT": 397441000.0,
        "Net Interest Income": -448168000.0,
        "Interest Expense": 448168000.0,
        "Normalized Income": 2534778.126047,
        "Net Income From Continuing And Discontinued Operation": -42970000.0,
        "Total Expenses": 1772236000.0,
        "Total Operating Income As Reported": 444593000.0,
        "Diluted Average Shares": 460626000.0,
        "Basic Average Shares": 460626000.0,
        "Diluted EPS": -0.09,
        "Basic EPS": -0.09,
        "Diluted NI Availto Com Stockholders": -42970000.0,
        "Net Income Common Stockholders": -42970000.0,
        "Net Income": -42970000.0,
        "Minority Interests": -2135000.0,
        "Net Income Including Noncontrolling Interests": -40835000.0,
        "Net Income Continuous Operations": -40835000.0,
        "Tax Provision": -9892000.0,
        "Pretax Income": -50727000.0,
        "Other Income Expense": -58023000.0,
        "Other Non Operating Income Expenses": -1495000.0,
        "Special Income Charges": -10871000.0,
        "Other Special Charges": NaN,
        "Impairment Of Capital Assets": 1629000.0,
        "Restructuring And Mergern Acquisition": 9242000.0,
        "Gain On Sale Of Security": -45657000.0,
        "Net Non Operating Interest Income Expense": -448168000.0,
        "Interest Expense Non Operating": 448168000.0,
        "Operating Income": 455464000.0,
        "Operating Expense": 1060906000.0,
        "Other Operating Expenses": 674564000.0,
        "Depreciation Amortization Depletion Income Statement": 386342000.0,
        "Depreciation And Amortization In Income Statement": 386342000.0,
        "Gross Profit": 1516370000.0,
        "Cost Of Revenue": 711330000.0,
        "Total Revenue": 2227700000.0,
        "Operating Revenue": 2213011000.0
    },
    "2024-12-31": {
        "Tax Effect Of Unusual Items": -1101870.0,
        "Tax Rate For Calcs": 0.21,
        "Normalized EBITDA": 819513000.0,
        "Total Unusual Items": -5247000.0,
        "Total Unusual Items Excluding Goodwill": -5247000.0,
        "Net Income From Continuing Operation Net Minority Interest": -54116000.0,
        "Reconciled Depreciation": 471728000.0,
        "Reconciled Cost Of Revenue": 721893000.0,
        "EBITDA": 814266000.0,
        "EBIT": 342538000.0,
        "Net Interest Income": -434902000.0,
        "Interest Expense": 434902000.0,
        "Normalized Income": -49970870.0,
        "Net Income From Continuing And Discontinued Operation": -54116000.0,
        "Total Expenses": 1886093000.0,
        "Total Operating Income As Reported": 340763000.0,
        "Diluted Average Shares": 461536000.0,
        "Basic Average Shares": 461536000.0,
        "Diluted EPS": -0.12,
        "Basic EPS": -0.12,
        "Diluted NI Availto Com Stockholders": -54116000.0,
        "Net Income Common Stockholders": -54116000.0,
        "Net Income": -54116000.0,
        "Minority Interests": -7868000.0,
        "Net Income Including Noncontrolling Interests": -46248000.0,
        "Net Income Continuous Operations": -46248000.0,
        "Tax Provision": -46116000.0,
        "Pretax Income": -92364000.0,
        "Other Income Expense": -6396000.0,
        "Other Non Operating Income Expenses": -1149000.0,
        "Special Income Charges": -14037000.0,
        "Other Special Charges": 5866000.0,
        "Impairment Of Capital Assets": 967000.0,
        "Restructuring And Mergern Acquisition": 7204000.0,
        "Gain On Sale Of Security": 8790000.0,
        "Net Non Operating Interest Income Expense": -434902000.0,
        "Interest Expense Non Operating": 434902000.0,
        "Operating Income": 348934000.0,
        "Operating Expense": 1164200000.0,
        "Other Operating Expenses": 692472000.0,
        "Depreciation Amortization Depletion Income Statement": 471728000.0,
        "Depreciation And Amortization In Income Statement": 471728000.0,
        "Gross Profit": 1513134000.0,
        "Cost Of Revenue": 721893000.0,
        "Total Revenue": 2235027000.0,
        "Operating Revenue": 2214789000.0
    },
    "2025-03-31": {
        "Tax Effect Of Unusual Items": -4270486.662463,
        "Tax Rate For Calcs": 0.183,
        "Normalized EBITDA": 782602000.0,
        "Total Unusual Items": -23336000.0,
        "Total Unusual Items Excluding Goodwill": -23336000.0,
        "Net Income From Continuing Operation Net Minority Interest": -75676000.0,
        "Reconciled Depreciation": 418485000.0,
        "Reconciled Cost Of Revenue": 670531000.0,
        "EBITDA": 759266000.0,
        "EBIT": 340781000.0,
        "Net Interest Income": -428016000.0,
        "Interest Expense": 428016000.0,
        "Normalized Income": -56610486.662463,
        "Net Income From Continuing And Discontinued Operation": -75676000.0,
        "Total Expenses": 1787202000.0,
        "Total Operating Income As Reported": 343458000.0,
        "Diluted Average Shares": 464862000.0,
        "Basic Average Shares": 464862000.0,
        "Diluted EPS": -0.16,
        "Basic EPS": -0.16,
        "Diluted NI Availto Com Stockholders": -75676000.0,
        "Net Income Common Stockholders": -75676000.0,
        "Net Income": -75676000.0,
        "Minority Interests": -4405000.0,
        "Net Income Including Noncontrolling Interests": -71271000.0,
        "Net Income Continuous Operations": -71271000.0,
        "Tax Provision": -15964000.0,
        "Pretax Income": -87235000.0,
        "Other Income Expense": -24299000.0,
        "Other Non Operating Income Expenses": -963000.0,
        "Special Income Charges": -21622000.0,
        "Other Special Charges": 16369000.0,
        "Impairment Of Capital Assets": 411000.0,
        "Restructuring And Mergern Acquisition": 4842000.0,
        "Gain On Sale Of Security": -1714000.0,
        "Net Non Operating Interest Income Expense": -428016000.0,
        "Interest Expense Non Operating": 428016000.0,
        "Operating Income": 365080000.0,
        "Operating Expense": 1116671000.0,
        "Other Operating Expenses": 698186000.0,
        "Depreciation Amortization Depletion Income Statement": 418485000.0,
        "Depreciation And Amortization In Income Statement": 418485000.0,
        "Gross Profit": 1481751000.0,
        "Cost Of Revenue": 670531000.0,
        "Total Revenue": 2152282000.0,
        "Operating Revenue": 2134195000.0
    }
}