{
    "2023-03-31": {
        "Tax Effect Of Unusual Items": NaN,
        "Tax Rate For Calcs": NaN,
        "Normalized EBITDA": NaN,
        "Total Unusual Items": NaN,
        "Total Unusual Items Excluding Goodwill": NaN,
        "Net Income From Continuing Operation Net Minority Interest": NaN,
        "EBITDA": NaN,
        "EBIT": NaN,
        "Net Interest Income": NaN,
        "Interest Expense": NaN,
        "Interest Income": NaN,
        "Normalized Income": NaN,
        "Net Income From Continuing And Discontinued Operation": NaN,
        "Total Expenses": NaN,
        "Total Operating Income As Reported": NaN,
        "Diluted Average Shares": 74197.0,
        "Basic Average Shares": 74197.0,
        "Diluted EPS": -101.570025,
        "Basic EPS": -101.570025,
        "Diluted NI Availto Com Stockholders": NaN,
        "Net Income Common Stockholders": NaN,
        "Net Income": NaN,
        "Minority Interests": NaN,
        "Net Income Including Noncontrolling Interests": NaN,
        "Net Income Continuous Operations": NaN,
        "Pretax Income": NaN,
        "Other Income Expense": NaN,
        "Other Non Operating Income Expenses": NaN,
        "Gain On Sale Of Security": NaN,
        "Net Non Operating Interest Income Expense": NaN,
        "Interest Expense Non Operating": NaN,
        "Interest Income Non Operating": NaN,
        "Operating Income": NaN,
        "Operating Expense": NaN,
        "Research And Development": NaN,
        "Selling General And Administration": NaN,
        "General And Administrative Expense": NaN,
        "Other Gand A": NaN,
        "Total Revenue": NaN,
        "Operating Revenue": NaN
    },
    "2022-12-31": {
        "Tax Effect Of Unusual Items": 0.0,
        "Tax Rate For Calcs": 0.21,
        "Normalized EBITDA": 1688000.0,
        "Total Unusual Items": NaN,
        "Total Unusual Items Excluding Goodwill": NaN,
        "Net Income From Continuing Operation Net Minority Interest": 575000.0,
        "EBITDA": 1688000.0,
        "EBIT": 1688000.0,
        "Net Interest Income": -1144000.0,
        "Interest Expense": NaN,
        "Interest Income": 16000.0,
        "Normalized Income": 575000.0,
        "Net Income From Continuing And Discontinued Operation": 575000.0,
        "Total Expenses": 3912000.0,
        "Total Operating Income As Reported": -3912000.0,
        "Diluted Average Shares": NaN,
        "Basic Average Shares": NaN,
        "Diluted EPS": NaN,
        "Basic EPS": NaN,
        "Diluted NI Availto Com Stockholders": 575000.0,
        "Net Income Common Stockholders": 575000.0,
        "Net Income": 575000.0,
        "Minority Interests": NaN,
        "Net Income Including Noncontrolling Interests": 524000.0,
        "Net Income Continuous Operations": 524000.0,
        "Pretax Income": 524000.0,
        "Other Income Expense": NaN,
        "Gain On Sale Of Security": NaN,
        "Net Non Operating Interest Income Expense": -1144000.0,
        "Interest Expense Non Operating": NaN,
        "Interest Income Non Operating": 16000.0,
        "Operating Income": -3912000.0,
        "Operating Expense": 3912000.0,
        "Research And Development": 545000.0,
        "Selling General And Administration": 3367000.0,
        "General And Administrative Expense": 3367000.0,
        "Other Gand A": 3367000.0,
        "Total Revenue": 0.0,
        "Operating Revenue": 0.0
    },
    "2022-09-30": {
        "Tax Effect Of Unusual Items": NaN,
        "Tax Rate For Calcs": NaN,
        "Normalized EBITDA": NaN,
        "Total Unusual Items": NaN,
        "Total Unusual Items Excluding Goodwill": NaN,
        "Net Income From Continuing Operation Net Minority Interest": NaN,
        "EBITDA": NaN,
        "EBIT": NaN,
        "Net Interest Income": NaN,
        "Interest Expense": NaN,
        "Interest Income": NaN,
        "Normalized Income": NaN,
        "Net Income From Continuing And Discontinued Operation": NaN,
        "Total Expenses": NaN,
        "Total Operating Income As Reported": NaN,
        "Diluted Average Shares": 19542.0,
        "Basic Average Shares": 19542.0,
        "Diluted EPS": -33.75,
        "Basic EPS": -33.75,
        "Diluted NI Availto Com Stockholders": NaN,
        "Net Income Common Stockholders": NaN,
        "Net Income": NaN,
        "Minority Interests": NaN,
        "Net Income Including Noncontrolling Interests": NaN,
        "Net Income Continuous Operations": NaN,
        "Pretax Income": NaN,
        "Other Income Expense": NaN,
        "Other Non Operating Income Expenses": NaN,
        "Gain On Sale Of Security": NaN,
        "Net Non Operating Interest Income Expense": NaN,
        "Interest Expense Non Operating": NaN,
        "Interest Income Non Operating": NaN,
        "Operating Income": NaN,
        "Operating Expense": NaN,
        "Research And Development": NaN,
        "Selling General And Administration": NaN,
        "General And Administrative Expense": NaN,
        "Other Gand A": NaN,
        "Total Revenue": NaN,
        "Operating Revenue": NaN
    },
    "2022-06-30": {
        "Tax Effect Of Unusual Items": 0.0,
        "Tax Rate For Calcs": 0.0,
        "Normalized EBITDA": -605000.0,
        "Total Unusual Items": NaN,
        "Total Unusual Items Excluding Goodwill": NaN,
        "Net Income From Continuing Operation Net Minority Interest": -604000.0,
        "EBITDA": -605000.0,
        "EBIT": -605000.0,
        "Net Interest Income": 1000.0,
        "Interest Expense": NaN,
        "Interest Income": 1000.0,
        "Normalized Income": -604000.0,
        "Net Income From Continuing And Discontinued Operation": -604000.0,
        "Total Expenses": 605000.0,
        "Total Operating Income As Reported": -605000.0,
        "Diluted Average Shares": 1461067.0,
        "Basic Average Shares": 1461067.0,
        "Diluted EPS": -0.41,
        "Basic EPS": -0.41,
        "Diluted NI Availto Com Stockholders": -604000.0,
        "Net Income Common Stockholders": -604000.0,
        "Net Income": -604000.0,
        "Minority Interests": NaN,
        "Net Income Including Noncontrolling Interests": -604000.0,
        "Net Income Continuous Operations": -604000.0,
        "Pretax Income": -604000.0,
        "Other Income Expense": NaN,
        "Gain On Sale Of Security": NaN,
        "Net Non Operating Interest Income Expense": 1000.0,
        "Interest Expense Non Operating": NaN,
        "Interest Income Non Operating": 1000.0,
        "Operating Income": -605000.0,
        "Operating Expense": 605000.0,
        "Research And Development": 151000.0,
        "Selling General And Administration": 454000.0,
        "General And Administrative Expense": 454000.0,
        "Other Gand A": 454000.0,
        "Total Revenue": 0.0,
        "Operating Revenue": 0.0
    },
    "2022-03-31": {
        "Diluted EPS": -2.05,
        "Total Revenue": NaN,
        "Gross Profit": NaN,
        "Operating Income": -3,
        "EBIT": -3,
        "Net Income": -3
    },
    "2021-12-31": {
        "Diluted EPS": -0.7,
        "Total Revenue": NaN,
        "Gross Profit": NaN,
        "Operating Income": -1,
        "EBIT": -1,
        "Net Income": -1
    },
    "2021-09-30": {
        "Diluted EPS": -0.79,
        "Total Revenue": NaN,
        "Gross Profit": NaN,
        "Operating Income": -1,
        "EBIT": -1,
        "Net Income": -1
    },
    "2021-06-30": {
        "Diluted EPS": -0.9,
        "Total Revenue": NaN,
        "Gross Profit": NaN,
        "Operating Income": -1,
        "EBIT": -1,
        "Net Income": -1
    },
    "2021-03-31": {
        "Diluted EPS": -0.9,
        "Total Revenue": NaN,
        "Gross Profit": NaN,
        "Operating Income": -1,
        "EBIT": -1,
        "Net Income": -1
    },
    "2020-12-31": {
        "Diluted EPS": -0.9,
        "Total Revenue": NaN,
        "Gross Profit": NaN,
        "Operating Income": -1,
        "EBIT": -1,
        "Net Income": -1
    },
    "2020-09-30": {
        "Diluted EPS": -0.9,
        "Total Revenue": NaN,
        "Gross Profit": NaN,
        "Operating Income": -1,
        "EBIT": -1,
        "Net Income": -1
    },
    "2020-06-30": {
        "Diluted EPS": -1.65,
        "Total Revenue": NaN,
        "Gross Profit": NaN,
        "Operating Income": -2,
        "EBIT": -2,
        "Net Income": -2
    },
    "2020-03-31": {
        "Diluted EPS": -1.2,
        "Total Revenue": NaN,
        "Gross Profit": NaN,
        "Operating Income": -1,
        "EBIT": -1,
        "Net Income": -1
    },
    "2019-12-31": {
        "Diluted EPS": -3.9,
        "Total Revenue": NaN,
        "Gross Profit": NaN,
        "Operating Income": -5,
        "EBIT": -5,
        "Net Income": -5
    },
    "2019-09-30": {
        "Diluted EPS": -2.1,
        "Total Revenue": NaN,
        "Gross Profit": NaN,
        "Operating Income": -2,
        "EBIT": -2,
        "Net Income": -2
    },
    "2019-06-30": {
        "Diluted EPS": -6.45,
        "Total Revenue": NaN,
        "Gross Profit": NaN,
        "Operating Income": -7,
        "EBIT": -7,
        "Net Income": -7
    },
    "2019-03-31": {
        "Diluted EPS": -12.29,
        "Total Revenue": NaN,
        "Gross Profit": NaN,
        "Operating Income": -11,
        "EBIT": -11,
        "Net Income": -11
    },
    "2018-12-31": {
        "Diluted EPS": -5.55,
        "Total Revenue": NaN,
        "Gross Profit": NaN,
        "Operating Income": -4,
        "EBIT": -4,
        "Net Income": -4
    },
    "2018-09-30": {
        "Diluted EPS": -3.75,
        "Total Revenue": NaN,
        "Gross Profit": NaN,
        "Operating Income": -3,
        "EBIT": -3,
        "Net Income": -3
    },
    "2018-06-30": {
        "Diluted EPS": -6.75,
        "Total Revenue": NaN,
        "Gross Profit": NaN,
        "Operating Income": -5,
        "EBIT": -5,
        "Net Income": -5
    },
    "2018-03-31": {
        "Diluted EPS": -15.44,
        "Total Revenue": NaN,
        "Gross Profit": NaN,
        "Operating Income": -10,
        "EBIT": -10,
        "Net Income": -10
    },
    "2017-12-31": {
        "Diluted EPS": -9.45,
        "Total Revenue": NaN,
        "Gross Profit": NaN,
        "Operating Income": -6,
        "EBIT": -6,
        "Net Income": -6
    },
    "2017-09-30": {
        "Diluted EPS": -4.5,
        "Total Revenue": NaN,
        "Gross Profit": NaN,
        "Operating Income": -3,
        "EBIT": -3,
        "Net Income": -3
    },
    "2017-06-30": {
        "Diluted EPS": -10.5,
        "Total Revenue": NaN,
        "Gross Profit": NaN,
        "Operating Income": -2,
        "EBIT": -2,
        "Net Income": -2
    },
    "2017-03-31": {
        "Diluted EPS": -3.3,
        "Total Revenue": NaN,
        "Gross Profit": NaN,
        "Operating Income": -1,
        "EBIT": 0,
        "Net Income": -1
    },
    "2016-12-31": {
        "Diluted EPS": 0.0,
        "Total Revenue": NaN,
        "Gross Profit": NaN,
        "Operating Income": NaN,
        "EBIT": NaN,
        "Net Income": NaN
    },
    "2016-09-30": {
        "Diluted EPS": -2.85,
        "Total Revenue": NaN,
        "Gross Profit": NaN,
        "Operating Income": 0,
        "EBIT": 0,
        "Net Income": -1
    },
    "2016-06-30": {
        "Diluted EPS": -4.2,
        "Total Revenue": NaN,
        "Gross Profit": NaN,
        "Operating Income": -1,
        "EBIT": -1,
        "Net Income": -1
    },
    "2015-12-31": {
        "Diluted EPS": 0.0,
        "Total Revenue": NaN,
        "Gross Profit": NaN,
        "Operating Income": NaN,
        "EBIT": NaN,
        "Net Income": NaN
    },
    "2023-06-30": {
        "Tax Effect Of Unusual Items": NaN,
        "Tax Rate For Calcs": NaN,
        "Normalized EBITDA": NaN,
        "Total Unusual Items": NaN,
        "Total Unusual Items Excluding Goodwill": NaN,
        "Net Income From Continuing Operation Net Minority Interest": NaN,
        "EBITDA": NaN,
        "EBIT": NaN,
        "Net Interest Income": NaN,
        "Interest Expense": NaN,
        "Interest Income": NaN,
        "Normalized Income": NaN,
        "Net Income From Continuing And Discontinued Operation": NaN,
        "Total Expenses": NaN,
        "Total Operating Income As Reported": NaN,
        "Diluted Average Shares": 103442.0,
        "Basic Average Shares": 103442.0,
        "Diluted EPS": -38.74,
        "Basic EPS": -38.74,
        "Diluted NI Availto Com Stockholders": NaN,
        "Net Income Common Stockholders": NaN,
        "Net Income": NaN,
        "Minority Interests": NaN,
        "Net Income Including Noncontrolling Interests": NaN,
        "Net Income Continuous Operations": NaN,
        "Pretax Income": NaN,
        "Other Income Expense": NaN,
        "Other Non Operating Income Expenses": NaN,
        "Gain On Sale Of Security": NaN,
        "Net Non Operating Interest Income Expense": NaN,
        "Interest Expense Non Operating": NaN,
        "Interest Income Non Operating": NaN,
        "Operating Income": NaN,
        "Operating Expense": NaN,
        "Research And Development": NaN,
        "Selling General And Administration": NaN,
        "General And Administrative Expense": NaN,
        "Other Gand A": NaN,
        "Total Revenue": NaN,
        "Operating Revenue": NaN
    },
    "2023-09-30": {
        "Tax Effect Of Unusual Items": 540120.0,
        "Tax Rate For Calcs": 0.21,
        "Normalized EBITDA": -2059000.0,
        "Total Unusual Items": 2572000.0,
        "Total Unusual Items Excluding Goodwill": 2572000.0,
        "Net Income From Continuing Operation Net Minority Interest": 526000.0,
        "EBITDA": 513000.0,
        "EBIT": 513000.0,
        "Net Interest Income": 9000.0,
        "Interest Expense": 0.0,
        "Interest Income": 9000.0,
        "Normalized Income": -1505880.0,
        "Net Income From Continuing And Discontinued Operation": 526000.0,
        "Total Expenses": 2068000.0,
        "Total Operating Income As Reported": -2068000.0,
        "Diluted Average Shares": 108210.0,
        "Basic Average Shares": 108210.0,
        "Diluted EPS": 4.86,
        "Basic EPS": 4.86,
        "Diluted NI Availto Com Stockholders": 526000.0,
        "Net Income Common Stockholders": 526000.0,
        "Net Income": 526000.0,
        "Minority Interests": 13000.0,
        "Net Income Including Noncontrolling Interests": 513000.0,
        "Net Income Continuous Operations": 513000.0,
        "Pretax Income": 513000.0,
        "Other Income Expense": 2572000.0,
        "Other Non Operating Income Expenses": NaN,
        "Gain On Sale Of Security": 2572000.0,
        "Net Non Operating Interest Income Expense": 9000.0,
        "Interest Expense Non Operating": 0.0,
        "Interest Income Non Operating": 9000.0,
        "Operating Income": -2068000.0,
        "Operating Expense": 2068000.0,
        "Research And Development": 907000.0,
        "Selling General And Administration": 1161000.0,
        "General And Administrative Expense": 1161000.0,
        "Other Gand A": 1161000.0,
        "Total Revenue": 0.0,
        "Operating Revenue": 0.0
    },
    "2023-12-31": {
        "Tax Effect Of Unusual Items": 569940.0,
        "Tax Rate For Calcs": 0.21,
        "Normalized EBITDA": -2097000.0,
        "Total Unusual Items": 2714000.0,
        "Total Unusual Items Excluding Goodwill": 2714000.0,
        "Net Income From Continuing Operation Net Minority Interest": 640000.0,
        "EBITDA": 617000.0,
        "EBIT": 617000.0,
        "Net Interest Income": 22000.0,
        "Interest Expense": 0.0,
        "Interest Income": 22000.0,
        "Normalized Income": -1504060.0,
        "Net Income From Continuing And Discontinued Operation": 640000.0,
        "Total Expenses": 2119000.0,
        "Total Operating Income As Reported": -2119000.0,
        "Diluted Average Shares": NaN,
        "Basic Average Shares": NaN,
        "Diluted EPS": NaN,
        "Basic EPS": NaN,
        "Diluted NI Availto Com Stockholders": 640000.0,
        "Net Income Common Stockholders": 640000.0,
        "Net Income": 640000.0,
        "Minority Interests": 23000.0,
        "Net Income Including Noncontrolling Interests": 617000.0,
        "Net Income Continuous Operations": 617000.0,
        "Pretax Income": 617000.0,
        "Other Income Expense": 2714000.0,
        "Other Non Operating Income Expenses": NaN,
        "Gain On Sale Of Security": 2714000.0,
        "Net Non Operating Interest Income Expense": 22000.0,
        "Interest Expense Non Operating": 0.0,
        "Interest Income Non Operating": 22000.0,
        "Operating Income": -2119000.0,
        "Operating Expense": 2119000.0,
        "Research And Development": 982000.0,
        "Selling General And Administration": 1137000.0,
        "General And Administrative Expense": 1137000.0,
        "Other Gand A": 1137000.0,
        "Total Revenue": 0.0,
        "Operating Revenue": 0.0
    },
    "2024-03-31": {
        "Tax Effect Of Unusual Items": 0.0,
        "Tax Rate For Calcs": 0.0,
        "Normalized EBITDA": -3659000.0,
        "Total Unusual Items": -690000.0,
        "Total Unusual Items Excluding Goodwill": -690000.0,
        "Net Income From Continuing Operation Net Minority Interest": -4340000.0,
        "EBITDA": -4349000.0,
        "EBIT": -4349000.0,
        "Net Interest Income": 49000.0,
        "Interest Expense": 0.0,
        "Interest Income": 49000.0,
        "Normalized Income": -3650000.0,
        "Net Income From Continuing And Discontinued Operation": -4340000.0,
        "Total Expenses": 3708000.0,
        "Total Operating Income As Reported": -3708000.0,
        "Diluted Average Shares": 562031.0,
        "Basic Average Shares": 562031.0,
        "Diluted EPS": -15.399975,
        "Basic EPS": -15.399975,
        "Diluted NI Availto Com Stockholders": -4340000.0,
        "Net Income Common Stockholders": -4340000.0,
        "Net Income": -4340000.0,
        "Minority Interests": 9000.0,
        "Net Income Including Noncontrolling Interests": -4349000.0,
        "Net Income Continuous Operations": -4349000.0,
        "Pretax Income": -4349000.0,
        "Other Income Expense": -690000.0,
        "Other Non Operating Income Expenses": -574000.0,
        "Gain On Sale Of Security": -690000.0,
        "Net Non Operating Interest Income Expense": 49000.0,
        "Interest Expense Non Operating": 0.0,
        "Interest Income Non Operating": 49000.0,
        "Operating Income": -3708000.0,
        "Operating Expense": 3708000.0,
        "Research And Development": 2392000.0,
        "Selling General And Administration": 1316000.0,
        "General And Administrative Expense": 1316000.0,
        "Other Gand A": 1316000.0,
        "Total Revenue": 0.0,
        "Operating Revenue": 0.0
    },
    "2024-06-30": {
        "Tax Effect Of Unusual Items": 0.0,
        "Tax Rate For Calcs": 0.0,
        "Normalized EBITDA": -2771000.0,
        "Total Unusual Items": 70000.0,
        "Total Unusual Items Excluding Goodwill": 70000.0,
        "Net Income From Continuing Operation Net Minority Interest": -7186000.0,
        "EBITDA": -2701000.0,
        "EBIT": -2701000.0,
        "Net Interest Income": 52000.0,
        "Interest Expense": 0.0,
        "Interest Income": 52000.0,
        "Normalized Income": -7256000.0,
        "Net Income From Continuing And Discontinued Operation": -7186000.0,
        "Total Expenses": 2823000.0,
        "Total Operating Income As Reported": -2823000.0,
        "Diluted Average Shares": 1117769.0,
        "Basic Average Shares": 1117769.0,
        "Diluted EPS": -6.43,
        "Basic EPS": -6.43,
        "Diluted NI Availto Com Stockholders": -7186000.0,
        "Net Income Common Stockholders": -7186000.0,
        "Net Income": -7186000.0,
        "Minority Interests": 9000.0,
        "Net Income Including Noncontrolling Interests": -2701000.0,
        "Net Income Continuous Operations": -2701000.0,
        "Pretax Income": -2701000.0,
        "Other Income Expense": 70000.0,
        "Other Non Operating Income Expenses": NaN,
        "Gain On Sale Of Security": 70000.0,
        "Net Non Operating Interest Income Expense": 52000.0,
        "Interest Expense Non Operating": 0.0,
        "Interest Income Non Operating": 52000.0,
        "Operating Income": -2823000.0,
        "Operating Expense": 2823000.0,
        "Research And Development": 1361000.0,
        "Selling General And Administration": 1462000.0,
        "General And Administrative Expense": 1462000.0,
        "Other Gand A": 1462000.0,
        "Total Revenue": 0.0,
        "Operating Revenue": 0.0
    },
    "2024-09-30": {
        "Tax Effect Of Unusual Items": 0.0,
        "Tax Rate For Calcs": 0.0,
        "Normalized EBITDA": -3105000.0,
        "Total Unusual Items": 18000.0,
        "Total Unusual Items Excluding Goodwill": 18000.0,
        "Net Income From Continuing Operation Net Minority Interest": -3076000.0,
        "EBITDA": -3087000.0,
        "EBIT": -3087000.0,
        "Net Interest Income": 51000.0,
        "Interest Expense": 0.0,
        "Interest Income": 51000.0,
        "Normalized Income": -3094000.0,
        "Net Income From Continuing And Discontinued Operation": -3076000.0,
        "Total Expenses": 3156000.0,
        "Total Operating Income As Reported": -3156000.0,
        "Diluted Average Shares": 1600189.0,
        "Basic Average Shares": 1600189.0,
        "Diluted EPS": -1.92,
        "Basic EPS": -1.92,
        "Diluted NI Availto Com Stockholders": -3076000.0,
        "Net Income Common Stockholders": -3076000.0,
        "Net Income": -3076000.0,
        "Minority Interests": 11000.0,
        "Net Income Including Noncontrolling Interests": -3087000.0,
        "Net Income Continuous Operations": -3087000.0,
        "Pretax Income": -3087000.0,
        "Other Income Expense": 18000.0,
        "Other Non Operating Income Expenses": NaN,
        "Gain On Sale Of Security": 18000.0,
        "Net Non Operating Interest Income Expense": 51000.0,
        "Interest Expense Non Operating": 0.0,
        "Interest Income Non Operating": 51000.0,
        "Operating Income": -3156000.0,
        "Operating Expense": 3156000.0,
        "Research And Development": 2327000.0,
        "Selling General And Administration": 829000.0,
        "General And Administrative Expense": 829000.0,
        "Other Gand A": 829000.0,
        "Total Revenue": 0.0,
        "Operating Revenue": 0.0
    }
}