{
    "2023-03-31": {
        "Tax Effect Of Unusual Items": NaN,
        "Tax Rate For Calcs": NaN,
        "Normalized EBITDA": NaN,
        "Net Income From Continuing Operation Net Minority Interest": NaN,
        "EBITDA": NaN,
        "EBIT": NaN,
        "Net Interest Income": NaN,
        "Interest Income": NaN,
        "Normalized Income": NaN,
        "Net Income From Continuing And Discontinued Operation": NaN,
        "Total Expenses": NaN,
        "Total Operating Income As Reported": NaN,
        "Diluted Average Shares": 27944458.0,
        "Basic Average Shares": 27944458.0,
        "Diluted EPS": -0.4,
        "Basic EPS": -0.4,
        "Diluted NI Availto Com Stockholders": NaN,
        "Net Income Common Stockholders": NaN,
        "Net Income": NaN,
        "Net Income Including Noncontrolling Interests": NaN,
        "Net Income Continuous Operations": NaN,
        "Pretax Income": NaN,
        "Other Income Expense": NaN,
        "Other Non Operating Income Expenses": NaN,
        "Net Non Operating Interest Income Expense": NaN,
        "Interest Income Non Operating": NaN,
        "Operating Income": NaN,
        "Operating Expense": NaN,
        "Research And Development": NaN,
        "Selling General And Administration": NaN,
        "General And Administrative Expense": NaN,
        "Other Gand A": NaN,
        "Total Revenue": NaN,
        "Operating Revenue": NaN
    },
    "2022-12-31": {
        "Tax Effect Of Unusual Items": NaN,
        "Tax Rate For Calcs": NaN,
        "Normalized EBITDA": NaN,
        "Total Unusual Items": 0.0,
        "Total Unusual Items Excluding Goodwill": 0.0,
        "Net Income From Continuing Operation Net Minority Interest": NaN,
        "EBITDA": NaN,
        "EBIT": NaN,
        "Net Interest Income": NaN,
        "Interest Income": NaN,
        "Normalized Income": NaN,
        "Net Income From Continuing And Discontinued Operation": NaN,
        "Total Expenses": NaN,
        "Total Operating Income As Reported": NaN,
        "Diluted Average Shares": NaN,
        "Basic Average Shares": NaN,
        "Diluted EPS": NaN,
        "Basic EPS": NaN,
        "Diluted NI Availto Com Stockholders": NaN,
        "Net Income Common Stockholders": NaN,
        "Net Income": NaN,
        "Net Income Including Noncontrolling Interests": NaN,
        "Net Income Continuous Operations": NaN,
        "Pretax Income": NaN,
        "Other Income Expense": NaN,
        "Other Non Operating Income Expenses": NaN,
        "Special Income Charges": 0.0,
        "Net Non Operating Interest Income Expense": NaN,
        "Interest Income Non Operating": NaN,
        "Operating Income": NaN,
        "Operating Expense": NaN,
        "Research And Development": NaN,
        "Selling General And Administration": NaN,
        "General And Administrative Expense": NaN,
        "Other Gand A": NaN,
        "Total Revenue": NaN,
        "Operating Revenue": NaN
    },
    "2022-09-30": {
        "Tax Effect Of Unusual Items": NaN,
        "Tax Rate For Calcs": NaN,
        "Normalized EBITDA": NaN,
        "Total Unusual Items": 0.0,
        "Total Unusual Items Excluding Goodwill": 0.0,
        "Net Income From Continuing Operation Net Minority Interest": NaN,
        "EBITDA": NaN,
        "EBIT": NaN,
        "Net Interest Income": NaN,
        "Interest Income": NaN,
        "Normalized Income": NaN,
        "Net Income From Continuing And Discontinued Operation": NaN,
        "Total Expenses": NaN,
        "Total Operating Income As Reported": NaN,
        "Diluted Average Shares": NaN,
        "Basic Average Shares": NaN,
        "Diluted EPS": NaN,
        "Basic EPS": NaN,
        "Diluted NI Availto Com Stockholders": NaN,
        "Net Income Common Stockholders": NaN,
        "Net Income": NaN,
        "Net Income Including Noncontrolling Interests": NaN,
        "Net Income Continuous Operations": NaN,
        "Pretax Income": NaN,
        "Other Income Expense": NaN,
        "Other Non Operating Income Expenses": NaN,
        "Special Income Charges": 0.0,
        "Net Non Operating Interest Income Expense": NaN,
        "Interest Income Non Operating": NaN,
        "Operating Income": NaN,
        "Operating Expense": NaN,
        "Research And Development": NaN,
        "Selling General And Administration": NaN,
        "General And Administrative Expense": NaN,
        "Other Gand A": NaN,
        "Total Revenue": NaN,
        "Operating Revenue": NaN
    },
    "2022-06-30": {
        "Tax Effect Of Unusual Items": 0.0,
        "Tax Rate For Calcs": 0.0,
        "Normalized EBITDA": -11449000.0,
        "Total Unusual Items": 0.0,
        "Total Unusual Items Excluding Goodwill": 0.0,
        "Net Income From Continuing Operation Net Minority Interest": -11250000.0,
        "EBITDA": -11449000.0,
        "EBIT": -11449000.0,
        "Net Interest Income": 214000.0,
        "Interest Income": 214000.0,
        "Normalized Income": -11250000.0,
        "Net Income From Continuing And Discontinued Operation": -11250000.0,
        "Total Expenses": 11449000.0,
        "Total Operating Income As Reported": -11449000.0,
        "Diluted Average Shares": 13016955.0,
        "Basic Average Shares": 13016955.0,
        "Diluted EPS": -0.86,
        "Basic EPS": -0.86,
        "Diluted NI Availto Com Stockholders": -11250000.0,
        "Net Income Common Stockholders": -11250000.0,
        "Net Income": -11250000.0,
        "Net Income Including Noncontrolling Interests": -11250000.0,
        "Net Income Continuous Operations": -11250000.0,
        "Pretax Income": -11250000.0,
        "Other Income Expense": -15000.0,
        "Other Non Operating Income Expenses": -15000.0,
        "Special Income Charges": 0.0,
        "Net Non Operating Interest Income Expense": 214000.0,
        "Interest Income Non Operating": 214000.0,
        "Operating Income": -11449000.0,
        "Operating Expense": 11449000.0,
        "Research And Development": 6617000.0,
        "Selling General And Administration": 4832000.0,
        "General And Administrative Expense": 4832000.0,
        "Other Gand A": 4832000.0,
        "Total Revenue": 0.0,
        "Operating Revenue": 0.0
    },
    "2022-03-31": {
        "Diluted EPS": -1.18,
        "Total Revenue": NaN,
        "Gross Profit": NaN,
        "Operating Income": -15,
        "EBIT": -15,
        "Net Income": -15
    },
    "2021-12-31": {
        "Diluted EPS": 26.96,
        "Total Revenue": NaN,
        "Gross Profit": NaN,
        "Operating Income": -10,
        "EBIT": -10,
        "Net Income": -9
    },
    "2021-09-30": {
        "Diluted EPS": -0.61,
        "Total Revenue": NaN,
        "Gross Profit": NaN,
        "Operating Income": -8,
        "EBIT": -8,
        "Net Income": -8
    },
    "2021-06-30": {
        "Diluted EPS": -5.33,
        "Total Revenue": NaN,
        "Gross Profit": NaN,
        "Operating Income": -7,
        "EBIT": -7,
        "Net Income": -32
    },
    "2021-03-31": {
        "Diluted EPS": -45.6,
        "Total Revenue": NaN,
        "Gross Profit": NaN,
        "Operating Income": -170,
        "EBIT": -170,
        "Net Income": -170
    },
    "2020-12-31": {
        "Diluted EPS": -2.66,
        "Total Revenue": NaN,
        "Gross Profit": NaN,
        "Operating Income": -9,
        "EBIT": -9,
        "Net Income": -9
    },
    "2020-09-30": {
        "Diluted EPS": -3.36,
        "Total Revenue": NaN,
        "Gross Profit": NaN,
        "Operating Income": -11,
        "EBIT": -11,
        "Net Income": -11
    },
    "2020-06-30": {
        "Diluted EPS": -3.18,
        "Total Revenue": NaN,
        "Gross Profit": NaN,
        "Operating Income": -10,
        "EBIT": -10,
        "Net Income": -10
    },
    "2020-03-31": {
        "Diluted EPS": -3.0,
        "Total Revenue": NaN,
        "Gross Profit": NaN,
        "Operating Income": -8,
        "EBIT": -8,
        "Net Income": -8
    },
    "2019-12-31": {
        "Diluted EPS": -3.3,
        "Total Revenue": NaN,
        "Gross Profit": NaN,
        "Operating Income": -7,
        "EBIT": -7,
        "Net Income": -7
    },
    "2019-09-30": {
        "Diluted EPS": -3.36,
        "Total Revenue": NaN,
        "Gross Profit": NaN,
        "Operating Income": -7,
        "EBIT": -7,
        "Net Income": -7
    },
    "2019-06-30": {
        "Diluted EPS": -3.72,
        "Total Revenue": NaN,
        "Gross Profit": NaN,
        "Operating Income": -7,
        "EBIT": -7,
        "Net Income": -7
    },
    "2019-03-31": {
        "Diluted EPS": -3.72,
        "Total Revenue": NaN,
        "Gross Profit": NaN,
        "Operating Income": -6,
        "EBIT": -6,
        "Net Income": -6
    },
    "2018-12-31": {
        "Diluted EPS": 3.24,
        "Total Revenue": NaN,
        "Gross Profit": NaN,
        "Operating Income": -6,
        "EBIT": -6,
        "Net Income": -6
    },
    "2018-09-30": {
        "Diluted EPS": -4.8,
        "Total Revenue": NaN,
        "Gross Profit": NaN,
        "Operating Income": -6,
        "EBIT": -6,
        "Net Income": -6
    },
    "2018-06-30": {
        "Diluted EPS": -11.88,
        "Total Revenue": NaN,
        "Gross Profit": NaN,
        "Operating Income": -7,
        "EBIT": -7,
        "Net Income": -6
    },
    "2018-03-31": {
        "Diluted EPS": -17.28,
        "Total Revenue": NaN,
        "Gross Profit": NaN,
        "Operating Income": -8,
        "EBIT": -8,
        "Net Income": -8
    },
    "2017-12-31": {
        "Diluted EPS": -13.32,
        "Total Revenue": 0,
        "Gross Profit": 0,
        "Operating Income": -5,
        "EBIT": -5,
        "Net Income": -5
    },
    "2017-09-30": {
        "Diluted EPS": -18.6,
        "Total Revenue": 0,
        "Gross Profit": 0,
        "Operating Income": -7,
        "EBIT": -7,
        "Net Income": -7
    },
    "2017-06-30": {
        "Diluted EPS": -19.2,
        "Total Revenue": NaN,
        "Gross Profit": NaN,
        "Operating Income": -7,
        "EBIT": -7,
        "Net Income": -7
    },
    "2017-03-31": {
        "Diluted EPS": -24.6,
        "Total Revenue": NaN,
        "Gross Profit": NaN,
        "Operating Income": -8,
        "EBIT": -8,
        "Net Income": -8
    },
    "2016-12-31": {
        "Diluted EPS": -27.6,
        "Total Revenue": NaN,
        "Gross Profit": NaN,
        "Operating Income": -9,
        "EBIT": -9,
        "Net Income": -9
    },
    "2016-09-30": {
        "Diluted EPS": -32.39,
        "Total Revenue": NaN,
        "Gross Profit": NaN,
        "Operating Income": -8,
        "EBIT": -8,
        "Net Income": -8
    },
    "2016-06-30": {
        "Diluted EPS": -36.59,
        "Total Revenue": NaN,
        "Gross Profit": NaN,
        "Operating Income": -9,
        "EBIT": -9,
        "Net Income": -9
    },
    "2016-03-31": {
        "Diluted EPS": -36.59,
        "Total Revenue": NaN,
        "Gross Profit": NaN,
        "Operating Income": -9,
        "EBIT": -9,
        "Net Income": -9
    },
    "2015-12-31": {
        "Diluted EPS": NaN,
        "Total Revenue": NaN,
        "Gross Profit": NaN,
        "Operating Income": -9,
        "EBIT": -9,
        "Net Income": -10
    },
    "2015-09-30": {
        "Diluted EPS": -32.99,
        "Total Revenue": NaN,
        "Gross Profit": NaN,
        "Operating Income": -8,
        "EBIT": -8,
        "Net Income": -8
    },
    "2015-06-30": {
        "Diluted EPS": -484.1,
        "Total Revenue": NaN,
        "Gross Profit": NaN,
        "Operating Income": -8,
        "EBIT": -8,
        "Net Income": -8
    },
    "2015-03-31": {
        "Diluted EPS": -788.24,
        "Total Revenue": NaN,
        "Gross Profit": NaN,
        "Operating Income": -6,
        "EBIT": -6,
        "Net Income": -7
    },
    "2014-12-31": {
        "Diluted EPS": 0.0,
        "Total Revenue": NaN,
        "Gross Profit": NaN,
        "Operating Income": NaN,
        "EBIT": NaN,
        "Net Income": NaN
    },
    "2014-09-30": {
        "Diluted EPS": -812.84,
        "Total Revenue": NaN,
        "Gross Profit": NaN,
        "Operating Income": -6,
        "EBIT": -6,
        "Net Income": -6
    },
    "2014-06-30": {
        "Diluted EPS": -805.04,
        "Total Revenue": NaN,
        "Gross Profit": NaN,
        "Operating Income": -5,
        "EBIT": -5,
        "Net Income": -5
    },
    "2013-12-31": {
        "Diluted EPS": 0.0,
        "Total Revenue": NaN,
        "Gross Profit": NaN,
        "Operating Income": NaN,
        "EBIT": NaN,
        "Net Income": NaN
    },
    "2023-06-30": {
        "Tax Effect Of Unusual Items": NaN,
        "Tax Rate For Calcs": NaN,
        "Normalized EBITDA": NaN,
        "Net Income From Continuing Operation Net Minority Interest": NaN,
        "EBITDA": NaN,
        "EBIT": NaN,
        "Net Interest Income": NaN,
        "Interest Income": NaN,
        "Normalized Income": NaN,
        "Net Income From Continuing And Discontinued Operation": NaN,
        "Total Expenses": NaN,
        "Total Operating Income As Reported": NaN,
        "Diluted Average Shares": 28022306.0,
        "Basic Average Shares": 28022306.0,
        "Diluted EPS": -0.45,
        "Basic EPS": -0.45,
        "Diluted NI Availto Com Stockholders": NaN,
        "Net Income Common Stockholders": NaN,
        "Net Income": NaN,
        "Net Income Including Noncontrolling Interests": NaN,
        "Net Income Continuous Operations": NaN,
        "Pretax Income": NaN,
        "Other Income Expense": NaN,
        "Other Non Operating Income Expenses": NaN,
        "Net Non Operating Interest Income Expense": NaN,
        "Interest Income Non Operating": NaN,
        "Operating Income": NaN,
        "Operating Expense": NaN,
        "Research And Development": NaN,
        "Selling General And Administration": NaN,
        "General And Administrative Expense": NaN,
        "Other Gand A": NaN,
        "Total Revenue": NaN,
        "Operating Revenue": NaN
    },
    "2023-09-30": {
        "Tax Effect Of Unusual Items": NaN,
        "Tax Rate For Calcs": NaN,
        "Normalized EBITDA": NaN,
        "Net Income From Continuing Operation Net Minority Interest": NaN,
        "EBITDA": NaN,
        "EBIT": NaN,
        "Net Interest Income": NaN,
        "Interest Income": NaN,
        "Normalized Income": NaN,
        "Net Income From Continuing And Discontinued Operation": NaN,
        "Total Expenses": NaN,
        "Total Operating Income As Reported": NaN,
        "Diluted Average Shares": 28040173.0,
        "Basic Average Shares": 28040173.0,
        "Diluted EPS": -0.63,
        "Basic EPS": -0.63,
        "Diluted NI Availto Com Stockholders": NaN,
        "Net Income Common Stockholders": NaN,
        "Net Income": NaN,
        "Net Income Including Noncontrolling Interests": NaN,
        "Net Income Continuous Operations": NaN,
        "Pretax Income": NaN,
        "Other Income Expense": NaN,
        "Other Non Operating Income Expenses": NaN,
        "Net Non Operating Interest Income Expense": NaN,
        "Interest Income Non Operating": NaN,
        "Operating Income": NaN,
        "Operating Expense": NaN,
        "Research And Development": NaN,
        "Selling General And Administration": NaN,
        "General And Administrative Expense": NaN,
        "Other Gand A": NaN,
        "Total Revenue": NaN,
        "Operating Revenue": NaN
    },
    "2023-12-31": {
        "Tax Effect Of Unusual Items": 0.0,
        "Tax Rate For Calcs": 0.0,
        "Normalized EBITDA": -19000000.0,
        "Net Income From Continuing Operation Net Minority Interest": -31410000.0,
        "EBITDA": -19000000.0,
        "EBIT": -19000000.0,
        "Net Interest Income": 2797000.0,
        "Interest Income": 2797000.0,
        "Normalized Income": -31410000.0,
        "Net Income From Continuing And Discontinued Operation": -31410000.0,
        "Total Expenses": 19000000.0,
        "Total Operating Income As Reported": -34199000.0,
        "Diluted Average Shares": NaN,
        "Basic Average Shares": NaN,
        "Diluted EPS": NaN,
        "Basic EPS": NaN,
        "Diluted NI Availto Com Stockholders": -31410000.0,
        "Net Income Common Stockholders": -31410000.0,
        "Net Income": -31410000.0,
        "Net Income Including Noncontrolling Interests": -31410000.0,
        "Net Income Continuous Operations": -31410000.0,
        "Pretax Income": -31410000.0,
        "Other Income Expense": -15207000.0,
        "Other Non Operating Income Expenses": -8000.0,
        "Net Non Operating Interest Income Expense": 2797000.0,
        "Interest Income Non Operating": 2797000.0,
        "Operating Income": -19000000.0,
        "Operating Expense": 19000000.0,
        "Research And Development": 11667000.0,
        "Selling General And Administration": 7333000.0,
        "General And Administrative Expense": 7333000.0,
        "Other Gand A": 7333000.0,
        "Total Revenue": 0.0,
        "Operating Revenue": 0.0
    },
    "2024-03-31": {
        "Tax Effect Of Unusual Items": NaN,
        "Tax Rate For Calcs": NaN,
        "Normalized EBITDA": NaN,
        "Net Income From Continuing Operation Net Minority Interest": NaN,
        "EBITDA": NaN,
        "EBIT": NaN,
        "Net Interest Income": NaN,
        "Interest Income": NaN,
        "Normalized Income": NaN,
        "Net Income From Continuing And Discontinued Operation": NaN,
        "Total Expenses": NaN,
        "Total Operating Income As Reported": NaN,
        "Diluted Average Shares": 52294765.0,
        "Basic Average Shares": 52294765.0,
        "Diluted EPS": -0.38,
        "Basic EPS": -0.38,
        "Diluted NI Availto Com Stockholders": NaN,
        "Net Income Common Stockholders": NaN,
        "Net Income": NaN,
        "Net Income Including Noncontrolling Interests": NaN,
        "Net Income Continuous Operations": NaN,
        "Pretax Income": NaN,
        "Other Income Expense": NaN,
        "Other Non Operating Income Expenses": NaN,
        "Net Non Operating Interest Income Expense": NaN,
        "Interest Income Non Operating": NaN,
        "Operating Income": NaN,
        "Operating Expense": NaN,
        "Research And Development": NaN,
        "Selling General And Administration": NaN,
        "General And Administrative Expense": NaN,
        "Other Gand A": NaN,
        "Total Revenue": NaN,
        "Operating Revenue": NaN
    },
    "2024-06-30": {
        "Tax Effect Of Unusual Items": 0.0,
        "Tax Rate For Calcs": 0.0,
        "Normalized EBITDA": -28803000.0,
        "Net Income From Continuing Operation Net Minority Interest": -24172000.0,
        "EBITDA": -28803000.0,
        "EBIT": -28803000.0,
        "Net Interest Income": 4647000.0,
        "Interest Income": 4647000.0,
        "Normalized Income": -24172000.0,
        "Net Income From Continuing And Discontinued Operation": -24172000.0,
        "Total Expenses": 28803000.0,
        "Total Operating Income As Reported": -28803000.0,
        "Diluted Average Shares": 56485962.0,
        "Basic Average Shares": 56485962.0,
        "Diluted EPS": -0.43,
        "Basic EPS": -0.43,
        "Diluted NI Availto Com Stockholders": -24172000.0,
        "Net Income Common Stockholders": -24172000.0,
        "Net Income": -24172000.0,
        "Net Income Including Noncontrolling Interests": -24172000.0,
        "Net Income Continuous Operations": -24172000.0,
        "Pretax Income": -24172000.0,
        "Other Income Expense": -16000.0,
        "Other Non Operating Income Expenses": -16000.0,
        "Net Non Operating Interest Income Expense": 4647000.0,
        "Interest Income Non Operating": 4647000.0,
        "Operating Income": -28803000.0,
        "Operating Expense": 28803000.0,
        "Research And Development": 20709000.0,
        "Selling General And Administration": 8094000.0,
        "General And Administrative Expense": 8094000.0,
        "Other Gand A": 8094000.0,
        "Total Revenue": 0.0,
        "Operating Revenue": 0.0
    },
    "2024-09-30": {
        "Tax Effect Of Unusual Items": 0.0,
        "Tax Rate For Calcs": 0.0,
        "Normalized EBITDA": -29014000.0,
        "Net Income From Continuing Operation Net Minority Interest": -24534000.0,
        "EBITDA": -29014000.0,
        "EBIT": -29014000.0,
        "Net Interest Income": 4517000.0,
        "Interest Income": 4517000.0,
        "Normalized Income": -24534000.0,
        "Net Income From Continuing And Discontinued Operation": -24534000.0,
        "Total Expenses": 29014000.0,
        "Total Operating Income As Reported": -29014000.0,
        "Diluted Average Shares": 57820458.0,
        "Basic Average Shares": 57820458.0,
        "Diluted EPS": -0.42,
        "Basic EPS": -0.42,
        "Diluted NI Availto Com Stockholders": -24534000.0,
        "Net Income Common Stockholders": -24534000.0,
        "Net Income": -24534000.0,
        "Net Income Including Noncontrolling Interests": -24534000.0,
        "Net Income Continuous Operations": -24534000.0,
        "Pretax Income": -24534000.0,
        "Other Income Expense": -37000.0,
        "Other Non Operating Income Expenses": -37000.0,
        "Net Non Operating Interest Income Expense": 4517000.0,
        "Interest Income Non Operating": 4517000.0,
        "Operating Income": -29014000.0,
        "Operating Expense": 29014000.0,
        "Research And Development": 20510000.0,
        "Selling General And Administration": 8504000.0,
        "General And Administrative Expense": 8504000.0,
        "Other Gand A": 8504000.0,
        "Total Revenue": 0.0,
        "Operating Revenue": 0.0
    },
    "2024-12-31": {
        "Tax Effect Of Unusual Items": 0.0,
        "Tax Rate For Calcs": 0.0,
        "Normalized EBITDA": -29591000.0,
        "Net Income From Continuing Operation Net Minority Interest": -25626000.0,
        "EBITDA": -29591000.0,
        "EBIT": -29591000.0,
        "Net Interest Income": 3955000.0,
        "Interest Income": 3955000.0,
        "Normalized Income": -25626000.0,
        "Net Income From Continuing And Discontinued Operation": -25626000.0,
        "Total Expenses": 29591000.0,
        "Total Operating Income As Reported": -29591000.0,
        "Diluted Average Shares": NaN,
        "Basic Average Shares": NaN,
        "Diluted EPS": NaN,
        "Basic EPS": NaN,
        "Diluted NI Availto Com Stockholders": -25626000.0,
        "Net Income Common Stockholders": -25626000.0,
        "Net Income": -25626000.0,
        "Net Income Including Noncontrolling Interests": -25626000.0,
        "Net Income Continuous Operations": -25626000.0,
        "Pretax Income": -25626000.0,
        "Other Income Expense": 10000.0,
        "Other Non Operating Income Expenses": 10000.0,
        "Net Non Operating Interest Income Expense": 3955000.0,
        "Interest Income Non Operating": 3955000.0,
        "Operating Income": -29591000.0,
        "Operating Expense": 29591000.0,
        "Research And Development": 20161000.0,
        "Selling General And Administration": 9430000.0,
        "General And Administrative Expense": 9430000.0,
        "Other Gand A": 9430000.0,
        "Total Revenue": 0.0,
        "Operating Revenue": 0.0
    },
    "2025-03-31": {
        "Tax Effect Of Unusual Items": 0.0,
        "Tax Rate For Calcs": 0.0,
        "Normalized EBITDA": -36995000.0,
        "Net Income From Continuing Operation Net Minority Interest": -33709000.0,
        "EBITDA": -36995000.0,
        "EBIT": -36995000.0,
        "Net Interest Income": 3346000.0,
        "Interest Income": 3346000.0,
        "Normalized Income": -33709000.0,
        "Net Income From Continuing And Discontinued Operation": -33709000.0,
        "Total Expenses": 36995000.0,
        "Total Operating Income As Reported": -36995000.0,
        "Diluted Average Shares": 58005312.0,
        "Basic Average Shares": 58005312.0,
        "Diluted EPS": -0.58,
        "Basic EPS": -0.58,
        "Diluted NI Availto Com Stockholders": -33709000.0,
        "Net Income Common Stockholders": -33709000.0,
        "Net Income": -33709000.0,
        "Net Income Including Noncontrolling Interests": -33709000.0,
        "Net Income Continuous Operations": -33709000.0,
        "Pretax Income": -33709000.0,
        "Other Income Expense": -60000.0,
        "Other Non Operating Income Expenses": -60000.0,
        "Net Non Operating Interest Income Expense": 3346000.0,
        "Interest Income Non Operating": 3346000.0,
        "Operating Income": -36995000.0,
        "Operating Expense": 36995000.0,
        "Research And Development": 27786000.0,
        "Selling General And Administration": 9209000.0,
        "General And Administrative Expense": 9209000.0,
        "Other Gand A": 9209000.0,
        "Total Revenue": 0.0,
        "Operating Revenue": 0.0
    },
    "2025-06-30": {
        "Tax Effect Of Unusual Items": 0.0,
        "Tax Rate For Calcs": 0.0,
        "Normalized EBITDA": -35820000.0,
        "Net Income From Continuing Operation Net Minority Interest": -33052000.0,
        "EBITDA": -35820000.0,
        "EBIT": -35820000.0,
        "Net Interest Income": 2889000.0,
        "Interest Income": 2889000.0,
        "Normalized Income": -33052000.0,
        "Net Income From Continuing And Discontinued Operation": -33052000.0,
        "Total Expenses": 35820000.0,
        "Total Operating Income As Reported": -35820000.0,
        "Diluted Average Shares": 58005312.0,
        "Basic Average Shares": 58005312.0,
        "Diluted EPS": -0.57,
        "Basic EPS": -0.57,
        "Diluted NI Availto Com Stockholders": -33052000.0,
        "Net Income Common Stockholders": -33052000.0,
        "Net Income": -33052000.0,
        "Net Income Including Noncontrolling Interests": -33052000.0,
        "Net Income Continuous Operations": -33052000.0,
        "Pretax Income": -33052000.0,
        "Other Income Expense": -121000.0,
        "Other Non Operating Income Expenses": -121000.0,
        "Net Non Operating Interest Income Expense": 2889000.0,
        "Interest Income Non Operating": 2889000.0,
        "Operating Income": -35820000.0,
        "Operating Expense": 35820000.0,
        "Research And Development": 25945000.0,
        "Selling General And Administration": 9875000.0,
        "General And Administrative Expense": 9875000.0,
        "Other Gand A": 9875000.0,
        "Total Revenue": 0.0,
        "Operating Revenue": 0.0
    }
}