{
    "2023-03-31": {
        "Tax Effect Of Unusual Items": NaN,
        "Tax Rate For Calcs": NaN,
        "Normalized EBITDA": NaN,
        "Total Unusual Items": NaN,
        "Total Unusual Items Excluding Goodwill": NaN,
        "Net Income From Continuing Operation Net Minority Interest": NaN,
        "Reconciled Depreciation": 140000000.0,
        "Reconciled Cost Of Revenue": NaN,
        "EBITDA": NaN,
        "EBIT": NaN,
        "Net Interest Income": NaN,
        "Interest Expense": NaN,
        "Interest Income": NaN,
        "Normalized Income": NaN,
        "Net Income From Continuing And Discontinued Operation": NaN,
        "Total Expenses": NaN,
        "Total Operating Income As Reported": 107000000.0,
        "Diluted Average Shares": 412500000.0,
        "Basic Average Shares": 412500000.0,
        "Diluted EPS": 0.16,
        "Basic EPS": 0.16,
        "Diluted NI Availto Com Stockholders": NaN,
        "Net Income Common Stockholders": NaN,
        "Net Income": NaN,
        "Minority Interests": NaN,
        "Net Income Including Noncontrolling Interests": NaN,
        "Net Income Continuous Operations": NaN,
        "Tax Provision": NaN,
        "Pretax Income": NaN,
        "Other Income Expense": 1000000.0,
        "Special Income Charges": NaN,
        "Write Off": NaN,
        "Earnings From Equity Interest": NaN,
        "Gain On Sale Of Security": NaN,
        "Net Non Operating Interest Income Expense": NaN,
        "Interest Expense Non Operating": NaN,
        "Interest Income Non Operating": NaN,
        "Operating Income": NaN,
        "Operating Expense": NaN,
        "Other Operating Expenses": NaN,
        "Selling General And Administration": NaN,
        "General And Administrative Expense": NaN,
        "Other Gand A": NaN,
        "Gross Profit": NaN,
        "Cost Of Revenue": NaN,
        "Total Revenue": NaN,
        "Operating Revenue": NaN
    },
    "2022-06-30": {
        "Tax Effect Of Unusual Items": -8391534.391534,
        "Tax Rate For Calcs": 0.322751,
        "Normalized EBITDA": 344000000.0,
        "Total Unusual Items": -26000000.0,
        "Total Unusual Items Excluding Goodwill": -26000000.0,
        "Net Income From Continuing Operation Net Minority Interest": 121000000.0,
        "Reconciled Depreciation": 150000000.0,
        "Reconciled Cost Of Revenue": 835000000.0,
        "EBITDA": 318000000.0,
        "EBIT": 168000000.0,
        "Net Interest Income": -15000000.0,
        "Interest Expense": -21000000.0,
        "Interest Income": 18000000.0,
        "Normalized Income": 138608465.608466,
        "Net Income From Continuing And Discontinued Operation": 121000000.0,
        "Total Expenses": 910000000.0,
        "Total Operating Income As Reported": 192000000.0,
        "Diluted Average Shares": 418697315.0,
        "Basic Average Shares": 418560267.0,
        "Diluted EPS": 0.29,
        "Basic EPS": 0.29,
        "Diluted NI Availto Com Stockholders": 121000000.0,
        "Net Income Common Stockholders": 121000000.0,
        "Net Income": 121000000.0,
        "Minority Interests": -7000000.0,
        "Net Income Including Noncontrolling Interests": 128000000.0,
        "Net Income Continuous Operations": 128000000.0,
        "Tax Provision": 61000000.0,
        "Pretax Income": 189000000.0,
        "Other Income Expense": 11000000.0,
        "Special Income Charges": -1000000.0,
        "Write Off": 1000000.0,
        "Earnings From Equity Interest": 37000000.0,
        "Gain On Sale Of Security": -25000000.0,
        "Net Non Operating Interest Income Expense": -15000000.0,
        "Interest Expense Non Operating": -21000000.0,
        "Interest Income Non Operating": 18000000.0,
        "Operating Income": 193000000.0,
        "Operating Expense": 75000000.0,
        "Other Operating Expenses": 38000000.0,
        "Selling General And Administration": 28000000.0,
        "General And Administrative Expense": 28000000.0,
        "Other Gand A": 25000000.0,
        "Gross Profit": 268000000.0,
        "Cost Of Revenue": 835000000.0,
        "Total Revenue": 1103000000.0,
        "Operating Revenue": 1103000000.0
    },
    "2023-06-30": {
        "Tax Effect Of Unusual Items": -46170000.0,
        "Tax Rate For Calcs": 0.27,
        "Normalized EBITDA": 188000000.0,
        "Total Unusual Items": -171000000.0,
        "Total Unusual Items Excluding Goodwill": -171000000.0,
        "Net Income From Continuing Operation Net Minority Interest": -83000000.0,
        "Reconciled Depreciation": 160000000.0,
        "Reconciled Cost Of Revenue": 905000000.0,
        "EBITDA": 17000000.0,
        "EBIT": 17000000.0,
        "Net Interest Income": -2000000.0,
        "Interest Expense": 33000000.0,
        "Interest Income": 31000000.0,
        "Normalized Income": 41830000.0,
        "Net Income From Continuing And Discontinued Operation": -83000000.0,
        "Total Expenses": 1054000000.0,
        "Total Operating Income As Reported": -12000000.0,
        "Diluted Average Shares": 415000000.0,
        "Basic Average Shares": 415000000.0,
        "Diluted EPS": -0.2,
        "Basic EPS": -0.2,
        "Diluted NI Availto Com Stockholders": -83000000.0,
        "Net Income Common Stockholders": -83000000.0,
        "Net Income": -83000000.0,
        "Minority Interests": -2000000.0,
        "Net Income Including Noncontrolling Interests": -81000000.0,
        "Net Income Continuous Operations": -81000000.0,
        "Tax Provision": 65000000.0,
        "Pretax Income": -16000000.0,
        "Other Income Expense": -118000000.0,
        "Special Income Charges": -126000000.0,
        "Write Off": 126000000.0,
        "Earnings From Equity Interest": 53000000.0,
        "Gain On Sale Of Security": -45000000.0,
        "Net Non Operating Interest Income Expense": -2000000.0,
        "Interest Expense Non Operating": 33000000.0,
        "Interest Income Non Operating": 31000000.0,
        "Operating Income": 104000000.0,
        "Operating Expense": 149000000.0,
        "Other Operating Expenses": 125000000.0,
        "Selling General And Administration": 24000000.0,
        "General And Administrative Expense": 24000000.0,
        "Other Gand A": 24000000.0,
        "Gross Profit": 253000000.0,
        "Cost Of Revenue": 905000000.0,
        "Total Revenue": 1158000000.0,
        "Operating Revenue": 1158000000.0
    },
    "2024-06-30": {
        "Tax Effect Of Unusual Items": -5849878.934625,
        "Tax Rate For Calcs": 0.365617,
        "Normalized EBITDA": 473000000.0,
        "Total Unusual Items": -16000000.0,
        "Total Unusual Items Excluding Goodwill": -16000000.0,
        "Net Income From Continuing Operation Net Minority Interest": 253000000.0,
        "Reconciled Cost Of Revenue": 914000000.0,
        "EBITDA": 457000000.0,
        "EBIT": 457000000.0,
        "Net Interest Income": -2000000.0,
        "Interest Expense": 44000000.0,
        "Interest Income": 42000000.0,
        "Normalized Income": 263150121.065375,
        "Net Income From Continuing And Discontinued Operation": 253000000.0,
        "Total Expenses": 1012000000.0,
        "Diluted Average Shares": 421666667.0,
        "Basic Average Shares": 421666667.0,
        "Diluted EPS": 0.6,
        "Basic EPS": 0.6,
        "Diluted NI Availto Com Stockholders": 253000000.0,
        "Net Income Common Stockholders": 253000000.0,
        "Net Income": 253000000.0,
        "Minority Interests": -9000000.0,
        "Net Income Including Noncontrolling Interests": 262000000.0,
        "Net Income Continuous Operations": 262000000.0,
        "Tax Provision": 151000000.0,
        "Pretax Income": 413000000.0,
        "Other Income Expense": 46000000.0,
        "Special Income Charges": -1000000.0,
        "Write Off": 1000000.0,
        "Earnings From Equity Interest": 62000000.0,
        "Gain On Sale Of Security": -15000000.0,
        "Net Non Operating Interest Income Expense": -2000000.0,
        "Interest Expense Non Operating": 44000000.0,
        "Interest Income Non Operating": 42000000.0,
        "Operating Income": 369000000.0,
        "Operating Expense": 98000000.0,
        "Other Operating Expenses": 63000000.0,
        "Selling General And Administration": 35000000.0,
        "General And Administrative Expense": 35000000.0,
        "Other Gand A": 35000000.0,
        "Gross Profit": 467000000.0,
        "Cost Of Revenue": 914000000.0,
        "Total Revenue": 1381000000.0,
        "Operating Revenue": 1381000000.0
    },
    "2024-09-30": {
        "Tax Effect Of Unusual Items": -9180000.0,
        "Tax Rate For Calcs": 0.27,
        "Normalized EBITDA": 470000000.0,
        "Total Unusual Items": -34000000.0,
        "Total Unusual Items Excluding Goodwill": -34000000.0,
        "Net Income From Continuing Operation Net Minority Interest": 223000000.0,
        "Reconciled Cost Of Revenue": 950000000.0,
        "EBITDA": 436000000.0,
        "EBIT": 436000000.0,
        "Net Interest Income": -9000000.0,
        "Interest Expense": 42000000.0,
        "Interest Income": 33000000.0,
        "Normalized Income": 247820000.0,
        "Net Income From Continuing And Discontinued Operation": 223000000.0,
        "Total Expenses": 1088000000.0,
        "Diluted Average Shares": 420754717.0,
        "Basic Average Shares": 420754717.0,
        "Diluted EPS": 0.53,
        "Basic EPS": 0.53,
        "Diluted NI Availto Com Stockholders": 223000000.0,
        "Net Income Common Stockholders": 223000000.0,
        "Net Income": 223000000.0,
        "Minority Interests": -11000000.0,
        "Net Income Including Noncontrolling Interests": 234000000.0,
        "Net Income Continuous Operations": 234000000.0,
        "Tax Provision": 160000000.0,
        "Pretax Income": 394000000.0,
        "Other Income Expense": NaN,
        "Special Income Charges": -13000000.0,
        "Write Off": 13000000.0,
        "Earnings From Equity Interest": 34000000.0,
        "Gain On Sale Of Security": -21000000.0,
        "Net Non Operating Interest Income Expense": -9000000.0,
        "Interest Expense Non Operating": 42000000.0,
        "Interest Income Non Operating": 33000000.0,
        "Operating Income": 403000000.0,
        "Operating Expense": 138000000.0,
        "Other Operating Expenses": 118000000.0,
        "Selling General And Administration": 20000000.0,
        "General And Administrative Expense": 20000000.0,
        "Other Gand A": 20000000.0,
        "Gross Profit": 541000000.0,
        "Cost Of Revenue": 950000000.0,
        "Total Revenue": 1491000000.0,
        "Operating Revenue": 1491000000.0
    },
    "2023-12-31": {
        "Tax Effect Of Unusual Items": NaN,
        "Tax Rate For Calcs": NaN,
        "Normalized EBITDA": NaN,
        "Total Unusual Items": NaN,
        "Total Unusual Items Excluding Goodwill": NaN,
        "Net Income From Continuing Operation Net Minority Interest": NaN,
        "Reconciled Cost Of Revenue": NaN,
        "EBITDA": NaN,
        "EBIT": NaN,
        "Net Interest Income": NaN,
        "Interest Expense": NaN,
        "Interest Income": NaN,
        "Normalized Income": NaN,
        "Net Income From Continuing And Discontinued Operation": NaN,
        "Total Expenses": NaN,
        "Diluted Average Shares": NaN,
        "Basic Average Shares": NaN,
        "Diluted EPS": NaN,
        "Basic EPS": NaN,
        "Diluted NI Availto Com Stockholders": NaN,
        "Net Income Common Stockholders": NaN,
        "Net Income": NaN,
        "Minority Interests": NaN,
        "Net Income Including Noncontrolling Interests": NaN,
        "Net Income Continuous Operations": NaN,
        "Tax Provision": NaN,
        "Pretax Income": NaN,
        "Other Income Expense": -338000000.0,
        "Special Income Charges": NaN,
        "Write Off": NaN,
        "Earnings From Equity Interest": NaN,
        "Gain On Sale Of Security": NaN,
        "Net Non Operating Interest Income Expense": NaN,
        "Interest Expense Non Operating": NaN,
        "Interest Income Non Operating": NaN,
        "Operating Income": NaN,
        "Operating Expense": NaN,
        "Other Operating Expenses": NaN,
        "Selling General And Administration": NaN,
        "General And Administrative Expense": NaN,
        "Other Gand A": NaN,
        "Gross Profit": NaN,
        "Cost Of Revenue": NaN,
        "Total Revenue": NaN,
        "Operating Revenue": NaN
    },
    "2023-09-30": {
        "Tax Effect Of Unusual Items": NaN,
        "Tax Rate For Calcs": NaN,
        "Normalized EBITDA": NaN,
        "Total Unusual Items": NaN,
        "Total Unusual Items Excluding Goodwill": NaN,
        "Net Income From Continuing Operation Net Minority Interest": NaN,
        "Reconciled Cost Of Revenue": NaN,
        "EBITDA": NaN,
        "EBIT": NaN,
        "Net Interest Income": NaN,
        "Interest Expense": NaN,
        "Interest Income": NaN,
        "Normalized Income": NaN,
        "Net Income From Continuing And Discontinued Operation": NaN,
        "Total Expenses": NaN,
        "Diluted Average Shares": 422641509.0,
        "Basic Average Shares": 422641509.0,
        "Diluted EPS": -0.53,
        "Basic EPS": -0.53,
        "Diluted NI Availto Com Stockholders": NaN,
        "Net Income Common Stockholders": NaN,
        "Net Income": NaN,
        "Minority Interests": NaN,
        "Net Income Including Noncontrolling Interests": NaN,
        "Net Income Continuous Operations": NaN,
        "Tax Provision": NaN,
        "Pretax Income": NaN,
        "Other Income Expense": NaN,
        "Special Income Charges": NaN,
        "Write Off": NaN,
        "Earnings From Equity Interest": NaN,
        "Gain On Sale Of Security": NaN,
        "Net Non Operating Interest Income Expense": NaN,
        "Interest Expense Non Operating": NaN,
        "Interest Income Non Operating": NaN,
        "Operating Income": NaN,
        "Operating Expense": NaN,
        "Other Operating Expenses": NaN,
        "Selling General And Administration": NaN,
        "General And Administrative Expense": NaN,
        "Other Gand A": NaN,
        "Gross Profit": NaN,
        "Cost Of Revenue": NaN,
        "Total Revenue": NaN,
        "Operating Revenue": NaN
    },
    "2024-12-31": {
        "Tax Effect Of Unusual Items": 9060171.919771,
        "Tax Rate For Calcs": 0.292264,
        "Normalized EBITDA": 702000000.0,
        "Total Unusual Items": 31000000.0,
        "Total Unusual Items Excluding Goodwill": 31000000.0,
        "Net Income From Continuing Operation Net Minority Interest": 470000000.0,
        "Reconciled Cost Of Revenue": 973000000.0,
        "EBITDA": 733000000.0,
        "EBIT": 733000000.0,
        "Net Interest Income": -3000000.0,
        "Interest Expense": 35000000.0,
        "Interest Income": 32000000.0,
        "Normalized Income": 448060171.919771,
        "Net Income From Continuing And Discontinued Operation": 470000000.0,
        "Total Expenses": 1106000000.0,
        "Diluted Average Shares": NaN,
        "Basic Average Shares": NaN,
        "Diluted EPS": NaN,
        "Basic EPS": NaN,
        "Diluted NI Availto Com Stockholders": 470000000.0,
        "Net Income Common Stockholders": 470000000.0,
        "Net Income": 470000000.0,
        "Minority Interests": -24000000.0,
        "Net Income Including Noncontrolling Interests": 494000000.0,
        "Net Income Continuous Operations": 494000000.0,
        "Tax Provision": 204000000.0,
        "Pretax Income": 698000000.0,
        "Other Income Expense": 57000000.0,
        "Special Income Charges": 72000000.0,
        "Write Off": -72000000.0,
        "Earnings From Equity Interest": 26000000.0,
        "Gain On Sale Of Security": -41000000.0,
        "Net Non Operating Interest Income Expense": -3000000.0,
        "Interest Expense Non Operating": 35000000.0,
        "Interest Income Non Operating": 32000000.0,
        "Operating Income": 644000000.0,
        "Operating Expense": 133000000.0,
        "Other Operating Expenses": 16000000.0,
        "Selling General And Administration": 76000000.0,
        "General And Administrative Expense": 76000000.0,
        "Other Gand A": 73000000.0,
        "Gross Profit": 777000000.0,
        "Cost Of Revenue": 973000000.0,
        "Total Revenue": 1750000000.0,
        "Operating Revenue": 1630000000.0
    },
    "2025-03-31": {
        "Tax Effect Of Unusual Items": -10260631.001372,
        "Tax Rate For Calcs": 0.256516,
        "Normalized EBITDA": 810000000.0,
        "Total Unusual Items": -40000000.0,
        "Total Unusual Items Excluding Goodwill": -40000000.0,
        "Net Income From Continuing Operation Net Minority Interest": 443000000.0,
        "Reconciled Cost Of Revenue": 1124000000.0,
        "EBITDA": 770000000.0,
        "EBIT": 770000000.0,
        "Net Interest Income": -9000000.0,
        "Interest Expense": 41000000.0,
        "Interest Income": 32000000.0,
        "Normalized Income": 472739368.998628,
        "Net Income From Continuing And Discontinued Operation": 443000000.0,
        "Total Expenses": 1216000000.0,
        "Diluted Average Shares": 503409091.0,
        "Basic Average Shares": 503409091.0,
        "Diluted EPS": 0.88,
        "Basic EPS": 0.88,
        "Diluted NI Availto Com Stockholders": 443000000.0,
        "Net Income Common Stockholders": 443000000.0,
        "Net Income": 443000000.0,
        "Minority Interests": -99000000.0,
        "Net Income Including Noncontrolling Interests": 542000000.0,
        "Net Income Continuous Operations": 542000000.0,
        "Tax Provision": 187000000.0,
        "Pretax Income": 729000000.0,
        "Other Income Expense": -9000000.0,
        "Special Income Charges": -1000000.0,
        "Write Off": 1000000.0,
        "Earnings From Equity Interest": 31000000.0,
        "Gain On Sale Of Security": -39000000.0,
        "Net Non Operating Interest Income Expense": -9000000.0,
        "Interest Expense Non Operating": 41000000.0,
        "Interest Income Non Operating": 32000000.0,
        "Operating Income": 747000000.0,
        "Operating Expense": 92000000.0,
        "Other Operating Expenses": 65000000.0,
        "Selling General And Administration": 27000000.0,
        "General And Administrative Expense": 27000000.0,
        "Other Gand A": 27000000.0,
        "Gross Profit": 839000000.0,
        "Cost Of Revenue": 1124000000.0,
        "Total Revenue": 1963000000.0,
        "Operating Revenue": 1963000000.0
    },
    "2024-03-31": {
        "Tax Effect Of Unusual Items": -8100000.0,
        "Tax Rate For Calcs": 0.27,
        "Normalized EBITDA": 237000000.0,
        "Total Unusual Items": -30000000.0,
        "Total Unusual Items Excluding Goodwill": -30000000.0,
        "Net Income From Continuing Operation Net Minority Interest": 58000000.0,
        "Reconciled Cost Of Revenue": 869000000.0,
        "EBITDA": 207000000.0,
        "EBIT": 207000000.0,
        "Net Interest Income": 7000000.0,
        "Interest Expense": 40000000.0,
        "Interest Income": 47000000.0,
        "Normalized Income": 79900000.0,
        "Net Income From Continuing And Discontinued Operation": 58000000.0,
        "Total Expenses": 1014000000.0,
        "Diluted Average Shares": 414285714.0,
        "Basic Average Shares": 414285714.0,
        "Diluted EPS": 0.14,
        "Basic EPS": 0.14,
        "Diluted NI Availto Com Stockholders": 58000000.0,
        "Net Income Common Stockholders": 58000000.0,
        "Net Income": 58000000.0,
        "Minority Interests": -1000000.0,
        "Net Income Including Noncontrolling Interests": 59000000.0,
        "Net Income Continuous Operations": 59000000.0,
        "Tax Provision": 108000000.0,
        "Pretax Income": 167000000.0,
        "Other Income Expense": 3000000.0,
        "Special Income Charges": 0.0,
        "Write Off": 0.0,
        "Earnings From Equity Interest": 33000000.0,
        "Gain On Sale Of Security": -30000000.0,
        "Net Non Operating Interest Income Expense": 7000000.0,
        "Interest Expense Non Operating": 40000000.0,
        "Interest Income Non Operating": 47000000.0,
        "Operating Income": 157000000.0,
        "Operating Expense": 145000000.0,
        "Other Operating Expenses": 114000000.0,
        "Selling General And Administration": 31000000.0,
        "General And Administrative Expense": 31000000.0,
        "Other Gand A": 31000000.0,
        "Gross Profit": 302000000.0,
        "Cost Of Revenue": 869000000.0,
        "Total Revenue": 1171000000.0,
        "Operating Revenue": 1171000000.0
    }
}