{
    "2023-06-30": {
        "Tax Effect Of Unusual Items": 0.0,
        "Tax Rate For Calcs": 0.129964,
        "Net Income From Continuing Operation Net Minority Interest": 1928000.0,
        "Reconciled Depreciation": 435000.0,
        "Net Interest Income": 6888000.0,
        "Interest Expense": 1505000.0,
        "Interest Income": 8393000.0,
        "Normalized Income": 1928000.0,
        "Net Income From Continuing And Discontinued Operation": 1928000.0,
        "Diluted Average Shares": 3500267.0,
        "Basic Average Shares": 3500267.0,
        "Diluted EPS": 0.55,
        "Basic EPS": 0.55,
        "Diluted NI Availto Com Stockholders": 1928000.0,
        "Net Income Common Stockholders": 1928000.0,
        "Net Income": 1928000.0,
        "Net Income Including Noncontrolling Interests": 1928000.0,
        "Net Income Continuous Operations": 1928000.0,
        "Tax Provision": 288000.0,
        "Pretax Income": 2216000.0,
        "Gain On Sale Of Security": NaN,
        "Selling General And Administration": 3038000.0,
        "General And Administrative Expense": 3038000.0,
        "Salaries And Wages": 3038000.0,
        "Total Revenue": 7679000.0,
        "Operating Revenue": 7679000.0,
        "Occupancy And Equipment": 787000.0,
        "Professional Expense And Contract Services Expense": 299000.0,
        "Other Non Interest Expense": 1701000.0
    },
    "2023-03-31": {
        "Tax Effect Of Unusual Items": 0.0,
        "Tax Rate For Calcs": 0.1197,
        "Net Income From Continuing Operation Net Minority Interest": 1964000.0,
        "Reconciled Depreciation": 423000.0,
        "Net Interest Income": 7109000.0,
        "Interest Expense": 1126000.0,
        "Interest Income": 8235000.0,
        "Normalized Income": 1964000.0,
        "Net Income From Continuing And Discontinued Operation": 1964000.0,
        "Diluted Average Shares": 3502143.0,
        "Basic Average Shares": 3502143.0,
        "Diluted EPS": 0.56,
        "Basic EPS": 0.56,
        "Diluted NI Availto Com Stockholders": 1964000.0,
        "Net Income Common Stockholders": 1964000.0,
        "Net Income": 1964000.0,
        "Net Income Including Noncontrolling Interests": 1964000.0,
        "Net Income Continuous Operations": 1964000.0,
        "Tax Provision": 267000.0,
        "Pretax Income": 2231000.0,
        "Gain On Sale Of Security": NaN,
        "Selling General And Administration": 2927000.0,
        "General And Administrative Expense": 2927000.0,
        "Salaries And Wages": 2927000.0,
        "Total Revenue": 7901000.0,
        "Operating Revenue": 7901000.0,
        "Occupancy And Equipment": 799000.0,
        "Professional Expense And Contract Services Expense": 338000.0,
        "Other Non Interest Expense": 1540000.0
    },
    "2022-12-31": {
        "Tax Effect Of Unusual Items": NaN,
        "Tax Rate For Calcs": NaN,
        "Net Income From Continuing Operation Net Minority Interest": NaN,
        "Reconciled Depreciation": NaN,
        "Net Interest Income": NaN,
        "Interest Expense": NaN,
        "Interest Income": NaN,
        "Normalized Income": NaN,
        "Net Income From Continuing And Discontinued Operation": NaN,
        "Diluted Average Shares": NaN,
        "Basic Average Shares": NaN,
        "Diluted EPS": NaN,
        "Basic EPS": NaN,
        "Diluted NI Availto Com Stockholders": NaN,
        "Net Income Common Stockholders": NaN,
        "Net Income": NaN,
        "Net Income Including Noncontrolling Interests": NaN,
        "Net Income Continuous Operations": NaN,
        "Tax Provision": NaN,
        "Pretax Income": NaN,
        "Gain On Sale Of Security": -32000.0,
        "Selling General And Administration": NaN,
        "General And Administrative Expense": NaN,
        "Salaries And Wages": NaN,
        "Total Revenue": NaN,
        "Operating Revenue": NaN,
        "Occupancy And Equipment": NaN,
        "Professional Expense And Contract Services Expense": NaN,
        "Other Non Interest Expense": NaN
    },
    "2022-09-30": {
        "Tax Effect Of Unusual Items": NaN,
        "Tax Rate For Calcs": NaN,
        "Net Income From Continuing Operation Net Minority Interest": NaN,
        "Reconciled Depreciation": NaN,
        "Net Interest Income": NaN,
        "Interest Expense": NaN,
        "Interest Income": NaN,
        "Normalized Income": NaN,
        "Net Income From Continuing And Discontinued Operation": NaN,
        "Diluted Average Shares": NaN,
        "Basic Average Shares": NaN,
        "Diluted EPS": NaN,
        "Basic EPS": NaN,
        "Diluted NI Availto Com Stockholders": NaN,
        "Net Income Common Stockholders": NaN,
        "Net Income": NaN,
        "Net Income Including Noncontrolling Interests": NaN,
        "Net Income Continuous Operations": NaN,
        "Tax Provision": NaN,
        "Pretax Income": NaN,
        "Gain On Sale Of Security": 44000.0,
        "Selling General And Administration": NaN,
        "General And Administrative Expense": NaN,
        "Salaries And Wages": NaN,
        "Total Revenue": NaN,
        "Operating Revenue": NaN
    },
    "2022-06-30": {
        "Tax Effect Of Unusual Items": 0.0,
        "Tax Rate For Calcs": 0.1677,
        "Net Income From Continuing Operation Net Minority Interest": 1801000.0,
        "Reconciled Depreciation": 387000.0,
        "Net Interest Income": 6374000.0,
        "Interest Expense": 557000.0,
        "Interest Income": 6374000.0,
        "Normalized Income": 1801000.0,
        "Net Income From Continuing And Discontinued Operation": 1801000.0,
        "Diluted Average Shares": 3513353.0,
        "Basic Average Shares": 3513353.0,
        "Diluted EPS": 0.51,
        "Basic EPS": 0.51,
        "Diluted NI Availto Com Stockholders": 1801000.0,
        "Net Income Common Stockholders": 1801000.0,
        "Net Income": 1801000.0,
        "Net Income Including Noncontrolling Interests": 1801000.0,
        "Net Income Continuous Operations": 1801000.0,
        "Tax Provision": 363000.0,
        "Pretax Income": 2164000.0,
        "Gain On Sale Of Security": NaN,
        "Selling General And Administration": 2976000.0,
        "General And Administrative Expense": 2976000.0,
        "Salaries And Wages": 2976000.0,
        "Total Revenue": 7222000.0,
        "Operating Revenue": 7222000.0
    },
    "2022-03-31": {
        "Diluted EPS": 0.59,
        "Total Revenue": 8,
        "Gross Profit": 7,
        "Operating Income": 2,
        "EBIT": NaN,
        "Net Income": 2
    },
    "2021-12-31": {
        "Diluted EPS": 0.53,
        "Total Revenue": 8,
        "Gross Profit": 7,
        "Operating Income": 2,
        "EBIT": NaN,
        "Net Income": 2
    },
    "2021-09-30": {
        "Diluted EPS": 0.53,
        "Total Revenue": 8,
        "Gross Profit": 7,
        "Operating Income": 2,
        "EBIT": NaN,
        "Net Income": 2
    },
    "2021-06-30": {
        "Diluted EPS": 0.65,
        "Total Revenue": 8,
        "Gross Profit": 7,
        "Operating Income": 3,
        "EBIT": NaN,
        "Net Income": 2
    },
    "2021-03-31": {
        "Diluted EPS": 0.56,
        "Total Revenue": 8,
        "Gross Profit": 7,
        "Operating Income": 2,
        "EBIT": NaN,
        "Net Income": 2
    },
    "2020-12-31": {
        "Diluted EPS": 0.58,
        "Total Revenue": 8,
        "Gross Profit": 8,
        "Operating Income": 3,
        "EBIT": NaN,
        "Net Income": 2
    },
    "2020-09-30": {
        "Diluted EPS": 0.54,
        "Total Revenue": 8,
        "Gross Profit": 7,
        "Operating Income": 2,
        "EBIT": NaN,
        "Net Income": 2
    },
    "2020-06-30": {
        "Diluted EPS": 0.47,
        "Total Revenue": 8,
        "Gross Profit": 7,
        "Operating Income": 2,
        "EBIT": NaN,
        "Net Income": 2
    },
    "2020-03-31": {
        "Diluted EPS": 0.5,
        "Total Revenue": 8,
        "Gross Profit": 7,
        "Operating Income": 2,
        "EBIT": NaN,
        "Net Income": 2
    },
    "2019-12-31": {
        "Diluted EPS": 0.76,
        "Total Revenue": 10,
        "Gross Profit": 9,
        "Operating Income": 3,
        "EBIT": NaN,
        "Net Income": 3
    },
    "2019-09-30": {
        "Diluted EPS": 0.62,
        "Total Revenue": 9,
        "Gross Profit": 8,
        "Operating Income": 3,
        "EBIT": NaN,
        "Net Income": 2
    },
    "2019-06-30": {
        "Diluted EPS": 0.64,
        "Total Revenue": 8,
        "Gross Profit": 7,
        "Operating Income": 3,
        "EBIT": NaN,
        "Net Income": 2
    },
    "2019-03-31": {
        "Diluted EPS": 0.7,
        "Total Revenue": 9,
        "Gross Profit": 8,
        "Operating Income": 3,
        "EBIT": NaN,
        "Net Income": 3
    },
    "2018-12-31": {
        "Diluted EPS": 0.66,
        "Total Revenue": 8,
        "Gross Profit": 7,
        "Operating Income": 3,
        "EBIT": NaN,
        "Net Income": 2
    },
    "2018-09-30": {
        "Diluted EPS": 0.54,
        "Total Revenue": 8,
        "Gross Profit": 7,
        "Operating Income": 2,
        "EBIT": NaN,
        "Net Income": 2
    },
    "2018-06-30": {
        "Diluted EPS": 0.62,
        "Total Revenue": 8,
        "Gross Profit": 7,
        "Operating Income": 3,
        "EBIT": NaN,
        "Net Income": 2
    },
    "2018-03-31": {
        "Diluted EPS": 0.6,
        "Total Revenue": 8,
        "Gross Profit": 7,
        "Operating Income": 3,
        "EBIT": NaN,
        "Net Income": 2
    },
    "2017-12-31": {
        "Diluted EPS": 0.49,
        "Total Revenue": 8,
        "Gross Profit": 7,
        "Operating Income": 3,
        "EBIT": NaN,
        "Net Income": 2
    },
    "2017-09-30": {
        "Diluted EPS": 0.59,
        "Total Revenue": 8,
        "Gross Profit": 7,
        "Operating Income": 3,
        "EBIT": NaN,
        "Net Income": 2
    },
    "2017-06-30": {
        "Diluted EPS": 0.55,
        "Total Revenue": 8,
        "Gross Profit": 7,
        "Operating Income": 3,
        "EBIT": NaN,
        "Net Income": 2
    },
    "2017-03-31": {
        "Diluted EPS": 0.52,
        "Total Revenue": 8,
        "Gross Profit": 7,
        "Operating Income": 3,
        "EBIT": NaN,
        "Net Income": 2
    },
    "2016-12-31": {
        "Diluted EPS": 0.57,
        "Total Revenue": 7,
        "Gross Profit": 6,
        "Operating Income": 3,
        "EBIT": NaN,
        "Net Income": 2
    },
    "2016-09-30": {
        "Diluted EPS": 0.54,
        "Total Revenue": 8,
        "Gross Profit": 7,
        "Operating Income": 3,
        "EBIT": NaN,
        "Net Income": 2
    },
    "2016-06-30": {
        "Diluted EPS": 0.53,
        "Total Revenue": 8,
        "Gross Profit": 7,
        "Operating Income": 3,
        "EBIT": NaN,
        "Net Income": 2
    },
    "2016-03-31": {
        "Diluted EPS": 0.6,
        "Total Revenue": 8,
        "Gross Profit": 7,
        "Operating Income": 3,
        "EBIT": NaN,
        "Net Income": 2
    },
    "2015-12-31": {
        "Diluted EPS": 0.54,
        "Total Revenue": 8,
        "Gross Profit": 7,
        "Operating Income": 3,
        "EBIT": NaN,
        "Net Income": 2
    },
    "2015-09-30": {
        "Diluted EPS": 0.52,
        "Total Revenue": 8,
        "Gross Profit": 7,
        "Operating Income": 3,
        "EBIT": NaN,
        "Net Income": 2
    },
    "2015-06-30": {
        "Diluted EPS": 0.59,
        "Total Revenue": 8,
        "Gross Profit": 7,
        "Operating Income": 3,
        "EBIT": NaN,
        "Net Income": 2
    },
    "2015-03-31": {
        "Diluted EPS": 0.51,
        "Total Revenue": 8,
        "Gross Profit": 7,
        "Operating Income": 3,
        "EBIT": NaN,
        "Net Income": 2
    },
    "2014-12-31": {
        "Diluted EPS": 0.52,
        "Total Revenue": 8,
        "Gross Profit": 7,
        "Operating Income": 3,
        "EBIT": NaN,
        "Net Income": 2
    },
    "2014-09-30": {
        "Diluted EPS": 0.51,
        "Total Revenue": 8,
        "Gross Profit": 6,
        "Operating Income": 3,
        "EBIT": NaN,
        "Net Income": 2
    },
    "2014-06-30": {
        "Diluted EPS": 0.51,
        "Total Revenue": 8,
        "Gross Profit": 6,
        "Operating Income": 3,
        "EBIT": NaN,
        "Net Income": 2
    },
    "2014-03-31": {
        "Diluted EPS": 0.5,
        "Total Revenue": 7,
        "Gross Profit": 6,
        "Operating Income": 2,
        "EBIT": NaN,
        "Net Income": 2
    },
    "2013-12-31": {
        "Diluted EPS": 0.48,
        "Total Revenue": 9,
        "Gross Profit": 7,
        "Operating Income": 2,
        "EBIT": NaN,
        "Net Income": 2
    },
    "2013-09-30": {
        "Diluted EPS": 0.49,
        "Total Revenue": 8,
        "Gross Profit": 7,
        "Operating Income": 2,
        "EBIT": NaN,
        "Net Income": 2
    },
    "2013-06-30": {
        "Diluted EPS": 0.52,
        "Total Revenue": 9,
        "Gross Profit": 7,
        "Operating Income": 3,
        "EBIT": NaN,
        "Net Income": 2
    },
    "2013-03-31": {
        "Diluted EPS": 0.46,
        "Total Revenue": 9,
        "Gross Profit": 7,
        "Operating Income": 2,
        "EBIT": NaN,
        "Net Income": 2
    },
    "2012-12-31": {
        "Diluted EPS": 0.46,
        "Total Revenue": 9,
        "Gross Profit": 7,
        "Operating Income": 2,
        "EBIT": NaN,
        "Net Income": 2
    },
    "2012-09-30": {
        "Diluted EPS": 0.44,
        "Total Revenue": 9,
        "Gross Profit": 7,
        "Operating Income": 2,
        "EBIT": NaN,
        "Net Income": 2
    },
    "2012-06-30": {
        "Diluted EPS": 0.56,
        "Total Revenue": 9,
        "Gross Profit": 7,
        "Operating Income": 2,
        "EBIT": NaN,
        "Net Income": 2
    },
    "2012-03-31": {
        "Diluted EPS": 0.4,
        "Total Revenue": 12,
        "Gross Profit": 10,
        "Operating Income": 2,
        "EBIT": NaN,
        "Net Income": 1
    },
    "2011-12-31": {
        "Diluted EPS": 0.31,
        "Total Revenue": 9,
        "Gross Profit": 6,
        "Operating Income": 1,
        "EBIT": NaN,
        "Net Income": 1
    },
    "2011-09-30": {
        "Diluted EPS": 0.38,
        "Total Revenue": 9,
        "Gross Profit": 6,
        "Operating Income": 1,
        "EBIT": NaN,
        "Net Income": 1
    },
    "2011-06-30": {
        "Diluted EPS": 0.4,
        "Total Revenue": 9,
        "Gross Profit": 6,
        "Operating Income": 1,
        "EBIT": NaN,
        "Net Income": 1
    },
    "2011-03-31": {
        "Diluted EPS": 0.43,
        "Total Revenue": 9,
        "Gross Profit": 6,
        "Operating Income": 2,
        "EBIT": NaN,
        "Net Income": 2
    },
    "2010-12-31": {
        "Diluted EPS": 0.25,
        "Total Revenue": 8,
        "Gross Profit": 4,
        "Operating Income": 1,
        "EBIT": NaN,
        "Net Income": 1
    },
    "2010-09-30": {
        "Diluted EPS": 0.34,
        "Total Revenue": 10,
        "Gross Profit": 7,
        "Operating Income": 1,
        "EBIT": NaN,
        "Net Income": 1
    },
    "2010-06-30": {
        "Diluted EPS": 0.44,
        "Total Revenue": 11,
        "Gross Profit": 7,
        "Operating Income": 2,
        "EBIT": NaN,
        "Net Income": 2
    },
    "2010-03-31": {
        "Diluted EPS": 0.44,
        "Total Revenue": 11,
        "Gross Profit": 7,
        "Operating Income": 2,
        "EBIT": NaN,
        "Net Income": 2
    },
    "2009-12-31": {
        "Diluted EPS": 0.06,
        "Total Revenue": 9,
        "Gross Profit": 5,
        "Operating Income": -1,
        "EBIT": NaN,
        "Net Income": 0
    },
    "2009-09-30": {
        "Diluted EPS": 0.28,
        "Total Revenue": 10,
        "Gross Profit": 6,
        "Operating Income": 1,
        "EBIT": NaN,
        "Net Income": 1
    },
    "2009-06-30": {
        "Diluted EPS": 0.25,
        "Total Revenue": 11,
        "Gross Profit": 6,
        "Operating Income": 1,
        "EBIT": NaN,
        "Net Income": 1
    },
    "2009-03-31": {
        "Diluted EPS": 0.07,
        "Total Revenue": 9,
        "Gross Profit": 4,
        "Operating Income": 0,
        "EBIT": NaN,
        "Net Income": 0
    },
    "2023-09-30": {
        "Tax Effect Of Unusual Items": 0.0,
        "Tax Rate For Calcs": 0.108982,
        "Net Income From Continuing Operation Net Minority Interest": 1488000.0,
        "Reconciled Depreciation": 420000.0,
        "Net Interest Income": 6272000.0,
        "Interest Expense": 2371000.0,
        "Interest Income": 8643000.0,
        "Normalized Income": 1488000.0,
        "Net Income From Continuing And Discontinued Operation": 1488000.0,
        "Diluted Average Shares": 3496411.0,
        "Basic Average Shares": 3496411.0,
        "Diluted EPS": 0.43,
        "Basic EPS": 0.43,
        "Diluted NI Availto Com Stockholders": 1488000.0,
        "Net Income Common Stockholders": 1488000.0,
        "Net Income": 1488000.0,
        "Net Income Including Noncontrolling Interests": 1488000.0,
        "Net Income Continuous Operations": 1488000.0,
        "Tax Provision": 182000.0,
        "Pretax Income": 1670000.0,
        "Gain On Sale Of Security": 0.0,
        "Selling General And Administration": 2844000.0,
        "General And Administrative Expense": 2844000.0,
        "Salaries And Wages": 2844000.0,
        "Total Revenue": 7137000.0,
        "Operating Revenue": 7137000.0,
        "Occupancy And Equipment": 755000.0,
        "Professional Expense And Contract Services Expense": 261000.0,
        "Other Non Interest Expense": 1502000.0
    },
    "2023-12-31": {
        "Tax Effect Of Unusual Items": 0.0,
        "Tax Rate For Calcs": 0.275323,
        "Net Income From Continuing Operation Net Minority Interest": -3985000.0,
        "Reconciled Depreciation": 422000.0,
        "Net Interest Income": 6059000.0,
        "Interest Expense": 3044000.0,
        "Interest Income": 9103000.0,
        "Normalized Income": -3985000.0,
        "Net Income From Continuing And Discontinued Operation": -3985000.0,
        "Diluted Average Shares": 3493614.0,
        "Basic Average Shares": 3493614.0,
        "Diluted EPS": -1.14,
        "Basic EPS": -1.14,
        "Diluted NI Availto Com Stockholders": -3985000.0,
        "Net Income Common Stockholders": -3985000.0,
        "Net Income": -3985000.0,
        "Net Income Including Noncontrolling Interests": -3985000.0,
        "Net Income Continuous Operations": -3985000.0,
        "Tax Provision": -1514000.0,
        "Pretax Income": -5499000.0,
        "Gain On Sale Of Security": -6295000.0,
        "Selling General And Administration": 3923000.0,
        "General And Administrative Expense": 3923000.0,
        "Salaries And Wages": 3292000.0,
        "Total Revenue": 630000.0,
        "Operating Revenue": 630000.0,
        "Occupancy And Equipment": 613000.0,
        "Professional Expense And Contract Services Expense": 401000.0,
        "Other Non Interest Expense": 866000.0
    },
    "2024-03-31": {
        "Tax Effect Of Unusual Items": 0.0,
        "Tax Rate For Calcs": 0.1068,
        "Net Income From Continuing Operation Net Minority Interest": 1371000.0,
        "Reconciled Depreciation": 434000.0,
        "Net Interest Income": 6657000.0,
        "Interest Expense": 2572000.0,
        "Interest Income": 9229000.0,
        "Normalized Income": 1371000.0,
        "Net Income From Continuing And Discontinued Operation": 1371000.0,
        "Diluted Average Shares": 3493663.0,
        "Basic Average Shares": 3493663.0,
        "Diluted EPS": 0.39,
        "Basic EPS": 0.39,
        "Diluted NI Availto Com Stockholders": 1371000.0,
        "Net Income Common Stockholders": 1371000.0,
        "Net Income": 1371000.0,
        "Net Income Including Noncontrolling Interests": 1371000.0,
        "Net Income Continuous Operations": 1371000.0,
        "Tax Provision": 164000.0,
        "Pretax Income": 1535000.0,
        "Gain On Sale Of Security": NaN,
        "Selling General And Administration": 3071000.0,
        "General And Administrative Expense": 3071000.0,
        "Salaries And Wages": 3071000.0,
        "Total Revenue": 7544000.0,
        "Operating Revenue": 7544000.0,
        "Occupancy And Equipment": 763000.0,
        "Professional Expense And Contract Services Expense": 326000.0,
        "Other Non Interest Expense": 1515000.0
    },
    "2024-06-30": {
        "Tax Effect Of Unusual Items": 0.0,
        "Tax Rate For Calcs": 0.215,
        "Net Income From Continuing Operation Net Minority Interest": 1734000.0,
        "Reconciled Depreciation": 468000.0,
        "Net Interest Income": 6709000.0,
        "Interest Expense": 2875000.0,
        "Interest Income": 9584000.0,
        "Normalized Income": 1734000.0,
        "Net Income From Continuing And Discontinued Operation": 1734000.0,
        "Diluted Average Shares": 3493699.0,
        "Basic Average Shares": 3493699.0,
        "Diluted EPS": 0.5,
        "Basic EPS": 0.5,
        "Diluted NI Availto Com Stockholders": 1734000.0,
        "Net Income Common Stockholders": 1734000.0,
        "Net Income": 1734000.0,
        "Net Income Including Noncontrolling Interests": 1734000.0,
        "Net Income Continuous Operations": 1734000.0,
        "Tax Provision": 475000.0,
        "Pretax Income": 2209000.0,
        "Gain On Sale Of Security": NaN,
        "Selling General And Administration": 3140000.0,
        "General And Administrative Expense": 3140000.0,
        "Salaries And Wages": 3140000.0,
        "Total Revenue": 7605000.0,
        "Operating Revenue": 7605000.0,
        "Occupancy And Equipment": 603000.0,
        "Professional Expense And Contract Services Expense": 314000.0,
        "Other Non Interest Expense": 1462000.0
    },
    "2024-09-30": {
        "Tax Effect Of Unusual Items": 0.0,
        "Tax Rate For Calcs": 0.234644,
        "Net Income From Continuing Operation Net Minority Interest": 1732000.0,
        "Reconciled Depreciation": 500000.0,
        "Net Interest Income": 6790000.0,
        "Interest Expense": 3169000.0,
        "Interest Income": 9959000.0,
        "Normalized Income": 1732000.0,
        "Net Income From Continuing And Discontinued Operation": 1732000.0,
        "Diluted Average Shares": 3493699.0,
        "Basic Average Shares": 3493699.0,
        "Diluted EPS": 0.5,
        "Basic EPS": 0.5,
        "Diluted NI Availto Com Stockholders": 1732000.0,
        "Net Income Common Stockholders": 1732000.0,
        "Net Income": 1732000.0,
        "Net Income Including Noncontrolling Interests": 1732000.0,
        "Net Income Continuous Operations": 1732000.0,
        "Tax Provision": 531000.0,
        "Pretax Income": 2263000.0,
        "Gain On Sale Of Security": NaN,
        "Selling General And Administration": 3148000.0,
        "General And Administrative Expense": 3148000.0,
        "Salaries And Wages": 3148000.0,
        "Total Revenue": 7636000.0,
        "Operating Revenue": 7636000.0,
        "Occupancy And Equipment": 614000.0,
        "Professional Expense And Contract Services Expense": 291000.0,
        "Other Non Interest Expense": 1447000.0
    }
}