{
    "2023-03-31": {
        "Tax Effect Of Unusual Items": NaN,
        "Tax Rate For Calcs": NaN,
        "Normalized EBITDA": NaN,
        "Total Unusual Items": NaN,
        "Total Unusual Items Excluding Goodwill": NaN,
        "Net Income From Continuing Operation Net Minority Interest": NaN,
        "Reconciled Depreciation": NaN,
        "EBITDA": NaN,
        "EBIT": NaN,
        "Net Interest Income": NaN,
        "Interest Expense": NaN,
        "Interest Income": 0.0,
        "Normalized Income": NaN,
        "Net Income From Continuing And Discontinued Operation": NaN,
        "Total Expenses": NaN,
        "Total Operating Income As Reported": NaN,
        "Diluted Average Shares": 3180538.0,
        "Basic Average Shares": 3180538.0,
        "Diluted EPS": -0.56,
        "Basic EPS": -0.56,
        "Diluted NI Availto Com Stockholders": NaN,
        "Net Income Common Stockholders": NaN,
        "Net Income": NaN,
        "Net Income Including Noncontrolling Interests": NaN,
        "Net Income Discontinuous Operations": NaN,
        "Net Income Continuous Operations": NaN,
        "Tax Provision": NaN,
        "Pretax Income": NaN,
        "Other Income Expense": NaN,
        "Other Non Operating Income Expenses": NaN,
        "Special Income Charges": NaN,
        "Other Special Charges": NaN,
        "Net Non Operating Interest Income Expense": NaN,
        "Interest Expense Non Operating": NaN,
        "Interest Income Non Operating": 0.0,
        "Operating Income": NaN,
        "Operating Expense": NaN,
        "Depreciation Amortization Depletion Income Statement": NaN,
        "Depreciation And Amortization In Income Statement": NaN,
        "Research And Development": NaN,
        "Selling General And Administration": NaN,
        "General And Administrative Expense": NaN,
        "Other Gand A": NaN,
        "Total Revenue": NaN,
        "Operating Revenue": NaN
    },
    "2022-12-31": {
        "Tax Effect Of Unusual Items": NaN,
        "Tax Rate For Calcs": NaN,
        "Normalized EBITDA": NaN,
        "Total Unusual Items": NaN,
        "Total Unusual Items Excluding Goodwill": NaN,
        "Net Income From Continuing Operation Net Minority Interest": NaN,
        "Reconciled Depreciation": NaN,
        "EBITDA": NaN,
        "EBIT": NaN,
        "Net Interest Income": NaN,
        "Interest Expense": NaN,
        "Interest Income": NaN,
        "Normalized Income": NaN,
        "Net Income From Continuing And Discontinued Operation": NaN,
        "Total Expenses": NaN,
        "Total Operating Income As Reported": NaN,
        "Diluted Average Shares": NaN,
        "Basic Average Shares": NaN,
        "Diluted EPS": NaN,
        "Basic EPS": NaN,
        "Diluted NI Availto Com Stockholders": NaN,
        "Net Income Common Stockholders": NaN,
        "Net Income": NaN,
        "Net Income Including Noncontrolling Interests": NaN,
        "Net Income Discontinuous Operations": NaN,
        "Net Income Continuous Operations": NaN,
        "Tax Provision": NaN,
        "Pretax Income": NaN,
        "Other Income Expense": -1100180.0,
        "Other Non Operating Income Expenses": 1687.0,
        "Special Income Charges": NaN,
        "Other Special Charges": NaN,
        "Net Non Operating Interest Income Expense": NaN,
        "Interest Expense Non Operating": NaN,
        "Interest Income Non Operating": NaN,
        "Operating Income": NaN,
        "Operating Expense": NaN,
        "Depreciation Amortization Depletion Income Statement": NaN,
        "Depreciation And Amortization In Income Statement": NaN,
        "Research And Development": NaN,
        "Selling General And Administration": NaN,
        "General And Administrative Expense": NaN,
        "Other Gand A": NaN,
        "Total Revenue": NaN,
        "Operating Revenue": NaN
    },
    "2022-09-30": {
        "Tax Effect Of Unusual Items": NaN,
        "Tax Rate For Calcs": NaN,
        "Normalized EBITDA": NaN,
        "Total Unusual Items": 0.0,
        "Total Unusual Items Excluding Goodwill": 0.0,
        "Net Income From Continuing Operation Net Minority Interest": NaN,
        "Reconciled Depreciation": NaN,
        "EBITDA": NaN,
        "EBIT": NaN,
        "Net Interest Income": NaN,
        "Interest Expense": NaN,
        "Interest Income": NaN,
        "Normalized Income": NaN,
        "Net Income From Continuing And Discontinued Operation": NaN,
        "Total Expenses": NaN,
        "Total Operating Income As Reported": NaN,
        "Diluted Average Shares": 3102745.0,
        "Basic Average Shares": 3102745.0,
        "Diluted EPS": -2.05,
        "Basic EPS": -2.05,
        "Diluted NI Availto Com Stockholders": NaN,
        "Net Income Common Stockholders": NaN,
        "Net Income": NaN,
        "Net Income Including Noncontrolling Interests": NaN,
        "Net Income Discontinuous Operations": NaN,
        "Net Income Continuous Operations": NaN,
        "Tax Provision": NaN,
        "Pretax Income": NaN,
        "Other Income Expense": -42148.0,
        "Other Non Operating Income Expenses": -42148.0,
        "Special Income Charges": 0.0,
        "Other Special Charges": NaN,
        "Net Non Operating Interest Income Expense": NaN,
        "Interest Expense Non Operating": NaN,
        "Interest Income Non Operating": NaN,
        "Operating Income": NaN,
        "Operating Expense": NaN,
        "Depreciation Amortization Depletion Income Statement": NaN,
        "Depreciation And Amortization In Income Statement": NaN,
        "Research And Development": NaN,
        "Selling General And Administration": NaN,
        "General And Administrative Expense": NaN,
        "Other Gand A": NaN,
        "Total Revenue": NaN,
        "Operating Revenue": NaN
    },
    "2022-06-30": {
        "Tax Effect Of Unusual Items": 0.0,
        "Tax Rate For Calcs": 0.4,
        "Normalized EBITDA": -5655494.0,
        "Total Unusual Items": NaN,
        "Total Unusual Items Excluding Goodwill": NaN,
        "Net Income From Continuing Operation Net Minority Interest": -6366520.0,
        "Reconciled Depreciation": 217155.0,
        "EBITDA": -5655494.0,
        "EBIT": -5899942.0,
        "Net Interest Income": -459262.0,
        "Interest Expense": 459262.0,
        "Normalized Income": -6366520.0,
        "Net Income From Continuing And Discontinued Operation": -6572827.0,
        "Total Expenses": 5966351.0,
        "Total Operating Income As Reported": -5899942.0,
        "Diluted Average Shares": 3084226.0,
        "Basic Average Shares": 3084226.0,
        "Diluted EPS": -2.13,
        "Basic EPS": -2.13,
        "Diluted NI Availto Com Stockholders": -6572827.0,
        "Net Income Common Stockholders": -6572827.0,
        "Net Income": -6572827.0,
        "Net Income Including Noncontrolling Interests": -6572827.0,
        "Net Income Discontinuous Operations": -206307.0,
        "Net Income Continuous Operations": -6366520.0,
        "Tax Provision": 7316.0,
        "Pretax Income": -6359204.0,
        "Other Income Expense": NaN,
        "Other Non Operating Income Expenses": NaN,
        "Special Income Charges": NaN,
        "Other Special Charges": NaN,
        "Net Non Operating Interest Income Expense": -459262.0,
        "Interest Expense Non Operating": 459262.0,
        "Operating Income": -5899942.0,
        "Operating Expense": 5966351.0,
        "Depreciation Amortization Depletion Income Statement": 244448.0,
        "Depreciation And Amortization In Income Statement": 244448.0,
        "Research And Development": 915628.0,
        "Selling General And Administration": 4806275.0,
        "General And Administrative Expense": 4806275.0,
        "Other Gand A": 4806275.0,
        "Total Revenue": 66409.0,
        "Operating Revenue": 66409.0
    },
    "2022-03-31": {
        "Diluted EPS": -1.84,
        "Total Revenue": 0,
        "Gross Profit": 0,
        "Operating Income": -5,
        "EBIT": -5,
        "Net Income": -5
    },
    "2021-12-31": {
        "Diluted EPS": 3.76,
        "Total Revenue": 0,
        "Gross Profit": 0,
        "Operating Income": -6,
        "EBIT": -6,
        "Net Income": -7
    },
    "2021-09-30": {
        "Diluted EPS": -1.84,
        "Total Revenue": 0,
        "Gross Profit": 0,
        "Operating Income": -5,
        "EBIT": -5,
        "Net Income": -5
    },
    "2021-06-30": {
        "Diluted EPS": -1.2,
        "Total Revenue": 0,
        "Gross Profit": 0,
        "Operating Income": -3,
        "EBIT": -3,
        "Net Income": -3
    },
    "2021-03-31": {
        "Diluted EPS": -1.04,
        "Total Revenue": 1,
        "Gross Profit": 0,
        "Operating Income": -2,
        "EBIT": -2,
        "Net Income": -2
    },
    "2020-12-31": {
        "Diluted EPS": 0.0,
        "Total Revenue": NaN,
        "Gross Profit": NaN,
        "Operating Income": NaN,
        "EBIT": NaN,
        "Net Income": NaN
    },
    "2020-09-30": {
        "Diluted EPS": -0.88,
        "Total Revenue": 1,
        "Gross Profit": 0,
        "Operating Income": -2,
        "EBIT": -2,
        "Net Income": -2
    },
    "2019-12-31": {
        "Diluted EPS": 0.0,
        "Total Revenue": NaN,
        "Gross Profit": NaN,
        "Operating Income": NaN,
        "EBIT": NaN,
        "Net Income": NaN
    },
    "2023-06-30": {
        "Tax Effect Of Unusual Items": NaN,
        "Tax Rate For Calcs": NaN,
        "Normalized EBITDA": NaN,
        "Total Unusual Items": NaN,
        "Total Unusual Items Excluding Goodwill": NaN,
        "Net Income From Continuing Operation Net Minority Interest": NaN,
        "Reconciled Depreciation": NaN,
        "EBITDA": NaN,
        "EBIT": NaN,
        "Net Interest Income": NaN,
        "Interest Expense": NaN,
        "Interest Income": NaN,
        "Normalized Income": NaN,
        "Net Income From Continuing And Discontinued Operation": NaN,
        "Total Expenses": NaN,
        "Total Operating Income As Reported": NaN,
        "Diluted Average Shares": 5046514.0,
        "Basic Average Shares": 5046514.0,
        "Diluted EPS": -2.12,
        "Basic EPS": -2.12,
        "Diluted NI Availto Com Stockholders": NaN,
        "Net Income Common Stockholders": NaN,
        "Net Income": NaN,
        "Net Income Including Noncontrolling Interests": NaN,
        "Net Income Discontinuous Operations": NaN,
        "Net Income Continuous Operations": NaN,
        "Tax Provision": NaN,
        "Pretax Income": NaN,
        "Other Income Expense": -7856741.0,
        "Other Non Operating Income Expenses": -7476000.0,
        "Special Income Charges": NaN,
        "Other Special Charges": 380741.0,
        "Net Non Operating Interest Income Expense": NaN,
        "Interest Expense Non Operating": NaN,
        "Interest Income Non Operating": NaN,
        "Operating Income": NaN,
        "Operating Expense": NaN,
        "Depreciation Amortization Depletion Income Statement": NaN,
        "Depreciation And Amortization In Income Statement": NaN,
        "Research And Development": NaN,
        "Selling General And Administration": NaN,
        "General And Administrative Expense": NaN,
        "Other Gand A": NaN,
        "Total Revenue": NaN,
        "Operating Revenue": NaN
    },
    "2023-09-30": {
        "Tax Effect Of Unusual Items": NaN,
        "Tax Rate For Calcs": NaN,
        "Normalized EBITDA": NaN,
        "Total Unusual Items": 0.0,
        "Total Unusual Items Excluding Goodwill": 0.0,
        "Net Income From Continuing Operation Net Minority Interest": NaN,
        "Reconciled Depreciation": NaN,
        "EBITDA": NaN,
        "EBIT": NaN,
        "Net Interest Income": NaN,
        "Interest Expense": NaN,
        "Interest Income": 29511.0,
        "Normalized Income": NaN,
        "Net Income From Continuing And Discontinued Operation": NaN,
        "Total Expenses": NaN,
        "Total Operating Income As Reported": NaN,
        "Diluted Average Shares": 7874962.0,
        "Basic Average Shares": 7874962.0,
        "Diluted EPS": -0.47,
        "Basic EPS": -0.47,
        "Diluted NI Availto Com Stockholders": NaN,
        "Net Income Common Stockholders": NaN,
        "Net Income": NaN,
        "Net Income Including Noncontrolling Interests": NaN,
        "Net Income Discontinuous Operations": NaN,
        "Net Income Continuous Operations": NaN,
        "Tax Provision": NaN,
        "Pretax Income": NaN,
        "Other Income Expense": 29511.0,
        "Other Non Operating Income Expenses": 29511.0,
        "Special Income Charges": 0.0,
        "Other Special Charges": NaN,
        "Net Non Operating Interest Income Expense": NaN,
        "Interest Expense Non Operating": NaN,
        "Interest Income Non Operating": 29511.0,
        "Operating Income": NaN,
        "Operating Expense": NaN,
        "Depreciation Amortization Depletion Income Statement": NaN,
        "Depreciation And Amortization In Income Statement": NaN,
        "Research And Development": NaN,
        "Selling General And Administration": NaN,
        "General And Administrative Expense": NaN,
        "Other Gand A": NaN,
        "Total Revenue": NaN,
        "Operating Revenue": NaN
    },
    "2023-12-31": {
        "Tax Effect Of Unusual Items": 0.0,
        "Tax Rate For Calcs": 0.000121,
        "Normalized EBITDA": -3164165.0,
        "Total Unusual Items": 0.0,
        "Total Unusual Items Excluding Goodwill": 0.0,
        "Net Income From Continuing Operation Net Minority Interest": -3220320.0,
        "Reconciled Depreciation": 43408.0,
        "EBITDA": -3164165.0,
        "EBIT": -3207573.0,
        "Net Interest Income": -13138.0,
        "Interest Expense": 13138.0,
        "Interest Income": NaN,
        "Normalized Income": -3220320.0,
        "Net Income From Continuing And Discontinued Operation": -3220320.0,
        "Total Expenses": 3347034.0,
        "Total Operating Income As Reported": -3275132.0,
        "Diluted Average Shares": NaN,
        "Basic Average Shares": NaN,
        "Diluted EPS": NaN,
        "Basic EPS": NaN,
        "Diluted NI Availto Com Stockholders": -3220320.0,
        "Net Income Common Stockholders": -3220320.0,
        "Net Income": -3220320.0,
        "Net Income Including Noncontrolling Interests": -3220320.0,
        "Net Income Discontinuous Operations": 0.0,
        "Net Income Continuous Operations": -3220320.0,
        "Tax Provision": -391.0,
        "Pretax Income": -3220711.0,
        "Other Income Expense": 67559.0,
        "Other Non Operating Income Expenses": 67559.0,
        "Special Income Charges": 0.0,
        "Other Special Charges": 0.0,
        "Net Non Operating Interest Income Expense": -13138.0,
        "Interest Expense Non Operating": 13138.0,
        "Interest Income Non Operating": NaN,
        "Operating Income": -3275132.0,
        "Operating Expense": 3347034.0,
        "Depreciation Amortization Depletion Income Statement": 43408.0,
        "Depreciation And Amortization In Income Statement": 43408.0,
        "Research And Development": 1133735.0,
        "Selling General And Administration": 2169891.0,
        "General And Administrative Expense": 2169891.0,
        "Other Gand A": 2169891.0,
        "Total Revenue": 71902.0,
        "Operating Revenue": 71902.0
    },
    "2024-03-31": {
        "Tax Effect Of Unusual Items": 0.0,
        "Tax Rate For Calcs": 0.0,
        "Normalized EBITDA": -3001031.0,
        "Total Unusual Items": NaN,
        "Total Unusual Items Excluding Goodwill": NaN,
        "Net Income From Continuing Operation Net Minority Interest": -3057577.0,
        "Reconciled Depreciation": 43408.0,
        "EBITDA": -3001031.0,
        "EBIT": -3044439.0,
        "Net Interest Income": 95782.0,
        "Interest Expense": 13138.0,
        "Interest Income": 108920.0,
        "Normalized Income": -3057577.0,
        "Net Income From Continuing And Discontinued Operation": -3057577.0,
        "Total Expenses": 3310737.0,
        "Total Operating Income As Reported": -3153359.0,
        "Diluted Average Shares": 9450220.0,
        "Basic Average Shares": 9450220.0,
        "Diluted EPS": -0.32,
        "Basic EPS": -0.32,
        "Diluted NI Availto Com Stockholders": -3057577.0,
        "Net Income Common Stockholders": -3057577.0,
        "Net Income": -3057577.0,
        "Net Income Including Noncontrolling Interests": -3057577.0,
        "Net Income Discontinuous Operations": 0.0,
        "Net Income Continuous Operations": -3057577.0,
        "Tax Provision": 0.0,
        "Pretax Income": -3057577.0,
        "Other Income Expense": NaN,
        "Other Non Operating Income Expenses": NaN,
        "Special Income Charges": NaN,
        "Other Special Charges": NaN,
        "Net Non Operating Interest Income Expense": 95782.0,
        "Interest Expense Non Operating": 13138.0,
        "Interest Income Non Operating": 108920.0,
        "Operating Income": -3153359.0,
        "Operating Expense": 3310737.0,
        "Depreciation Amortization Depletion Income Statement": 43408.0,
        "Depreciation And Amortization In Income Statement": 43408.0,
        "Research And Development": 1204968.0,
        "Selling General And Administration": 2062361.0,
        "General And Administrative Expense": 2062361.0,
        "Other Gand A": 2062361.0,
        "Total Revenue": 157378.0,
        "Operating Revenue": 157378.0
    },
    "2024-06-30": {
        "Tax Effect Of Unusual Items": 0.0,
        "Tax Rate For Calcs": 0.0,
        "Normalized EBITDA": -3206868.0,
        "Total Unusual Items": 0.0,
        "Total Unusual Items Excluding Goodwill": 0.0,
        "Net Income From Continuing Operation Net Minority Interest": -3261241.0,
        "Reconciled Depreciation": 44004.0,
        "EBITDA": -3206868.0,
        "EBIT": -3250872.0,
        "Net Interest Income": 63588.0,
        "Interest Expense": 10369.0,
        "Interest Income": 73957.0,
        "Normalized Income": -3261241.0,
        "Net Income From Continuing And Discontinued Operation": -3261241.0,
        "Total Expenses": 3605267.0,
        "Total Operating Income As Reported": -3324829.0,
        "Diluted Average Shares": 9501691.0,
        "Basic Average Shares": 9501691.0,
        "Diluted EPS": -0.34,
        "Basic EPS": -0.34,
        "Diluted NI Availto Com Stockholders": -3261241.0,
        "Net Income Common Stockholders": -3261241.0,
        "Net Income": -3261241.0,
        "Net Income Including Noncontrolling Interests": -3261241.0,
        "Net Income Discontinuous Operations": 0.0,
        "Net Income Continuous Operations": -3261241.0,
        "Tax Provision": 0.0,
        "Pretax Income": -3261241.0,
        "Other Income Expense": NaN,
        "Other Non Operating Income Expenses": NaN,
        "Special Income Charges": 0.0,
        "Other Special Charges": NaN,
        "Net Non Operating Interest Income Expense": 63588.0,
        "Interest Expense Non Operating": 10369.0,
        "Interest Income Non Operating": 73957.0,
        "Operating Income": -3324829.0,
        "Operating Expense": 3605267.0,
        "Depreciation Amortization Depletion Income Statement": 44004.0,
        "Depreciation And Amortization In Income Statement": 44004.0,
        "Research And Development": 1392103.0,
        "Selling General And Administration": 2169160.0,
        "General And Administrative Expense": 2169160.0,
        "Other Gand A": 2169160.0,
        "Total Revenue": 280438.0,
        "Operating Revenue": 280438.0
    },
    "2024-09-30": {
        "Tax Effect Of Unusual Items": 0.0,
        "Tax Rate For Calcs": 0.0,
        "Normalized EBITDA": -3308291.0,
        "Total Unusual Items": 0.0,
        "Total Unusual Items Excluding Goodwill": 0.0,
        "Net Income From Continuing Operation Net Minority Interest": -3364801.0,
        "Reconciled Depreciation": 43798.0,
        "EBITDA": -3308291.0,
        "EBIT": -3352089.0,
        "Net Interest Income": 148596.0,
        "Interest Expense": 12712.0,
        "Interest Income": 161308.0,
        "Normalized Income": -3364801.0,
        "Net Income From Continuing And Discontinued Operation": -3364801.0,
        "Total Expenses": 3762317.0,
        "Total Operating Income As Reported": -3513397.0,
        "Diluted Average Shares": 10920872.0,
        "Basic Average Shares": 10920872.0,
        "Diluted EPS": -0.31,
        "Basic EPS": -0.31,
        "Diluted NI Availto Com Stockholders": -3364801.0,
        "Net Income Common Stockholders": -3364801.0,
        "Net Income": -3364801.0,
        "Net Income Including Noncontrolling Interests": -3364801.0,
        "Net Income Discontinuous Operations": 0.0,
        "Net Income Continuous Operations": -3364801.0,
        "Tax Provision": 0.0,
        "Pretax Income": -3364801.0,
        "Other Income Expense": NaN,
        "Other Non Operating Income Expenses": NaN,
        "Special Income Charges": 0.0,
        "Other Special Charges": NaN,
        "Net Non Operating Interest Income Expense": 148596.0,
        "Interest Expense Non Operating": 12712.0,
        "Interest Income Non Operating": 161308.0,
        "Operating Income": -3513397.0,
        "Operating Expense": 3762317.0,
        "Depreciation Amortization Depletion Income Statement": 43798.0,
        "Depreciation And Amortization In Income Statement": 43798.0,
        "Research And Development": 1615970.0,
        "Selling General And Administration": 2102549.0,
        "General And Administrative Expense": 2102549.0,
        "Other Gand A": 2102549.0,
        "Total Revenue": 248920.0,
        "Operating Revenue": 248920.0
    },
    "2024-12-31": {
        "Tax Effect Of Unusual Items": 0.0,
        "Tax Rate For Calcs": 0.0,
        "Normalized EBITDA": -4533799.0,
        "Total Unusual Items": 0.0,
        "Total Unusual Items Excluding Goodwill": 0.0,
        "Net Income From Continuing Operation Net Minority Interest": -4594375.0,
        "Reconciled Depreciation": 47865.0,
        "EBITDA": -4533799.0,
        "EBIT": -4581664.0,
        "Net Interest Income": 98331.0,
        "Interest Expense": 12711.0,
        "Interest Income": 111042.0,
        "Normalized Income": -4594375.0,
        "Net Income From Continuing And Discontinued Operation": -4594375.0,
        "Total Expenses": 4892455.0,
        "Total Operating Income As Reported": -4692706.0,
        "Diluted Average Shares": NaN,
        "Basic Average Shares": NaN,
        "Diluted EPS": NaN,
        "Basic EPS": NaN,
        "Diluted NI Availto Com Stockholders": -4594375.0,
        "Net Income Common Stockholders": -4594375.0,
        "Net Income": -4594375.0,
        "Net Income Including Noncontrolling Interests": -4594375.0,
        "Net Income Discontinuous Operations": 0.0,
        "Net Income Continuous Operations": -4594375.0,
        "Tax Provision": 0.0,
        "Pretax Income": -4594375.0,
        "Other Income Expense": NaN,
        "Other Non Operating Income Expenses": NaN,
        "Special Income Charges": 0.0,
        "Other Special Charges": NaN,
        "Net Non Operating Interest Income Expense": 98331.0,
        "Interest Expense Non Operating": 12711.0,
        "Interest Income Non Operating": 111042.0,
        "Operating Income": -4692706.0,
        "Operating Expense": 4892455.0,
        "Depreciation Amortization Depletion Income Statement": 47865.0,
        "Depreciation And Amortization In Income Statement": 47865.0,
        "Research And Development": 2029494.0,
        "Selling General And Administration": 2815096.0,
        "General And Administrative Expense": 2815096.0,
        "Other Gand A": 2815096.0,
        "Total Revenue": 199749.0,
        "Operating Revenue": 199749.0
    }
}