{
    "2023-03-31": {
        "Tax Effect Of Unusual Items": NaN,
        "Tax Rate For Calcs": NaN,
        "Normalized EBITDA": NaN,
        "Total Unusual Items": 0.0,
        "Total Unusual Items Excluding Goodwill": 0.0,
        "Net Income From Continuing Operation Net Minority Interest": NaN,
        "Reconciled Depreciation": NaN,
        "Reconciled Cost Of Revenue": NaN,
        "EBITDA": NaN,
        "EBIT": NaN,
        "Net Interest Income": NaN,
        "Interest Expense": NaN,
        "Interest Income": NaN,
        "Normalized Income": NaN,
        "Net Income From Continuing And Discontinued Operation": NaN,
        "Total Expenses": NaN,
        "Total Operating Income As Reported": NaN,
        "Diluted Average Shares": 142641000.0,
        "Basic Average Shares": 142641000.0,
        "Diluted EPS": -0.18,
        "Basic EPS": -0.18,
        "Diluted NI Availto Com Stockholders": NaN,
        "Net Income Common Stockholders": NaN,
        "Net Income": NaN,
        "Net Income Including Noncontrolling Interests": NaN,
        "Net Income Continuous Operations": NaN,
        "Tax Provision": NaN,
        "Pretax Income": NaN,
        "Other Income Expense": NaN,
        "Special Income Charges": 0.0,
        "Other Special Charges": NaN,
        "Restructuring And Mergern Acquisition": 0.0,
        "Net Non Operating Interest Income Expense": NaN,
        "Interest Expense Non Operating": NaN,
        "Interest Income Non Operating": NaN,
        "Operating Income": NaN,
        "Operating Expense": NaN,
        "Other Operating Expenses": NaN,
        "Depreciation Amortization Depletion Income Statement": 3822000.0,
        "Depreciation And Amortization In Income Statement": 3822000.0,
        "Depreciation Income Statement": 3822000.0,
        "Research And Development": NaN,
        "Selling General And Administration": NaN,
        "General And Administrative Expense": NaN,
        "Other Gand A": NaN,
        "Salaries And Wages": NaN,
        "Gross Profit": NaN,
        "Cost Of Revenue": NaN,
        "Total Revenue": NaN,
        "Operating Revenue": NaN
    },
    "2022-12-31": {
        "Tax Effect Of Unusual Items": NaN,
        "Tax Rate For Calcs": NaN,
        "Normalized EBITDA": NaN,
        "Total Unusual Items": NaN,
        "Total Unusual Items Excluding Goodwill": NaN,
        "Net Income From Continuing Operation Net Minority Interest": NaN,
        "Reconciled Depreciation": NaN,
        "Reconciled Cost Of Revenue": NaN,
        "EBITDA": NaN,
        "EBIT": NaN,
        "Net Interest Income": NaN,
        "Interest Expense": NaN,
        "Interest Income": NaN,
        "Normalized Income": NaN,
        "Net Income From Continuing And Discontinued Operation": NaN,
        "Total Expenses": NaN,
        "Total Operating Income As Reported": NaN,
        "Diluted Average Shares": 141909000.0,
        "Basic Average Shares": 141909000.0,
        "Diluted EPS": -0.18,
        "Basic EPS": -0.18,
        "Diluted NI Availto Com Stockholders": NaN,
        "Net Income Common Stockholders": NaN,
        "Net Income": NaN,
        "Net Income Including Noncontrolling Interests": NaN,
        "Net Income Continuous Operations": NaN,
        "Tax Provision": NaN,
        "Pretax Income": NaN,
        "Other Income Expense": NaN,
        "Special Income Charges": NaN,
        "Other Special Charges": NaN,
        "Restructuring And Mergern Acquisition": NaN,
        "Net Non Operating Interest Income Expense": NaN,
        "Interest Expense Non Operating": NaN,
        "Interest Income Non Operating": NaN,
        "Operating Income": NaN,
        "Operating Expense": NaN,
        "Other Operating Expenses": NaN,
        "Depreciation Amortization Depletion Income Statement": NaN,
        "Depreciation And Amortization In Income Statement": NaN,
        "Depreciation Income Statement": NaN,
        "Research And Development": NaN,
        "Selling General And Administration": NaN,
        "General And Administrative Expense": NaN,
        "Other Gand A": NaN,
        "Salaries And Wages": NaN,
        "Gross Profit": NaN,
        "Cost Of Revenue": NaN,
        "Total Revenue": NaN,
        "Operating Revenue": NaN
    },
    "2022-09-30": {
        "Tax Effect Of Unusual Items": 0.0,
        "Tax Rate For Calcs": 0.4,
        "Normalized EBITDA": -8690000.0,
        "Net Income From Continuing Operation Net Minority Interest": -8989000.0,
        "Reconciled Depreciation": 809000.0,
        "Reconciled Cost Of Revenue": 2447000.0,
        "EBITDA": -8690000.0,
        "EBIT": -9499000.0,
        "Net Interest Income": 1464000.0,
        "Interest Expense": NaN,
        "Interest Income": 1464000.0,
        "Normalized Income": -8989000.0,
        "Net Income From Continuing And Discontinued Operation": -8989000.0,
        "Total Expenses": 65278000.0,
        "Total Operating Income As Reported": -9499000.0,
        "Diluted Average Shares": 141856000.0,
        "Basic Average Shares": 141856000.0,
        "Diluted EPS": -0.06,
        "Basic EPS": -0.06,
        "Diluted NI Availto Com Stockholders": -8989000.0,
        "Net Income Common Stockholders": -8989000.0,
        "Net Income": -8989000.0,
        "Net Income Including Noncontrolling Interests": -8989000.0,
        "Net Income Continuous Operations": -8989000.0,
        "Tax Provision": 954000.0,
        "Pretax Income": -8035000.0,
        "Net Non Operating Interest Income Expense": 1464000.0,
        "Interest Expense Non Operating": NaN,
        "Interest Income Non Operating": 1464000.0,
        "Operating Income": -9499000.0,
        "Operating Expense": 62831000.0,
        "Other Operating Expenses": -311000.0,
        "Research And Development": 10973000.0,
        "Selling General And Administration": 52169000.0,
        "General And Administrative Expense": 52169000.0,
        "Other Gand A": 25122000.0,
        "Salaries And Wages": 27047000.0,
        "Gross Profit": 53332000.0,
        "Cost Of Revenue": 2447000.0,
        "Total Revenue": 55779000.0,
        "Operating Revenue": 55779000.0
    },
    "2022-06-30": {
        "Tax Effect Of Unusual Items": 0.0,
        "Tax Rate For Calcs": 0.4,
        "Normalized EBITDA": -35149000.0,
        "Net Income From Continuing Operation Net Minority Interest": -35515000.0,
        "Reconciled Depreciation": 840000.0,
        "Reconciled Cost Of Revenue": 1599000.0,
        "EBITDA": -35149000.0,
        "EBIT": -35989000.0,
        "Net Interest Income": 483000.0,
        "Interest Expense": NaN,
        "Interest Income": 483000.0,
        "Normalized Income": -35515000.0,
        "Net Income From Continuing And Discontinued Operation": -35515000.0,
        "Total Expenses": 64180000.0,
        "Total Operating Income As Reported": -35989000.0,
        "Diluted Average Shares": 141726000.0,
        "Basic Average Shares": 141726000.0,
        "Diluted EPS": -0.25,
        "Basic EPS": -0.25,
        "Diluted NI Availto Com Stockholders": -35515000.0,
        "Net Income Common Stockholders": -35515000.0,
        "Net Income": -35515000.0,
        "Net Income Including Noncontrolling Interests": -35515000.0,
        "Net Income Continuous Operations": -35515000.0,
        "Tax Provision": 9000.0,
        "Pretax Income": -35506000.0,
        "Net Non Operating Interest Income Expense": 483000.0,
        "Interest Expense Non Operating": NaN,
        "Interest Income Non Operating": 483000.0,
        "Operating Income": -35989000.0,
        "Operating Expense": 62581000.0,
        "Other Operating Expenses": -476000.0,
        "Research And Development": 11525000.0,
        "Selling General And Administration": 51532000.0,
        "General And Administrative Expense": 51532000.0,
        "Other Gand A": 23107000.0,
        "Salaries And Wages": 28425000.0,
        "Gross Profit": 26592000.0,
        "Cost Of Revenue": 1599000.0,
        "Total Revenue": 28191000.0,
        "Operating Revenue": 28191000.0
    },
    "2023-06-30": {
        "Tax Effect Of Unusual Items": NaN,
        "Tax Rate For Calcs": NaN,
        "Normalized EBITDA": NaN,
        "Total Unusual Items": NaN,
        "Total Unusual Items Excluding Goodwill": NaN,
        "Net Income From Continuing Operation Net Minority Interest": NaN,
        "Reconciled Depreciation": NaN,
        "Reconciled Cost Of Revenue": NaN,
        "EBITDA": NaN,
        "EBIT": NaN,
        "Net Interest Income": NaN,
        "Interest Expense": NaN,
        "Interest Income": NaN,
        "Normalized Income": NaN,
        "Net Income From Continuing And Discontinued Operation": NaN,
        "Total Expenses": NaN,
        "Total Operating Income As Reported": NaN,
        "Diluted Average Shares": NaN,
        "Basic Average Shares": NaN,
        "Diluted EPS": NaN,
        "Basic EPS": NaN,
        "Diluted NI Availto Com Stockholders": NaN,
        "Net Income Common Stockholders": NaN,
        "Net Income": NaN,
        "Net Income Including Noncontrolling Interests": NaN,
        "Net Income Continuous Operations": NaN,
        "Tax Provision": NaN,
        "Pretax Income": NaN,
        "Other Income Expense": NaN,
        "Special Income Charges": NaN,
        "Other Special Charges": NaN,
        "Restructuring And Mergern Acquisition": NaN,
        "Net Non Operating Interest Income Expense": NaN,
        "Interest Expense Non Operating": NaN,
        "Interest Income Non Operating": NaN,
        "Operating Income": NaN,
        "Operating Expense": NaN,
        "Other Operating Expenses": NaN,
        "Depreciation Amortization Depletion Income Statement": 3440000.0,
        "Depreciation And Amortization In Income Statement": 3440000.0,
        "Depreciation Income Statement": 3440000.0,
        "Research And Development": NaN,
        "Selling General And Administration": NaN,
        "General And Administrative Expense": NaN,
        "Other Gand A": NaN,
        "Salaries And Wages": NaN,
        "Gross Profit": NaN,
        "Cost Of Revenue": NaN,
        "Total Revenue": NaN,
        "Operating Revenue": NaN
    },
    "2022-03-31": {
        "Diluted EPS": -0.27,
        "Total Revenue": 22,
        "Gross Profit": 21,
        "Operating Income": -36,
        "EBIT": -35,
        "Net Income": -38
    },
    "2021-12-31": {
        "Diluted EPS": -0.24,
        "Total Revenue": 23,
        "Gross Profit": 23,
        "Operating Income": -33,
        "EBIT": -32,
        "Net Income": -33
    },
    "2021-09-30": {
        "Diluted EPS": -0.39,
        "Total Revenue": 15,
        "Gross Profit": 14,
        "Operating Income": -50,
        "EBIT": -50,
        "Net Income": -50
    },
    "2021-06-30": {
        "Diluted EPS": -0.37,
        "Total Revenue": 7,
        "Gross Profit": 6,
        "Operating Income": -48,
        "EBIT": -48,
        "Net Income": -47
    },
    "2021-03-31": {
        "Diluted EPS": -0.4,
        "Total Revenue": 1,
        "Gross Profit": 1,
        "Operating Income": -49,
        "EBIT": -48,
        "Net Income": -50
    },
    "2020-12-31": {
        "Diluted EPS": -0.06,
        "Total Revenue": 50,
        "Gross Profit": 50,
        "Operating Income": -2,
        "EBIT": -2,
        "Net Income": -8
    },
    "2020-09-30": {
        "Diluted EPS": -0.34,
        "Total Revenue": 0,
        "Gross Profit": 0,
        "Operating Income": -43,
        "EBIT": -43,
        "Net Income": -42
    },
    "2020-06-30": {
        "Diluted EPS": -0.24,
        "Total Revenue": 0,
        "Gross Profit": 0,
        "Operating Income": -27,
        "EBIT": -26,
        "Net Income": -27
    },
    "2020-03-31": {
        "Diluted EPS": -0.23,
        "Total Revenue": 0,
        "Gross Profit": 0,
        "Operating Income": -25,
        "EBIT": -25,
        "Net Income": -26
    },
    "2019-12-31": {
        "Diluted EPS": -0.43,
        "Total Revenue": 0,
        "Gross Profit": 0,
        "Operating Income": -21,
        "EBIT": -21,
        "Net Income": -41
    },
    "2019-09-30": {
        "Diluted EPS": -0.21,
        "Total Revenue": 0,
        "Gross Profit": 0,
        "Operating Income": -24,
        "EBIT": -24,
        "Net Income": -19
    },
    "2019-06-30": {
        "Diluted EPS": -0.17,
        "Total Revenue": 0,
        "Gross Profit": 0,
        "Operating Income": -16,
        "EBIT": -16,
        "Net Income": -16
    },
    "2019-03-31": {
        "Diluted EPS": -0.14,
        "Total Revenue": 0,
        "Gross Profit": 0,
        "Operating Income": -15,
        "EBIT": -15,
        "Net Income": -12
    },
    "2018-12-31": {
        "Diluted EPS": -0.18,
        "Total Revenue": 0,
        "Gross Profit": 0,
        "Operating Income": -15,
        "EBIT": -14,
        "Net Income": -15
    },
    "2018-09-30": {
        "Diluted EPS": -0.21,
        "Total Revenue": 0,
        "Gross Profit": 0,
        "Operating Income": -14,
        "EBIT": -14,
        "Net Income": -18
    },
    "2018-06-30": {
        "Diluted EPS": -0.19,
        "Total Revenue": 0,
        "Gross Profit": 0,
        "Operating Income": -14,
        "EBIT": -14,
        "Net Income": -16
    },
    "2018-03-31": {
        "Diluted EPS": -0.18,
        "Total Revenue": 0,
        "Gross Profit": 0,
        "Operating Income": -13,
        "EBIT": -13,
        "Net Income": -15
    },
    "2017-12-31": {
        "Diluted EPS": 0.19,
        "Total Revenue": 0,
        "Gross Profit": 0,
        "Operating Income": -12,
        "EBIT": -12,
        "Net Income": -3
    },
    "2017-09-30": {
        "Diluted EPS": -0.16,
        "Total Revenue": 0,
        "Gross Profit": 0,
        "Operating Income": -14,
        "EBIT": -13,
        "Net Income": -13
    },
    "2017-06-30": {
        "Diluted EPS": -0.03,
        "Total Revenue": 0,
        "Gross Profit": 0,
        "Operating Income": -10,
        "EBIT": -10,
        "Net Income": -2
    },
    "2017-03-31": {
        "Diluted EPS": -0.92,
        "Total Revenue": 0,
        "Gross Profit": 0,
        "Operating Income": -11,
        "EBIT": -11,
        "Net Income": -52
    },
    "2016-12-31": {
        "Diluted EPS": -0.22,
        "Total Revenue": 0,
        "Gross Profit": 0,
        "Operating Income": -8,
        "EBIT": -8,
        "Net Income": -8
    },
    "2016-09-30": {
        "Diluted EPS": -0.21,
        "Total Revenue": 0,
        "Gross Profit": 0,
        "Operating Income": -5,
        "EBIT": -5,
        "Net Income": -7
    },
    "2016-06-30": {
        "Diluted EPS": -0.1,
        "Total Revenue": 0,
        "Gross Profit": 0,
        "Operating Income": -5,
        "EBIT": -4,
        "Net Income": -3
    },
    "2016-03-31": {
        "Diluted EPS": -0.13,
        "Total Revenue": 0,
        "Gross Profit": 0,
        "Operating Income": -5,
        "EBIT": -5,
        "Net Income": -4
    },
    "2015-12-31": {
        "Diluted EPS": -0.13,
        "Total Revenue": 0,
        "Gross Profit": 0,
        "Operating Income": -6,
        "EBIT": -5,
        "Net Income": -4
    },
    "2015-09-30": {
        "Diluted EPS": -0.16,
        "Total Revenue": 0,
        "Gross Profit": 0,
        "Operating Income": -6,
        "EBIT": -6,
        "Net Income": -5
    },
    "2015-06-30": {
        "Diluted EPS": -0.02,
        "Total Revenue": 0,
        "Gross Profit": 0,
        "Operating Income": -6,
        "EBIT": -6,
        "Net Income": -1
    },
    "2015-03-31": {
        "Diluted EPS": -0.27,
        "Total Revenue": 0,
        "Gross Profit": 0,
        "Operating Income": -6,
        "EBIT": -5,
        "Net Income": -9
    },
    "2014-12-31": {
        "Diluted EPS": -0.15,
        "Total Revenue": 0,
        "Gross Profit": 0,
        "Operating Income": -14,
        "EBIT": -16,
        "Net Income": -5
    },
    "2014-09-30": {
        "Diluted EPS": -0.08,
        "Total Revenue": 0,
        "Gross Profit": 0,
        "Operating Income": -4,
        "EBIT": -4,
        "Net Income": -3
    },
    "2014-06-30": {
        "Diluted EPS": -0.13,
        "Total Revenue": 0,
        "Gross Profit": 0,
        "Operating Income": 0,
        "EBIT": 0,
        "Net Income": -4
    },
    "2014-03-31": {
        "Diluted EPS": -0.24,
        "Total Revenue": 0,
        "Gross Profit": 0,
        "Operating Income": 0,
        "EBIT": 0,
        "Net Income": -5
    },
    "2013-12-31": {
        "Diluted EPS": 0.11,
        "Total Revenue": 1,
        "Gross Profit": 1,
        "Operating Income": 1,
        "EBIT": 1,
        "Net Income": 1
    },
    "2013-09-30": {
        "Diluted EPS": -0.01,
        "Total Revenue": 0,
        "Gross Profit": 0,
        "Operating Income": 0,
        "EBIT": 0,
        "Net Income": -2
    },
    "2013-06-30": {
        "Diluted EPS": 0.0,
        "Total Revenue": 0,
        "Gross Profit": 0,
        "Operating Income": 0,
        "EBIT": 0,
        "Net Income": -1
    },
    "2013-03-31": {
        "Diluted EPS": 0.0,
        "Total Revenue": 0,
        "Gross Profit": 0,
        "Operating Income": 0,
        "EBIT": 0,
        "Net Income": -1
    },
    "2023-09-30": {
        "Tax Effect Of Unusual Items": NaN,
        "Tax Rate For Calcs": NaN,
        "Normalized EBITDA": NaN,
        "Total Unusual Items": 0.0,
        "Total Unusual Items Excluding Goodwill": 0.0,
        "Net Income From Continuing Operation Net Minority Interest": NaN,
        "Reconciled Depreciation": NaN,
        "Reconciled Cost Of Revenue": NaN,
        "EBITDA": NaN,
        "EBIT": NaN,
        "Net Interest Income": NaN,
        "Interest Expense": NaN,
        "Interest Income": NaN,
        "Normalized Income": NaN,
        "Net Income From Continuing And Discontinued Operation": NaN,
        "Total Expenses": NaN,
        "Total Operating Income As Reported": NaN,
        "Diluted Average Shares": 142847000.0,
        "Basic Average Shares": 142847000.0,
        "Diluted EPS": -0.09,
        "Basic EPS": -0.09,
        "Diluted NI Availto Com Stockholders": NaN,
        "Net Income Common Stockholders": NaN,
        "Net Income": NaN,
        "Net Income Including Noncontrolling Interests": NaN,
        "Net Income Continuous Operations": NaN,
        "Tax Provision": NaN,
        "Pretax Income": NaN,
        "Other Income Expense": NaN,
        "Special Income Charges": 0.0,
        "Other Special Charges": NaN,
        "Restructuring And Mergern Acquisition": 0.0,
        "Net Non Operating Interest Income Expense": NaN,
        "Interest Expense Non Operating": NaN,
        "Interest Income Non Operating": NaN,
        "Operating Income": NaN,
        "Operating Expense": NaN,
        "Other Operating Expenses": NaN,
        "Depreciation Amortization Depletion Income Statement": 3284000.0,
        "Depreciation And Amortization In Income Statement": 3284000.0,
        "Depreciation Income Statement": 3284000.0,
        "Research And Development": NaN,
        "Selling General And Administration": NaN,
        "General And Administrative Expense": NaN,
        "Other Gand A": NaN,
        "Salaries And Wages": NaN,
        "Gross Profit": NaN,
        "Cost Of Revenue": NaN,
        "Total Revenue": NaN,
        "Operating Revenue": NaN
    },
    "2023-12-31": {
        "Tax Effect Of Unusual Items": 0.0,
        "Tax Rate For Calcs": 0.21,
        "Normalized EBITDA": -20157000.0,
        "Total Unusual Items": NaN,
        "Total Unusual Items Excluding Goodwill": NaN,
        "Net Income From Continuing Operation Net Minority Interest": -26875000.0,
        "Reconciled Depreciation": 4949000.0,
        "Reconciled Cost Of Revenue": 5395000.0,
        "EBITDA": -20157000.0,
        "EBIT": -25106000.0,
        "Net Interest Income": 3258000.0,
        "Interest Expense": 1310000.0,
        "Interest Income": 4568000.0,
        "Normalized Income": -26875000.0,
        "Net Income From Continuing And Discontinued Operation": -26875000.0,
        "Total Expenses": 74769000.0,
        "Total Operating Income As Reported": -29674000.0,
        "Diluted Average Shares": NaN,
        "Basic Average Shares": NaN,
        "Diluted EPS": NaN,
        "Basic EPS": NaN,
        "Diluted NI Availto Com Stockholders": -26875000.0,
        "Net Income Common Stockholders": -26875000.0,
        "Net Income": -26875000.0,
        "Net Income Including Noncontrolling Interests": -26875000.0,
        "Net Income Continuous Operations": -26875000.0,
        "Tax Provision": 459000.0,
        "Pretax Income": -26416000.0,
        "Other Income Expense": NaN,
        "Special Income Charges": NaN,
        "Other Special Charges": NaN,
        "Restructuring And Mergern Acquisition": NaN,
        "Net Non Operating Interest Income Expense": 3258000.0,
        "Interest Expense Non Operating": 1310000.0,
        "Interest Income Non Operating": 4568000.0,
        "Operating Income": -29674000.0,
        "Operating Expense": 69374000.0,
        "Other Operating Expenses": 9074000.0,
        "Depreciation Amortization Depletion Income Statement": NaN,
        "Depreciation And Amortization In Income Statement": NaN,
        "Depreciation Income Statement": NaN,
        "Research And Development": 10228000.0,
        "Selling General And Administration": 50072000.0,
        "General And Administrative Expense": 50072000.0,
        "Other Gand A": 19613000.0,
        "Salaries And Wages": 30459000.0,
        "Gross Profit": 39700000.0,
        "Cost Of Revenue": 5395000.0,
        "Total Revenue": 45095000.0,
        "Operating Revenue": 45095000.0
    },
    "2024-03-31": {
        "Tax Effect Of Unusual Items": -1403430.0,
        "Tax Rate For Calcs": 0.21,
        "Normalized EBITDA": 2803000.0,
        "Total Unusual Items": -6683000.0,
        "Total Unusual Items Excluding Goodwill": -6683000.0,
        "Net Income From Continuing Operation Net Minority Interest": -10749000.0,
        "Reconciled Depreciation": 4847000.0,
        "Reconciled Cost Of Revenue": 5747000.0,
        "EBITDA": -3880000.0,
        "EBIT": -8727000.0,
        "Net Interest Income": 3243000.0,
        "Interest Expense": 1283000.0,
        "Interest Income": 4526000.0,
        "Normalized Income": -5469430.0,
        "Net Income From Continuing And Discontinued Operation": -10749000.0,
        "Total Expenses": 56873000.0,
        "Total Operating Income As Reported": -13253000.0,
        "Diluted Average Shares": 144013000.0,
        "Basic Average Shares": 144013000.0,
        "Diluted EPS": -0.07,
        "Basic EPS": -0.07,
        "Diluted NI Availto Com Stockholders": -10749000.0,
        "Net Income Common Stockholders": -10749000.0,
        "Net Income": -10749000.0,
        "Net Income Including Noncontrolling Interests": -10749000.0,
        "Net Income Continuous Operations": -10749000.0,
        "Tax Provision": 739000.0,
        "Pretax Income": -10010000.0,
        "Other Income Expense": -6683000.0,
        "Special Income Charges": -6683000.0,
        "Other Special Charges": 919000.0,
        "Restructuring And Mergern Acquisition": 5764000.0,
        "Net Non Operating Interest Income Expense": 3243000.0,
        "Interest Expense Non Operating": 1283000.0,
        "Interest Income Non Operating": 4526000.0,
        "Operating Income": -6570000.0,
        "Operating Expense": 49121000.0,
        "Other Operating Expenses": -4125000.0,
        "Depreciation Amortization Depletion Income Statement": 2842000.0,
        "Depreciation And Amortization In Income Statement": 2842000.0,
        "Depreciation Income Statement": 2842000.0,
        "Research And Development": 5551000.0,
        "Selling General And Administration": 44853000.0,
        "General And Administrative Expense": 44853000.0,
        "Other Gand A": 15655000.0,
        "Salaries And Wages": 29198000.0,
        "Gross Profit": 42551000.0,
        "Cost Of Revenue": 7752000.0,
        "Total Revenue": 50303000.0,
        "Operating Revenue": 50303000.0
    },
    "2024-06-30": {
        "Tax Effect Of Unusual Items": -225120.0,
        "Tax Rate For Calcs": 0.21,
        "Normalized EBITDA": 8591000.0,
        "Total Unusual Items": -1072000.0,
        "Total Unusual Items Excluding Goodwill": -1072000.0,
        "Net Income From Continuing Operation Net Minority Interest": 722000.0,
        "Reconciled Depreciation": 4843000.0,
        "Reconciled Cost Of Revenue": 6721000.0,
        "EBITDA": 7519000.0,
        "EBIT": 2676000.0,
        "Net Interest Income": 2991000.0,
        "Interest Expense": 1198000.0,
        "Interest Income": 4189000.0,
        "Normalized Income": 1568880.0,
        "Net Income From Continuing And Discontinued Operation": 722000.0,
        "Total Expenses": 57633000.0,
        "Total Operating Income As Reported": -1513000.0,
        "Diluted Average Shares": 144110000.0,
        "Basic Average Shares": 143327000.0,
        "Diluted EPS": 0.01,
        "Basic EPS": 0.01,
        "Diluted NI Availto Com Stockholders": 722000.0,
        "Net Income Common Stockholders": 722000.0,
        "Net Income": 722000.0,
        "Net Income Including Noncontrolling Interests": 722000.0,
        "Net Income Continuous Operations": 722000.0,
        "Tax Provision": 756000.0,
        "Pretax Income": 1478000.0,
        "Other Income Expense": -1072000.0,
        "Special Income Charges": -1072000.0,
        "Other Special Charges": 186000.0,
        "Restructuring And Mergern Acquisition": 886000.0,
        "Net Non Operating Interest Income Expense": 2991000.0,
        "Interest Expense Non Operating": 1198000.0,
        "Interest Income Non Operating": 4189000.0,
        "Operating Income": -441000.0,
        "Operating Expense": 48724000.0,
        "Other Operating Expenses": -290000.0,
        "Depreciation Amortization Depletion Income Statement": 2655000.0,
        "Depreciation And Amortization In Income Statement": 2655000.0,
        "Depreciation Income Statement": 2655000.0,
        "Research And Development": 4080000.0,
        "Selling General And Administration": 42279000.0,
        "General And Administrative Expense": 42279000.0,
        "Other Gand A": 15932000.0,
        "Salaries And Wages": 26347000.0,
        "Gross Profit": 48283000.0,
        "Cost Of Revenue": 8909000.0,
        "Total Revenue": 57192000.0,
        "Operating Revenue": 57192000.0
    },
    "2024-09-30": {
        "Tax Effect Of Unusual Items": 0.0,
        "Tax Rate For Calcs": 0.030864,
        "Normalized EBITDA": 20908000.0,
        "Total Unusual Items": 0.0,
        "Total Unusual Items Excluding Goodwill": 0.0,
        "Net Income From Continuing Operation Net Minority Interest": 14350000.0,
        "Reconciled Depreciation": 4893000.0,
        "Reconciled Cost Of Revenue": 3870000.0,
        "EBITDA": 20908000.0,
        "EBIT": 16015000.0,
        "Net Interest Income": 3059000.0,
        "Interest Expense": 1208000.0,
        "Interest Income": 4267000.0,
        "Normalized Income": 14350000.0,
        "Net Income From Continuing And Discontinued Operation": 14350000.0,
        "Total Expenses": 56023000.0,
        "Total Operating Income As Reported": 11748000.0,
        "Diluted Average Shares": 145651000.0,
        "Basic Average Shares": 143051000.0,
        "Diluted EPS": 0.1,
        "Basic EPS": 0.1,
        "Diluted NI Availto Com Stockholders": 14350000.0,
        "Net Income Common Stockholders": 14350000.0,
        "Net Income": 14350000.0,
        "Net Income Including Noncontrolling Interests": 14350000.0,
        "Net Income Continuous Operations": 14350000.0,
        "Tax Provision": 457000.0,
        "Pretax Income": 14807000.0,
        "Other Income Expense": NaN,
        "Special Income Charges": 0.0,
        "Other Special Charges": NaN,
        "Restructuring And Mergern Acquisition": 0.0,
        "Net Non Operating Interest Income Expense": 3059000.0,
        "Interest Expense Non Operating": 1208000.0,
        "Interest Income Non Operating": 4267000.0,
        "Operating Income": 11748000.0,
        "Operating Expense": 49988000.0,
        "Other Operating Expenses": 4574000.0,
        "Depreciation Amortization Depletion Income Statement": 2728000.0,
        "Depreciation And Amortization In Income Statement": 2728000.0,
        "Depreciation Income Statement": 2728000.0,
        "Research And Development": 3047000.0,
        "Selling General And Administration": 39639000.0,
        "General And Administrative Expense": 39639000.0,
        "Other Gand A": 14264000.0,
        "Salaries And Wages": 25375000.0,
        "Gross Profit": 61736000.0,
        "Cost Of Revenue": 6035000.0,
        "Total Revenue": 67771000.0,
        "Operating Revenue": 67771000.0
    },
    "2024-12-31": {
        "Tax Effect Of Unusual Items": -3223710.0,
        "Tax Rate For Calcs": 0.21,
        "Normalized EBITDA": 22532000.0,
        "Total Unusual Items": -15351000.0,
        "Total Unusual Items Excluding Goodwill": -15351000.0,
        "Net Income From Continuing Operation Net Minority Interest": 1429000.0,
        "Reconciled Depreciation": 4862000.0,
        "Reconciled Cost Of Revenue": 5552000.0,
        "EBITDA": 7181000.0,
        "EBIT": 2319000.0,
        "Net Interest Income": 2842000.0,
        "Interest Expense": 1146000.0,
        "Interest Income": 3988000.0,
        "Normalized Income": 13556290.0,
        "Net Income From Continuing And Discontinued Operation": 1429000.0,
        "Total Expenses": 46185000.0,
        "Total Operating Income As Reported": -1669000.0,
        "Diluted Average Shares": 147675000.0,
        "Basic Average Shares": 142179000.0,
        "Diluted EPS": 0.01,
        "Basic EPS": 0.01,
        "Diluted NI Availto Com Stockholders": 1429000.0,
        "Net Income Common Stockholders": 1429000.0,
        "Net Income": 1429000.0,
        "Net Income Including Noncontrolling Interests": 1429000.0,
        "Net Income Continuous Operations": 1429000.0,
        "Tax Provision": -256000.0,
        "Pretax Income": 1173000.0,
        "Other Income Expense": -15351000.0,
        "Special Income Charges": -15351000.0,
        "Other Special Charges": NaN,
        "Restructuring And Mergern Acquisition": 16456000.0,
        "Net Non Operating Interest Income Expense": 2842000.0,
        "Interest Expense Non Operating": 1146000.0,
        "Interest Income Non Operating": 3988000.0,
        "Operating Income": 13682000.0,
        "Operating Expense": 40633000.0,
        "Other Operating Expenses": -4506000.0,
        "Depreciation Amortization Depletion Income Statement": NaN,
        "Depreciation And Amortization In Income Statement": NaN,
        "Depreciation Income Statement": NaN,
        "Research And Development": 8107000.0,
        "Selling General And Administration": 45257000.0,
        "General And Administrative Expense": 31163000.0,
        "Other Gand A": 7211000.0,
        "Salaries And Wages": 23952000.0,
        "Gross Profit": 54315000.0,
        "Cost Of Revenue": 5552000.0,
        "Total Revenue": 59867000.0,
        "Operating Revenue": 59867000.0
    }
}