{
    "2023-03-31": {
        "Tax Effect Of Unusual Items": NaN,
        "Tax Rate For Calcs": NaN,
        "Normalized EBITDA": NaN,
        "Total Unusual Items": 0.0,
        "Total Unusual Items Excluding Goodwill": 0.0,
        "Net Income From Continuing Operation Net Minority Interest": NaN,
        "Reconciled Depreciation": NaN,
        "EBITDA": NaN,
        "EBIT": NaN,
        "Net Interest Income": NaN,
        "Interest Income": NaN,
        "Normalized Income": NaN,
        "Net Income From Continuing And Discontinued Operation": NaN,
        "Total Expenses": NaN,
        "Total Operating Income As Reported": NaN,
        "Diluted Average Shares": NaN,
        "Basic Average Shares": NaN,
        "Diluted EPS": NaN,
        "Basic EPS": NaN,
        "Diluted NI Availto Com Stockholders": NaN,
        "Net Income Common Stockholders": NaN,
        "Net Income": NaN,
        "Net Income Including Noncontrolling Interests": NaN,
        "Net Income Continuous Operations": NaN,
        "Tax Provision": NaN,
        "Pretax Income": NaN,
        "Other Income Expense": NaN,
        "Other Non Operating Income Expenses": NaN,
        "Special Income Charges": 0.0,
        "Gain On Sale Of Ppe": 0.0,
        "Net Non Operating Interest Income Expense": NaN,
        "Interest Income Non Operating": NaN,
        "Operating Income": NaN,
        "Operating Expense": NaN,
        "Research And Development": NaN,
        "Selling General And Administration": NaN,
        "General And Administrative Expense": NaN,
        "Other Gand A": NaN,
        "Total Revenue": NaN,
        "Operating Revenue": NaN
    },
    "2022-12-31": {
        "Tax Effect Of Unusual Items": NaN,
        "Tax Rate For Calcs": NaN,
        "Normalized EBITDA": NaN,
        "Total Unusual Items": 0.0,
        "Total Unusual Items Excluding Goodwill": 0.0,
        "Net Income From Continuing Operation Net Minority Interest": NaN,
        "Reconciled Depreciation": NaN,
        "EBITDA": NaN,
        "EBIT": NaN,
        "Net Interest Income": NaN,
        "Interest Income": NaN,
        "Normalized Income": NaN,
        "Net Income From Continuing And Discontinued Operation": NaN,
        "Total Expenses": NaN,
        "Total Operating Income As Reported": NaN,
        "Diluted Average Shares": NaN,
        "Basic Average Shares": NaN,
        "Diluted EPS": NaN,
        "Basic EPS": NaN,
        "Diluted NI Availto Com Stockholders": NaN,
        "Net Income Common Stockholders": NaN,
        "Net Income": NaN,
        "Net Income Including Noncontrolling Interests": NaN,
        "Net Income Continuous Operations": NaN,
        "Tax Provision": NaN,
        "Pretax Income": NaN,
        "Other Income Expense": NaN,
        "Other Non Operating Income Expenses": NaN,
        "Special Income Charges": 0.0,
        "Gain On Sale Of Ppe": 0.0,
        "Gain On Sale Of Security": 0.0,
        "Net Non Operating Interest Income Expense": NaN,
        "Interest Income Non Operating": NaN,
        "Operating Income": NaN,
        "Operating Expense": NaN,
        "Research And Development": NaN,
        "Selling General And Administration": NaN,
        "General And Administrative Expense": NaN,
        "Other Gand A": NaN,
        "Total Revenue": NaN,
        "Operating Revenue": NaN
    },
    "2022-09-30": {
        "Tax Effect Of Unusual Items": NaN,
        "Tax Rate For Calcs": NaN,
        "Normalized EBITDA": NaN,
        "Total Unusual Items": -322000.0,
        "Total Unusual Items Excluding Goodwill": -322000.0,
        "Net Income From Continuing Operation Net Minority Interest": NaN,
        "Reconciled Depreciation": NaN,
        "EBITDA": NaN,
        "EBIT": NaN,
        "Net Interest Income": NaN,
        "Interest Income": NaN,
        "Normalized Income": NaN,
        "Net Income From Continuing And Discontinued Operation": NaN,
        "Total Expenses": NaN,
        "Total Operating Income As Reported": NaN,
        "Diluted Average Shares": 29273577.0,
        "Basic Average Shares": 29273577.0,
        "Diluted EPS": -0.54,
        "Basic EPS": -0.54,
        "Diluted NI Availto Com Stockholders": NaN,
        "Net Income Common Stockholders": NaN,
        "Net Income": NaN,
        "Net Income Including Noncontrolling Interests": NaN,
        "Net Income Continuous Operations": NaN,
        "Tax Provision": NaN,
        "Pretax Income": NaN,
        "Other Income Expense": NaN,
        "Other Non Operating Income Expenses": NaN,
        "Special Income Charges": -313000.0,
        "Gain On Sale Of Ppe": -313000.0,
        "Gain On Sale Of Security": -9000.0,
        "Net Non Operating Interest Income Expense": NaN,
        "Total Other Finance Cost": -483000.0,
        "Interest Income Non Operating": NaN,
        "Operating Income": NaN,
        "Operating Expense": NaN,
        "Research And Development": NaN,
        "Selling General And Administration": NaN,
        "General And Administrative Expense": NaN,
        "Other Gand A": NaN,
        "Total Revenue": NaN,
        "Operating Revenue": NaN
    },
    "2022-06-30": {
        "Tax Effect Of Unusual Items": 0.0,
        "Tax Rate For Calcs": 0.0,
        "Normalized EBITDA": -13581000.0,
        "Total Unusual Items": 61000.0,
        "Total Unusual Items Excluding Goodwill": 61000.0,
        "Net Income From Continuing Operation Net Minority Interest": -13468000.0,
        "Reconciled Depreciation": 296000.0,
        "EBITDA": -13520000.0,
        "EBIT": -13816000.0,
        "Net Interest Income": 292000.0,
        "Interest Income": NaN,
        "Normalized Income": -13529000.0,
        "Net Income From Continuing And Discontinued Operation": -13468000.0,
        "Total Expenses": 13816000.0,
        "Total Operating Income As Reported": -13816000.0,
        "Diluted Average Shares": 29251480.0,
        "Basic Average Shares": 29251480.0,
        "Diluted EPS": -0.46,
        "Basic EPS": -0.46,
        "Diluted NI Availto Com Stockholders": -13468000.0,
        "Net Income Common Stockholders": -13468000.0,
        "Net Income": -13468000.0,
        "Net Income Including Noncontrolling Interests": -13468000.0,
        "Net Income Continuous Operations": -13468000.0,
        "Pretax Income": -13468000.0,
        "Other Income Expense": 56000.0,
        "Other Non Operating Income Expenses": -5000.0,
        "Special Income Charges": NaN,
        "Gain On Sale Of Ppe": NaN,
        "Gain On Sale Of Security": 61000.0,
        "Net Non Operating Interest Income Expense": 292000.0,
        "Total Other Finance Cost": -292000.0,
        "Interest Income Non Operating": NaN,
        "Operating Income": -13816000.0,
        "Operating Expense": 13816000.0,
        "Research And Development": 9510000.0,
        "Selling General And Administration": 4306000.0,
        "General And Administrative Expense": 4306000.0,
        "Other Gand A": 4306000.0,
        "Total Revenue": 0.0,
        "Operating Revenue": 0.0
    },
    "2022-03-31": {
        "Diluted EPS": -0.44,
        "Total Revenue": NaN,
        "Gross Profit": NaN,
        "Operating Income": -13,
        "EBIT": -13,
        "Net Income": -13
    },
    "2021-12-31": {
        "Diluted EPS": 68.53,
        "Total Revenue": NaN,
        "Gross Profit": NaN,
        "Operating Income": -12,
        "EBIT": -11,
        "Net Income": -13
    },
    "2021-09-30": {
        "Diluted EPS": -28.33,
        "Total Revenue": NaN,
        "Gross Profit": NaN,
        "Operating Income": -9,
        "EBIT": -9,
        "Net Income": -13
    },
    "2021-06-30": {
        "Diluted EPS": -28.53,
        "Total Revenue": NaN,
        "Gross Profit": NaN,
        "Operating Income": -9,
        "EBIT": -9,
        "Net Income": -12
    },
    "2021-03-31": {
        "Diluted EPS": -20.62,
        "Total Revenue": NaN,
        "Gross Profit": NaN,
        "Operating Income": -6,
        "EBIT": -6,
        "Net Income": -8
    },
    "2020-12-31": {
        "Diluted EPS": 0.0,
        "Total Revenue": NaN,
        "Gross Profit": NaN,
        "Operating Income": NaN,
        "EBIT": NaN,
        "Net Income": NaN
    },
    "2020-09-30": {
        "Diluted EPS": -14.81,
        "Total Revenue": NaN,
        "Gross Profit": NaN,
        "Operating Income": -4,
        "EBIT": -4,
        "Net Income": -6
    },
    "2023-06-30": {
        "Tax Effect Of Unusual Items": NaN,
        "Tax Rate For Calcs": NaN,
        "Normalized EBITDA": NaN,
        "Net Income From Continuing Operation Net Minority Interest": NaN,
        "Reconciled Depreciation": NaN,
        "EBITDA": NaN,
        "EBIT": NaN,
        "Net Interest Income": NaN,
        "Interest Income": NaN,
        "Normalized Income": NaN,
        "Net Income From Continuing And Discontinued Operation": NaN,
        "Total Expenses": NaN,
        "Total Operating Income As Reported": NaN,
        "Diluted Average Shares": 37855533.0,
        "Basic Average Shares": 37855533.0,
        "Diluted EPS": -0.48,
        "Basic EPS": -0.48,
        "Diluted NI Availto Com Stockholders": NaN,
        "Net Income Common Stockholders": NaN,
        "Net Income": NaN,
        "Net Income Including Noncontrolling Interests": NaN,
        "Net Income Continuous Operations": NaN,
        "Tax Provision": NaN,
        "Pretax Income": NaN,
        "Other Income Expense": NaN,
        "Other Non Operating Income Expenses": NaN,
        "Net Non Operating Interest Income Expense": NaN,
        "Interest Income Non Operating": NaN,
        "Operating Income": NaN,
        "Operating Expense": NaN,
        "Research And Development": NaN,
        "Selling General And Administration": NaN,
        "General And Administrative Expense": NaN,
        "Other Gand A": NaN,
        "Total Revenue": NaN,
        "Operating Revenue": NaN
    },
    "2023-09-30": {
        "Tax Effect Of Unusual Items": NaN,
        "Tax Rate For Calcs": NaN,
        "Normalized EBITDA": NaN,
        "Net Income From Continuing Operation Net Minority Interest": NaN,
        "Reconciled Depreciation": NaN,
        "EBITDA": NaN,
        "EBIT": NaN,
        "Net Interest Income": NaN,
        "Interest Income": NaN,
        "Normalized Income": NaN,
        "Net Income From Continuing And Discontinued Operation": NaN,
        "Total Expenses": NaN,
        "Total Operating Income As Reported": NaN,
        "Diluted Average Shares": 38185197.0,
        "Basic Average Shares": 38185197.0,
        "Diluted EPS": -0.48,
        "Basic EPS": -0.48,
        "Diluted NI Availto Com Stockholders": NaN,
        "Net Income Common Stockholders": NaN,
        "Net Income": NaN,
        "Net Income Including Noncontrolling Interests": NaN,
        "Net Income Continuous Operations": NaN,
        "Tax Provision": 0.0,
        "Pretax Income": NaN,
        "Other Income Expense": NaN,
        "Other Non Operating Income Expenses": NaN,
        "Net Non Operating Interest Income Expense": NaN,
        "Interest Income Non Operating": NaN,
        "Operating Income": NaN,
        "Operating Expense": NaN,
        "Research And Development": NaN,
        "Selling General And Administration": NaN,
        "General And Administrative Expense": NaN,
        "Other Gand A": NaN,
        "Total Revenue": NaN,
        "Operating Revenue": NaN
    },
    "2023-12-31": {
        "Tax Effect Of Unusual Items": 0.0,
        "Tax Rate For Calcs": 0.0,
        "Normalized EBITDA": -24459000.0,
        "Net Income From Continuing Operation Net Minority Interest": -22131000.0,
        "Reconciled Depreciation": 324000.0,
        "EBITDA": -24459000.0,
        "EBIT": -24783000.0,
        "Net Interest Income": 2607000.0,
        "Interest Income": 2607000.0,
        "Normalized Income": -22131000.0,
        "Net Income From Continuing And Discontinued Operation": -22131000.0,
        "Total Expenses": 24783000.0,
        "Total Operating Income As Reported": -24783000.0,
        "Diluted Average Shares": NaN,
        "Basic Average Shares": NaN,
        "Diluted EPS": NaN,
        "Basic EPS": NaN,
        "Diluted NI Availto Com Stockholders": -22131000.0,
        "Net Income Common Stockholders": -22131000.0,
        "Net Income": -22131000.0,
        "Net Income Including Noncontrolling Interests": -22131000.0,
        "Net Income Continuous Operations": -22131000.0,
        "Tax Provision": NaN,
        "Pretax Income": -21994000.0,
        "Other Income Expense": 182000.0,
        "Other Non Operating Income Expenses": -26000.0,
        "Net Non Operating Interest Income Expense": 2607000.0,
        "Interest Income Non Operating": 2607000.0,
        "Operating Income": -24783000.0,
        "Operating Expense": 24783000.0,
        "Research And Development": 20280000.0,
        "Selling General And Administration": 4503000.0,
        "General And Administrative Expense": 4503000.0,
        "Other Gand A": 4503000.0,
        "Total Revenue": 0.0,
        "Operating Revenue": 0.0
    },
    "2024-03-31": {
        "Tax Effect Of Unusual Items": 0.0,
        "Tax Rate For Calcs": 0.001,
        "Normalized EBITDA": -22007000.0,
        "Net Income From Continuing Operation Net Minority Interest": -19706000.0,
        "Reconciled Depreciation": 306000.0,
        "EBITDA": -22007000.0,
        "EBIT": -22313000.0,
        "Net Interest Income": 2685000.0,
        "Interest Income": 2685000.0,
        "Normalized Income": -19706000.0,
        "Net Income From Continuing And Discontinued Operation": -19706000.0,
        "Total Expenses": 22313000.0,
        "Total Operating Income As Reported": -22313000.0,
        "Diluted Average Shares": 49451943.0,
        "Basic Average Shares": 49451943.0,
        "Diluted EPS": -0.4,
        "Basic EPS": -0.4,
        "Diluted NI Availto Com Stockholders": -19706000.0,
        "Net Income Common Stockholders": -19706000.0,
        "Net Income": -19706000.0,
        "Net Income Including Noncontrolling Interests": -19706000.0,
        "Net Income Continuous Operations": -19706000.0,
        "Tax Provision": 46000.0,
        "Pretax Income": -19660000.0,
        "Other Income Expense": -32000.0,
        "Other Non Operating Income Expenses": -32000.0,
        "Net Non Operating Interest Income Expense": 2685000.0,
        "Interest Income Non Operating": 2685000.0,
        "Operating Income": -22313000.0,
        "Operating Expense": 22313000.0,
        "Research And Development": 17052000.0,
        "Selling General And Administration": 5261000.0,
        "General And Administrative Expense": 5261000.0,
        "Other Gand A": 5261000.0,
        "Total Revenue": 0.0,
        "Operating Revenue": 0.0
    },
    "2024-06-30": {
        "Tax Effect Of Unusual Items": 0.0,
        "Tax Rate For Calcs": 0.0,
        "Normalized EBITDA": -22449000.0,
        "Net Income From Continuing Operation Net Minority Interest": -20337000.0,
        "Reconciled Depreciation": 313000.0,
        "EBITDA": -22449000.0,
        "EBIT": -22762000.0,
        "Net Interest Income": 2451000.0,
        "Interest Income": 2451000.0,
        "Normalized Income": -20337000.0,
        "Net Income From Continuing And Discontinued Operation": -20337000.0,
        "Total Expenses": 22762000.0,
        "Total Operating Income As Reported": -22762000.0,
        "Diluted Average Shares": 49548120.0,
        "Basic Average Shares": 49548120.0,
        "Diluted EPS": -0.41,
        "Basic EPS": -0.41,
        "Diluted NI Availto Com Stockholders": -20337000.0,
        "Net Income Common Stockholders": -20337000.0,
        "Net Income": -20337000.0,
        "Net Income Including Noncontrolling Interests": -20337000.0,
        "Net Income Continuous Operations": -20337000.0,
        "Tax Provision": 0.0,
        "Pretax Income": -20337000.0,
        "Other Income Expense": -26000.0,
        "Other Non Operating Income Expenses": -26000.0,
        "Net Non Operating Interest Income Expense": 2451000.0,
        "Interest Income Non Operating": 2451000.0,
        "Operating Income": -22762000.0,
        "Operating Expense": 22762000.0,
        "Research And Development": 16879000.0,
        "Selling General And Administration": 5883000.0,
        "General And Administrative Expense": 5883000.0,
        "Other Gand A": 5883000.0,
        "Total Revenue": 0.0,
        "Operating Revenue": 0.0
    },
    "2024-09-30": {
        "Tax Effect Of Unusual Items": 0.0,
        "Tax Rate For Calcs": 0.21,
        "Normalized EBITDA": -22919000.0,
        "Net Income From Continuing Operation Net Minority Interest": -21042000.0,
        "Reconciled Depreciation": 313000.0,
        "EBITDA": -22919000.0,
        "EBIT": -23232000.0,
        "Net Interest Income": 2258000.0,
        "Interest Income": 2258000.0,
        "Normalized Income": -21042000.0,
        "Net Income From Continuing And Discontinued Operation": -21042000.0,
        "Total Expenses": 23232000.0,
        "Total Operating Income As Reported": -23232000.0,
        "Diluted Average Shares": 49663532.0,
        "Basic Average Shares": 49663532.0,
        "Diluted EPS": -0.42,
        "Basic EPS": -0.42,
        "Diluted NI Availto Com Stockholders": -21042000.0,
        "Net Income Common Stockholders": -21042000.0,
        "Net Income": -21042000.0,
        "Net Income Including Noncontrolling Interests": -21042000.0,
        "Net Income Continuous Operations": -21042000.0,
        "Tax Provision": 43000.0,
        "Pretax Income": -20999000.0,
        "Other Income Expense": -25000.0,
        "Other Non Operating Income Expenses": -25000.0,
        "Net Non Operating Interest Income Expense": 2258000.0,
        "Interest Income Non Operating": 2258000.0,
        "Operating Income": -23232000.0,
        "Operating Expense": 23232000.0,
        "Research And Development": 17036000.0,
        "Selling General And Administration": 6196000.0,
        "General And Administrative Expense": 6196000.0,
        "Other Gand A": 6196000.0,
        "Total Revenue": 0.0,
        "Operating Revenue": 0.0
    },
    "2024-12-31": {
        "Tax Effect Of Unusual Items": 0.0,
        "Tax Rate For Calcs": 0.21,
        "Normalized EBITDA": -27516000.0,
        "Net Income From Continuing Operation Net Minority Interest": -25834000.0,
        "Reconciled Depreciation": 291000.0,
        "EBITDA": -27516000.0,
        "EBIT": -27807000.0,
        "Net Interest Income": 2034000.0,
        "Interest Income": 2034000.0,
        "Normalized Income": -25834000.0,
        "Net Income From Continuing And Discontinued Operation": -25834000.0,
        "Total Expenses": 27807000.0,
        "Total Operating Income As Reported": -27807000.0,
        "Diluted Average Shares": NaN,
        "Basic Average Shares": NaN,
        "Diluted EPS": NaN,
        "Basic EPS": NaN,
        "Diluted NI Availto Com Stockholders": -25834000.0,
        "Net Income Common Stockholders": -25834000.0,
        "Net Income": -25834000.0,
        "Net Income Including Noncontrolling Interests": -25834000.0,
        "Net Income Continuous Operations": -25834000.0,
        "Tax Provision": 24000.0,
        "Pretax Income": -25810000.0,
        "Other Income Expense": -37000.0,
        "Other Non Operating Income Expenses": -37000.0,
        "Net Non Operating Interest Income Expense": 2034000.0,
        "Interest Income Non Operating": 2034000.0,
        "Operating Income": -27807000.0,
        "Operating Expense": 27807000.0,
        "Research And Development": 22334000.0,
        "Selling General And Administration": 5473000.0,
        "General And Administrative Expense": 5473000.0,
        "Other Gand A": 5473000.0,
        "Total Revenue": 0.0,
        "Operating Revenue": 0.0
    }
}