{
    "2023-03-31": {
        "Tax Effect Of Unusual Items": NaN,
        "Tax Rate For Calcs": NaN,
        "Normalized EBITDA": NaN,
        "Total Unusual Items": NaN,
        "Total Unusual Items Excluding Goodwill": NaN,
        "Net Income From Continuing Operation Net Minority Interest": NaN,
        "Reconciled Depreciation": NaN,
        "EBITDA": NaN,
        "EBIT": NaN,
        "Net Interest Income": NaN,
        "Interest Expense": NaN,
        "Interest Income": NaN,
        "Normalized Income": NaN,
        "Net Income From Continuing And Discontinued Operation": NaN,
        "Total Expenses": NaN,
        "Diluted Average Shares": 173825825.0,
        "Basic Average Shares": 173825825.0,
        "Diluted EPS": -0.23,
        "Basic EPS": -0.23,
        "Diluted NI Availto Com Stockholders": NaN,
        "Net Income Common Stockholders": NaN,
        "Net Income": NaN,
        "Net Income Including Noncontrolling Interests": NaN,
        "Net Income Continuous Operations": NaN,
        "Tax Provision": NaN,
        "Pretax Income": NaN,
        "Other Income Expense": NaN,
        "Other Non Operating Income Expenses": NaN,
        "Special Income Charges": NaN,
        "Gain On Sale Of Ppe": NaN,
        "Impairment Of Capital Assets": NaN,
        "Net Non Operating Interest Income Expense": NaN,
        "Interest Expense Non Operating": NaN,
        "Interest Income Non Operating": NaN,
        "Operating Income": NaN,
        "Operating Expense": NaN,
        "Research And Development": NaN,
        "Selling General And Administration": NaN,
        "General And Administrative Expense": NaN,
        "Other Gand A": NaN,
        "Total Revenue": NaN,
        "Operating Revenue": NaN
    },
    "2022-12-31": {
        "Tax Effect Of Unusual Items": NaN,
        "Tax Rate For Calcs": NaN,
        "Normalized EBITDA": NaN,
        "Total Unusual Items": NaN,
        "Total Unusual Items Excluding Goodwill": NaN,
        "Net Income From Continuing Operation Net Minority Interest": NaN,
        "Reconciled Depreciation": NaN,
        "EBITDA": NaN,
        "EBIT": NaN,
        "Net Interest Income": NaN,
        "Interest Expense": NaN,
        "Interest Income": NaN,
        "Normalized Income": NaN,
        "Net Income From Continuing And Discontinued Operation": NaN,
        "Total Expenses": NaN,
        "Diluted Average Shares": NaN,
        "Basic Average Shares": NaN,
        "Diluted EPS": NaN,
        "Basic EPS": NaN,
        "Diluted NI Availto Com Stockholders": NaN,
        "Net Income Common Stockholders": NaN,
        "Net Income": NaN,
        "Net Income Including Noncontrolling Interests": NaN,
        "Net Income Continuous Operations": NaN,
        "Tax Provision": NaN,
        "Pretax Income": NaN,
        "Other Income Expense": NaN,
        "Other Non Operating Income Expenses": NaN,
        "Special Income Charges": NaN,
        "Gain On Sale Of Ppe": NaN,
        "Impairment Of Capital Assets": NaN,
        "Net Non Operating Interest Income Expense": NaN,
        "Interest Expense Non Operating": NaN,
        "Interest Income Non Operating": NaN,
        "Operating Income": NaN,
        "Operating Expense": NaN,
        "Other Operating Expenses": 0.0,
        "Research And Development": NaN,
        "Selling General And Administration": NaN,
        "General And Administrative Expense": NaN,
        "Other Gand A": NaN,
        "Total Revenue": NaN,
        "Operating Revenue": NaN
    },
    "2022-09-30": {
        "Tax Effect Of Unusual Items": NaN,
        "Tax Rate For Calcs": NaN,
        "Normalized EBITDA": NaN,
        "Total Unusual Items": NaN,
        "Total Unusual Items Excluding Goodwill": NaN,
        "Net Income From Continuing Operation Net Minority Interest": NaN,
        "Reconciled Depreciation": NaN,
        "EBITDA": NaN,
        "EBIT": NaN,
        "Net Interest Income": NaN,
        "Interest Expense": NaN,
        "Interest Income": NaN,
        "Normalized Income": NaN,
        "Net Income From Continuing And Discontinued Operation": NaN,
        "Total Expenses": NaN,
        "Diluted Average Shares": 91240801.0,
        "Basic Average Shares": 91240801.0,
        "Diluted EPS": -0.47,
        "Basic EPS": -0.47,
        "Diluted NI Availto Com Stockholders": NaN,
        "Net Income Common Stockholders": NaN,
        "Net Income": NaN,
        "Net Income Including Noncontrolling Interests": NaN,
        "Net Income Continuous Operations": NaN,
        "Tax Provision": NaN,
        "Pretax Income": NaN,
        "Other Income Expense": NaN,
        "Other Non Operating Income Expenses": NaN,
        "Special Income Charges": NaN,
        "Gain On Sale Of Ppe": NaN,
        "Impairment Of Capital Assets": 0.0,
        "Net Non Operating Interest Income Expense": NaN,
        "Interest Expense Non Operating": NaN,
        "Interest Income Non Operating": NaN,
        "Operating Income": NaN,
        "Operating Expense": NaN,
        "Other Operating Expenses": NaN,
        "Research And Development": NaN,
        "Selling General And Administration": NaN,
        "General And Administrative Expense": NaN,
        "Other Gand A": NaN,
        "Total Revenue": NaN,
        "Operating Revenue": NaN
    },
    "2022-06-30": {
        "Tax Effect Of Unusual Items": 0.0,
        "Tax Rate For Calcs": 0.150889,
        "Normalized EBITDA": -45804000.0,
        "Total Unusual Items": 0.0,
        "Total Unusual Items Excluding Goodwill": 0.0,
        "Net Income From Continuing Operation Net Minority Interest": -42059000.0,
        "Reconciled Depreciation": 1919000.0,
        "EBITDA": -45804000.0,
        "EBIT": -47723000.0,
        "Net Interest Income": -1721000.0,
        "Interest Expense": 1810000.0,
        "Interest Income": 89000.0,
        "Normalized Income": -42059000.0,
        "Net Income From Continuing And Discontinued Operation": -42059000.0,
        "Total Expenses": 46481000.0,
        "Diluted Average Shares": 90931964.0,
        "Basic Average Shares": 90931964.0,
        "Diluted EPS": -0.46,
        "Basic EPS": -0.46,
        "Diluted NI Availto Com Stockholders": -42059000.0,
        "Net Income Common Stockholders": -42059000.0,
        "Net Income": -42059000.0,
        "Net Income Including Noncontrolling Interests": -42059000.0,
        "Net Income Continuous Operations": -42059000.0,
        "Tax Provision": -7474000.0,
        "Pretax Income": -49533000.0,
        "Other Income Expense": -1331000.0,
        "Other Non Operating Income Expenses": -1331000.0,
        "Special Income Charges": 0.0,
        "Gain On Sale Of Ppe": 0.0,
        "Net Non Operating Interest Income Expense": -1721000.0,
        "Interest Expense Non Operating": 1810000.0,
        "Interest Income Non Operating": 89000.0,
        "Operating Income": -46481000.0,
        "Operating Expense": 46481000.0,
        "Other Operating Expenses": NaN,
        "Research And Development": 38212000.0,
        "Selling General And Administration": 8269000.0,
        "General And Administrative Expense": 8269000.0,
        "Other Gand A": 8269000.0,
        "Total Revenue": 0.0,
        "Operating Revenue": 0.0
    },
    "2022-03-31": {
        "Diluted EPS": -0.41,
        "Total Revenue": 0,
        "Gross Profit": 0,
        "Operating Income": -42,
        "EBIT": -40,
        "Net Income": -37
    },
    "2021-12-31": {
        "Diluted EPS": -0.5,
        "Total Revenue": 0,
        "Gross Profit": 0,
        "Operating Income": -47,
        "EBIT": -45,
        "Net Income": -42
    },
    "2021-09-30": {
        "Diluted EPS": -0.47,
        "Total Revenue": 0,
        "Gross Profit": 0,
        "Operating Income": -40,
        "EBIT": -38,
        "Net Income": -34
    },
    "2021-06-30": {
        "Diluted EPS": -0.47,
        "Total Revenue": 2,
        "Gross Profit": 2,
        "Operating Income": -38,
        "EBIT": -35,
        "Net Income": -33
    },
    "2021-03-31": {
        "Diluted EPS": -0.53,
        "Total Revenue": 0,
        "Gross Profit": 0,
        "Operating Income": -40,
        "EBIT": -38,
        "Net Income": -33
    },
    "2020-12-31": {
        "Diluted EPS": -0.82,
        "Total Revenue": 0,
        "Gross Profit": 0,
        "Operating Income": -47,
        "EBIT": -46,
        "Net Income": -43
    },
    "2020-09-30": {
        "Diluted EPS": -0.72,
        "Total Revenue": 1,
        "Gross Profit": 1,
        "Operating Income": -43,
        "EBIT": -41,
        "Net Income": -37
    },
    "2020-06-30": {
        "Diluted EPS": -0.62,
        "Total Revenue": 0,
        "Gross Profit": 0,
        "Operating Income": -40,
        "EBIT": -38,
        "Net Income": -32
    },
    "2020-03-31": {
        "Diluted EPS": -0.6,
        "Total Revenue": 0,
        "Gross Profit": 0,
        "Operating Income": -39,
        "EBIT": -37,
        "Net Income": -30
    },
    "2019-12-31": {
        "Diluted EPS": -0.93,
        "Total Revenue": 0,
        "Gross Profit": 0,
        "Operating Income": -43,
        "EBIT": -42,
        "Net Income": -41
    },
    "2019-09-30": {
        "Diluted EPS": -0.61,
        "Total Revenue": 0,
        "Gross Profit": 0,
        "Operating Income": -36,
        "EBIT": -34,
        "Net Income": -27
    },
    "2019-06-30": {
        "Diluted EPS": -0.65,
        "Total Revenue": 0,
        "Gross Profit": 0,
        "Operating Income": -37,
        "EBIT": -37,
        "Net Income": -28
    },
    "2019-03-31": {
        "Diluted EPS": -0.69,
        "Total Revenue": 2,
        "Gross Profit": 2,
        "Operating Income": -30,
        "EBIT": -29,
        "Net Income": -27
    },
    "2018-12-31": {
        "Diluted EPS": -0.52,
        "Total Revenue": 0,
        "Gross Profit": 0,
        "Operating Income": 77,
        "EBIT": 75,
        "Net Income": -21
    },
    "2018-09-30": {
        "Diluted EPS": -0.33,
        "Total Revenue": 0,
        "Gross Profit": 0,
        "Operating Income": -17,
        "EBIT": -17,
        "Net Income": -13
    },
    "2018-06-30": {
        "Diluted EPS": -0.26,
        "Total Revenue": 0,
        "Gross Profit": 0,
        "Operating Income": -17,
        "EBIT": -16,
        "Net Income": -8
    },
    "2018-03-31": {
        "Diluted EPS": -0.58,
        "Total Revenue": 0,
        "Gross Profit": 0,
        "Operating Income": -16,
        "EBIT": -15,
        "Net Income": -17
    },
    "2017-09-30": {
        "Diluted EPS": 0.0,
        "Total Revenue": NaN,
        "Gross Profit": NaN,
        "Operating Income": NaN,
        "EBIT": NaN,
        "Net Income": NaN
    },
    "2023-06-30": {
        "Tax Effect Of Unusual Items": NaN,
        "Tax Rate For Calcs": NaN,
        "Normalized EBITDA": NaN,
        "Total Unusual Items": NaN,
        "Total Unusual Items Excluding Goodwill": NaN,
        "Net Income From Continuing Operation Net Minority Interest": NaN,
        "Reconciled Depreciation": NaN,
        "EBITDA": NaN,
        "EBIT": NaN,
        "Net Interest Income": NaN,
        "Interest Expense": NaN,
        "Interest Income": NaN,
        "Normalized Income": NaN,
        "Net Income From Continuing And Discontinued Operation": NaN,
        "Total Expenses": NaN,
        "Diluted Average Shares": 173860491.0,
        "Basic Average Shares": 173860491.0,
        "Diluted EPS": -0.26,
        "Basic EPS": -0.26,
        "Diluted NI Availto Com Stockholders": NaN,
        "Net Income Common Stockholders": NaN,
        "Net Income": NaN,
        "Net Income Including Noncontrolling Interests": NaN,
        "Net Income Continuous Operations": NaN,
        "Tax Provision": NaN,
        "Pretax Income": NaN,
        "Other Income Expense": NaN,
        "Other Non Operating Income Expenses": NaN,
        "Special Income Charges": NaN,
        "Gain On Sale Of Ppe": NaN,
        "Impairment Of Capital Assets": NaN,
        "Gain On Sale Of Security": NaN,
        "Net Non Operating Interest Income Expense": NaN,
        "Interest Expense Non Operating": NaN,
        "Interest Income Non Operating": NaN,
        "Operating Income": NaN,
        "Operating Expense": NaN,
        "Research And Development": NaN,
        "Selling General And Administration": NaN,
        "General And Administrative Expense": NaN,
        "Other Gand A": NaN,
        "Total Revenue": NaN,
        "Operating Revenue": NaN
    },
    "2023-09-30": {
        "Tax Effect Of Unusual Items": NaN,
        "Tax Rate For Calcs": NaN,
        "Normalized EBITDA": NaN,
        "Total Unusual Items": NaN,
        "Total Unusual Items Excluding Goodwill": NaN,
        "Net Income From Continuing Operation Net Minority Interest": NaN,
        "Reconciled Depreciation": NaN,
        "Reconciled Cost Of Revenue": NaN,
        "EBITDA": NaN,
        "EBIT": NaN,
        "Net Interest Income": NaN,
        "Interest Expense": NaN,
        "Interest Income": NaN,
        "Normalized Income": NaN,
        "Net Income From Continuing And Discontinued Operation": NaN,
        "Total Expenses": NaN,
        "Diluted Average Shares": 173984101.0,
        "Basic Average Shares": 173984101.0,
        "Diluted EPS": -0.26,
        "Basic EPS": -0.26,
        "Diluted NI Availto Com Stockholders": NaN,
        "Net Income Common Stockholders": NaN,
        "Net Income": NaN,
        "Net Income Including Noncontrolling Interests": NaN,
        "Net Income Continuous Operations": NaN,
        "Tax Provision": NaN,
        "Pretax Income": NaN,
        "Other Income Expense": NaN,
        "Other Non Operating Income Expenses": NaN,
        "Special Income Charges": NaN,
        "Gain On Sale Of Ppe": NaN,
        "Impairment Of Capital Assets": 382000.0,
        "Gain On Sale Of Security": -1733000.0,
        "Net Non Operating Interest Income Expense": NaN,
        "Interest Expense Non Operating": NaN,
        "Interest Income Non Operating": NaN,
        "Operating Income": NaN,
        "Operating Expense": NaN,
        "Research And Development": NaN,
        "Selling General And Administration": NaN,
        "General And Administrative Expense": NaN,
        "Other Gand A": NaN,
        "Gross Profit": NaN,
        "Cost Of Revenue": NaN,
        "Total Revenue": NaN,
        "Operating Revenue": NaN
    },
    "2023-12-31": {
        "Tax Effect Of Unusual Items": NaN,
        "Tax Rate For Calcs": NaN,
        "Normalized EBITDA": NaN,
        "Total Unusual Items": NaN,
        "Total Unusual Items Excluding Goodwill": NaN,
        "Net Income From Continuing Operation Net Minority Interest": NaN,
        "Reconciled Depreciation": NaN,
        "Reconciled Cost Of Revenue": NaN,
        "EBITDA": NaN,
        "EBIT": NaN,
        "Net Interest Income": NaN,
        "Interest Expense": NaN,
        "Interest Income": NaN,
        "Normalized Income": NaN,
        "Net Income From Continuing And Discontinued Operation": NaN,
        "Total Expenses": NaN,
        "Total Operating Income As Reported": NaN,
        "Diluted Average Shares": NaN,
        "Basic Average Shares": NaN,
        "Diluted EPS": NaN,
        "Basic EPS": NaN,
        "Diluted NI Availto Com Stockholders": NaN,
        "Net Income Common Stockholders": NaN,
        "Net Income": NaN,
        "Net Income Including Noncontrolling Interests": NaN,
        "Net Income Continuous Operations": NaN,
        "Tax Provision": NaN,
        "Pretax Income": NaN,
        "Other Income Expense": NaN,
        "Other Non Operating Income Expenses": NaN,
        "Special Income Charges": NaN,
        "Gain On Sale Of Ppe": NaN,
        "Impairment Of Capital Assets": 0.0,
        "Gain On Sale Of Security": NaN,
        "Net Non Operating Interest Income Expense": NaN,
        "Interest Expense Non Operating": NaN,
        "Interest Income Non Operating": NaN,
        "Operating Income": NaN,
        "Operating Expense": NaN,
        "Research And Development": NaN,
        "Selling General And Administration": NaN,
        "General And Administrative Expense": NaN,
        "Other Gand A": NaN,
        "Gross Profit": NaN,
        "Cost Of Revenue": NaN,
        "Total Revenue": NaN,
        "Operating Revenue": NaN
    },
    "2024-03-31": {
        "Tax Effect Of Unusual Items": NaN,
        "Tax Rate For Calcs": NaN,
        "Normalized EBITDA": NaN,
        "Total Unusual Items": NaN,
        "Total Unusual Items Excluding Goodwill": NaN,
        "Net Income From Continuing Operation Net Minority Interest": NaN,
        "Reconciled Depreciation": NaN,
        "Reconciled Cost Of Revenue": 0.0,
        "EBITDA": NaN,
        "EBIT": NaN,
        "Net Interest Income": NaN,
        "Interest Expense": 19269000.0,
        "Interest Income": NaN,
        "Normalized Income": NaN,
        "Net Income From Continuing And Discontinued Operation": NaN,
        "Total Expenses": NaN,
        "Total Operating Income As Reported": NaN,
        "Diluted Average Shares": 222170707.0,
        "Basic Average Shares": 222170707.0,
        "Diluted EPS": -0.24,
        "Basic EPS": -0.24,
        "Diluted NI Availto Com Stockholders": NaN,
        "Net Income Common Stockholders": NaN,
        "Net Income": NaN,
        "Net Income Including Noncontrolling Interests": NaN,
        "Net Income Continuous Operations": NaN,
        "Tax Provision": NaN,
        "Pretax Income": NaN,
        "Other Income Expense": NaN,
        "Other Non Operating Income Expenses": NaN,
        "Special Income Charges": NaN,
        "Gain On Sale Of Ppe": NaN,
        "Impairment Of Capital Assets": NaN,
        "Gain On Sale Of Security": NaN,
        "Net Non Operating Interest Income Expense": NaN,
        "Interest Expense Non Operating": 19269000.0,
        "Interest Income Non Operating": NaN,
        "Operating Income": NaN,
        "Operating Expense": NaN,
        "Research And Development": NaN,
        "Selling General And Administration": NaN,
        "General And Administrative Expense": 18177000.0,
        "Other Gand A": 18177000.0,
        "Gross Profit": 10091000.0,
        "Cost Of Revenue": 0.0,
        "Total Revenue": NaN,
        "Operating Revenue": NaN
    },
    "2024-06-30": {
        "Tax Effect Of Unusual Items": 158760.0,
        "Tax Rate For Calcs": 0.21,
        "Normalized EBITDA": -44619000.0,
        "Total Unusual Items": 756000.0,
        "Total Unusual Items Excluding Goodwill": 756000.0,
        "Net Income From Continuing Operation Net Minority Interest": -58272000.0,
        "Reconciled Depreciation": 4184000.0,
        "Reconciled Cost Of Revenue": 0.0,
        "EBITDA": -43863000.0,
        "EBIT": -48047000.0,
        "Net Interest Income": -518000.0,
        "Interest Expense": 10174000.0,
        "Interest Income": 9656000.0,
        "Normalized Income": -58869240.0,
        "Net Income From Continuing And Discontinued Operation": -58272000.0,
        "Total Expenses": 58515000.0,
        "Total Operating Income As Reported": -58929000.0,
        "Diluted Average Shares": 266025783.0,
        "Basic Average Shares": 266025783.0,
        "Diluted EPS": -0.22,
        "Basic EPS": -0.22,
        "Diluted NI Availto Com Stockholders": -58272000.0,
        "Net Income Common Stockholders": -58272000.0,
        "Net Income": -58272000.0,
        "Net Income Including Noncontrolling Interests": -58272000.0,
        "Net Income Continuous Operations": -58272000.0,
        "Tax Provision": 51000.0,
        "Pretax Income": -58221000.0,
        "Other Income Expense": 812000.0,
        "Other Non Operating Income Expenses": 56000.0,
        "Special Income Charges": -414000.0,
        "Gain On Sale Of Ppe": 0.0,
        "Impairment Of Capital Assets": 414000.0,
        "Gain On Sale Of Security": 1170000.0,
        "Net Non Operating Interest Income Expense": -518000.0,
        "Interest Expense Non Operating": 10174000.0,
        "Interest Income Non Operating": 9656000.0,
        "Operating Income": -58515000.0,
        "Operating Expense": 58515000.0,
        "Research And Development": 36612000.0,
        "Selling General And Administration": 21903000.0,
        "General And Administrative Expense": 21903000.0,
        "Other Gand A": 21903000.0,
        "Gross Profit": 0.0,
        "Cost Of Revenue": 0.0,
        "Total Revenue": 0.0,
        "Operating Revenue": 0.0
    },
    "2024-09-30": {
        "Tax Effect Of Unusual Items": -2542470.0,
        "Tax Rate For Calcs": 0.21,
        "Normalized EBITDA": -59279000.0,
        "Total Unusual Items": -12107000.0,
        "Total Unusual Items Excluding Goodwill": -12107000.0,
        "Net Income From Continuing Operation Net Minority Interest": -82094000.0,
        "Reconciled Depreciation": -351000.0,
        "Reconciled Cost Of Revenue": NaN,
        "EBITDA": -71386000.0,
        "EBIT": -71386000.0,
        "Net Interest Income": -2366000.0,
        "Interest Expense": 10686000.0,
        "Interest Income": 8320000.0,
        "Normalized Income": -72529470.0,
        "Net Income From Continuing And Discontinued Operation": -82094000.0,
        "Total Expenses": 67653000.0,
        "Total Operating Income As Reported": NaN,
        "Diluted Average Shares": 266084589.0,
        "Basic Average Shares": 266084589.0,
        "Diluted EPS": -0.31,
        "Basic EPS": -0.31,
        "Diluted NI Availto Com Stockholders": -82094000.0,
        "Net Income Common Stockholders": -82094000.0,
        "Net Income": -82094000.0,
        "Net Income Including Noncontrolling Interests": -82094000.0,
        "Net Income Continuous Operations": -82094000.0,
        "Tax Provision": 22000.0,
        "Pretax Income": -82072000.0,
        "Other Income Expense": -12053000.0,
        "Other Non Operating Income Expenses": 54000.0,
        "Special Income Charges": -223000.0,
        "Gain On Sale Of Ppe": -223000.0,
        "Impairment Of Capital Assets": 0.0,
        "Gain On Sale Of Security": -11884000.0,
        "Net Non Operating Interest Income Expense": -2366000.0,
        "Interest Expense Non Operating": 10686000.0,
        "Interest Income Non Operating": 8320000.0,
        "Operating Income": -67653000.0,
        "Operating Expense": 67653000.0,
        "Research And Development": 40323000.0,
        "Selling General And Administration": 27330000.0,
        "General And Administrative Expense": 27330000.0,
        "Other Gand A": 27330000.0,
        "Gross Profit": NaN,
        "Cost Of Revenue": NaN,
        "Total Revenue": 0.0,
        "Operating Revenue": 0.0
    },
    "2024-12-31": {
        "Tax Effect Of Unusual Items": 2389590.0,
        "Tax Rate For Calcs": 0.21,
        "Normalized EBITDA": -66281000.0,
        "Total Unusual Items": 11379000.0,
        "Total Unusual Items Excluding Goodwill": 11379000.0,
        "Net Income From Continuing Operation Net Minority Interest": -27606000.0,
        "Reconciled Depreciation": 2077000.0,
        "Reconciled Cost Of Revenue": NaN,
        "EBITDA": -54902000.0,
        "EBIT": -56979000.0,
        "Net Interest Income": 38282000.0,
        "Interest Expense": -30835000.0,
        "Interest Income": 7447000.0,
        "Normalized Income": -36595410.0,
        "Net Income From Continuing And Discontinued Operation": -27606000.0,
        "Total Expenses": 75893000.0,
        "Total Operating Income As Reported": NaN,
        "Diluted Average Shares": NaN,
        "Basic Average Shares": NaN,
        "Diluted EPS": NaN,
        "Basic EPS": NaN,
        "Diluted NI Availto Com Stockholders": -27606000.0,
        "Net Income Common Stockholders": -27606000.0,
        "Net Income": -27606000.0,
        "Net Income Including Noncontrolling Interests": -27606000.0,
        "Net Income Continuous Operations": -27606000.0,
        "Tax Provision": 1462000.0,
        "Pretax Income": -26144000.0,
        "Other Income Expense": 11438000.0,
        "Other Non Operating Income Expenses": 59000.0,
        "Special Income Charges": 0.0,
        "Gain On Sale Of Ppe": 0.0,
        "Impairment Of Capital Assets": 0.0,
        "Gain On Sale Of Security": 11379000.0,
        "Net Non Operating Interest Income Expense": 38282000.0,
        "Interest Expense Non Operating": -30835000.0,
        "Interest Income Non Operating": 7447000.0,
        "Operating Income": -75864000.0,
        "Operating Expense": 64506000.0,
        "Research And Development": 30830000.0,
        "Selling General And Administration": 33676000.0,
        "General And Administrative Expense": NaN,
        "Other Gand A": NaN,
        "Gross Profit": NaN,
        "Cost Of Revenue": NaN,
        "Total Revenue": 29000.0,
        "Operating Revenue": 29000.0
    },
    "2025-03-31": {
        "Tax Effect Of Unusual Items": 247380.0,
        "Tax Rate For Calcs": 0.21,
        "Normalized EBITDA": -56694000.0,
        "Total Unusual Items": 1178000.0,
        "Total Unusual Items Excluding Goodwill": 1178000.0,
        "Net Income From Continuing Operation Net Minority Interest": -70161000.0,
        "Reconciled Depreciation": 2277000.0,
        "Reconciled Cost Of Revenue": 17951000.0,
        "EBITDA": -55516000.0,
        "EBIT": -57793000.0,
        "Net Interest Income": -4006000.0,
        "Interest Expense": 10143000.0,
        "Interest Income": 6137000.0,
        "Normalized Income": -71091620.0,
        "Net Income From Continuing And Discontinued Operation": -70161000.0,
        "Total Expenses": 74219000.0,
        "Total Operating Income As Reported": NaN,
        "Diluted Average Shares": 266126548.0,
        "Basic Average Shares": 266126548.0,
        "Diluted EPS": -0.26,
        "Basic EPS": -0.26,
        "Diluted NI Availto Com Stockholders": -70161000.0,
        "Net Income Common Stockholders": -70161000.0,
        "Net Income": -70161000.0,
        "Net Income Including Noncontrolling Interests": -70161000.0,
        "Net Income Continuous Operations": -70161000.0,
        "Tax Provision": 2225000.0,
        "Pretax Income": -67936000.0,
        "Other Income Expense": 1307000.0,
        "Other Non Operating Income Expenses": 129000.0,
        "Special Income Charges": -3000.0,
        "Gain On Sale Of Ppe": -3000.0,
        "Impairment Of Capital Assets": NaN,
        "Gain On Sale Of Security": 1181000.0,
        "Net Non Operating Interest Income Expense": -4006000.0,
        "Interest Expense Non Operating": 10143000.0,
        "Interest Income Non Operating": 6137000.0,
        "Operating Income": -65237000.0,
        "Operating Expense": 56268000.0,
        "Research And Development": 26734000.0,
        "Selling General And Administration": 29534000.0,
        "General And Administrative Expense": 29534000.0,
        "Other Gand A": 29534000.0,
        "Gross Profit": -8969000.0,
        "Cost Of Revenue": 17951000.0,
        "Total Revenue": 8982000.0,
        "Operating Revenue": 8982000.0
    },
    "2025-06-30": {
        "Tax Effect Of Unusual Items": 314790.0,
        "Tax Rate For Calcs": 0.21,
        "Normalized EBITDA": -58405000.0,
        "Total Unusual Items": 1499000.0,
        "Total Unusual Items Excluding Goodwill": 1499000.0,
        "Net Income From Continuing Operation Net Minority Interest": -47917000.0,
        "Reconciled Depreciation": 4311000.0,
        "Reconciled Cost Of Revenue": 24445000.0,
        "EBITDA": -56906000.0,
        "EBIT": -61217000.0,
        "Net Interest Income": 12063000.0,
        "Interest Expense": NaN,
        "Interest Income": 12063000.0,
        "Normalized Income": -49101210.0,
        "Net Income From Continuing And Discontinued Operation": -47917000.0,
        "Total Expenses": 82140000.0,
        "Total Operating Income As Reported": -61217000.0,
        "Diluted Average Shares": 266141411.0,
        "Basic Average Shares": 266141411.0,
        "Diluted EPS": -0.18,
        "Basic EPS": -0.18,
        "Diluted NI Availto Com Stockholders": -47917000.0,
        "Net Income Common Stockholders": -47917000.0,
        "Net Income": -47917000.0,
        "Net Income Including Noncontrolling Interests": -47917000.0,
        "Net Income Continuous Operations": -47917000.0,
        "Tax Provision": 397000.0,
        "Pretax Income": -47520000.0,
        "Other Income Expense": 1634000.0,
        "Other Non Operating Income Expenses": 135000.0,
        "Special Income Charges": 0.0,
        "Gain On Sale Of Ppe": 0.0,
        "Impairment Of Capital Assets": 0.0,
        "Gain On Sale Of Security": 1499000.0,
        "Net Non Operating Interest Income Expense": 12063000.0,
        "Interest Expense Non Operating": NaN,
        "Interest Income Non Operating": 12063000.0,
        "Operating Income": -61217000.0,
        "Operating Expense": 57695000.0,
        "Research And Development": 27430000.0,
        "Selling General And Administration": 30265000.0,
        "General And Administrative Expense": 30265000.0,
        "Other Gand A": 30265000.0,
        "Gross Profit": -3522000.0,
        "Cost Of Revenue": 24445000.0,
        "Total Revenue": 20923000.0,
        "Operating Revenue": 20923000.0
    }
}