{
    "2023-03-31": {
        "Tax Effect Of Unusual Items": NaN,
        "Tax Rate For Calcs": NaN,
        "Normalized EBITDA": NaN,
        "Total Unusual Items": NaN,
        "Total Unusual Items Excluding Goodwill": NaN,
        "Net Income From Continuing Operation Net Minority Interest": NaN,
        "Reconciled Depreciation": NaN,
        "Reconciled Cost Of Revenue": NaN,
        "EBITDA": NaN,
        "EBIT": NaN,
        "Net Interest Income": NaN,
        "Interest Expense": NaN,
        "Interest Income": 0.0,
        "Normalized Income": NaN,
        "Net Income From Continuing And Discontinued Operation": NaN,
        "Total Expenses": NaN,
        "Total Operating Income As Reported": NaN,
        "Diluted Average Shares": NaN,
        "Basic Average Shares": NaN,
        "Diluted EPS": NaN,
        "Basic EPS": NaN,
        "Diluted NI Availto Com Stockholders": NaN,
        "Net Income Common Stockholders": NaN,
        "Net Income": NaN,
        "Net Income Including Noncontrolling Interests": NaN,
        "Net Income Continuous Operations": NaN,
        "Tax Provision": NaN,
        "Pretax Income": NaN,
        "Other Income Expense": NaN,
        "Gain On Sale Of Security": NaN,
        "Net Non Operating Interest Income Expense": NaN,
        "Interest Expense Non Operating": NaN,
        "Interest Income Non Operating": 0.0,
        "Operating Income": NaN,
        "Operating Expense": NaN,
        "Depreciation Amortization Depletion Income Statement": NaN,
        "Depreciation And Amortization In Income Statement": NaN,
        "Research And Development": NaN,
        "Selling General And Administration": NaN,
        "Selling And Marketing Expense": NaN,
        "General And Administrative Expense": NaN,
        "Other Gand A": NaN,
        "Gross Profit": NaN,
        "Cost Of Revenue": NaN,
        "Total Revenue": NaN,
        "Operating Revenue": NaN
    },
    "2022-12-31": {
        "Tax Effect Of Unusual Items": NaN,
        "Tax Rate For Calcs": NaN,
        "Normalized EBITDA": NaN,
        "Total Unusual Items": 0.0,
        "Total Unusual Items Excluding Goodwill": 0.0,
        "Net Income From Continuing Operation Net Minority Interest": NaN,
        "Reconciled Depreciation": NaN,
        "Reconciled Cost Of Revenue": NaN,
        "EBITDA": NaN,
        "EBIT": NaN,
        "Net Interest Income": NaN,
        "Interest Expense": NaN,
        "Interest Income": 1.0,
        "Normalized Income": NaN,
        "Net Income From Continuing And Discontinued Operation": NaN,
        "Total Expenses": NaN,
        "Total Operating Income As Reported": NaN,
        "Diluted Average Shares": NaN,
        "Basic Average Shares": NaN,
        "Diluted EPS": NaN,
        "Basic EPS": NaN,
        "Diluted NI Availto Com Stockholders": NaN,
        "Net Income Common Stockholders": NaN,
        "Net Income": NaN,
        "Net Income Including Noncontrolling Interests": NaN,
        "Net Income Continuous Operations": NaN,
        "Tax Provision": NaN,
        "Pretax Income": NaN,
        "Other Income Expense": NaN,
        "Special Income Charges": 0.0,
        "Gain On Sale Of Security": NaN,
        "Net Non Operating Interest Income Expense": NaN,
        "Interest Expense Non Operating": NaN,
        "Interest Income Non Operating": 1.0,
        "Operating Income": NaN,
        "Operating Expense": NaN,
        "Depreciation Amortization Depletion Income Statement": NaN,
        "Depreciation And Amortization In Income Statement": NaN,
        "Research And Development": NaN,
        "Selling General And Administration": NaN,
        "Selling And Marketing Expense": NaN,
        "General And Administrative Expense": NaN,
        "Other Gand A": NaN,
        "Gross Profit": NaN,
        "Cost Of Revenue": NaN,
        "Total Revenue": NaN,
        "Operating Revenue": NaN
    },
    "2022-09-30": {
        "Tax Effect Of Unusual Items": NaN,
        "Tax Rate For Calcs": NaN,
        "Normalized EBITDA": NaN,
        "Total Unusual Items": 0.0,
        "Total Unusual Items Excluding Goodwill": 0.0,
        "Net Income From Continuing Operation Net Minority Interest": NaN,
        "Reconciled Depreciation": NaN,
        "Reconciled Cost Of Revenue": NaN,
        "EBITDA": NaN,
        "EBIT": NaN,
        "Net Interest Income": NaN,
        "Interest Expense": NaN,
        "Interest Income": 0.0,
        "Normalized Income": NaN,
        "Net Income From Continuing And Discontinued Operation": NaN,
        "Total Expenses": NaN,
        "Total Operating Income As Reported": NaN,
        "Diluted Average Shares": 500590.0,
        "Basic Average Shares": 500590.0,
        "Diluted EPS": -2.75,
        "Basic EPS": -2.75,
        "Diluted NI Availto Com Stockholders": NaN,
        "Net Income Common Stockholders": NaN,
        "Net Income": NaN,
        "Net Income Including Noncontrolling Interests": NaN,
        "Net Income Continuous Operations": NaN,
        "Tax Provision": NaN,
        "Pretax Income": NaN,
        "Special Income Charges": 0.0,
        "Net Non Operating Interest Income Expense": NaN,
        "Interest Expense Non Operating": NaN,
        "Interest Income Non Operating": 0.0,
        "Operating Income": NaN,
        "Operating Expense": NaN,
        "Depreciation Amortization Depletion Income Statement": NaN,
        "Depreciation And Amortization In Income Statement": NaN,
        "Research And Development": NaN,
        "Selling General And Administration": NaN,
        "Selling And Marketing Expense": NaN,
        "General And Administrative Expense": NaN,
        "Other Gand A": NaN,
        "Gross Profit": NaN,
        "Cost Of Revenue": NaN,
        "Total Revenue": NaN,
        "Operating Revenue": NaN
    },
    "2022-06-30": {
        "Tax Effect Of Unusual Items": 0.0,
        "Tax Rate For Calcs": 0.0,
        "Normalized EBITDA": -1777357.0,
        "Total Unusual Items": 0.0,
        "Total Unusual Items Excluding Goodwill": 0.0,
        "Net Income From Continuing Operation Net Minority Interest": -2050385.0,
        "Reconciled Depreciation": 271005.0,
        "Reconciled Cost Of Revenue": 43532.0,
        "EBITDA": -1777357.0,
        "EBIT": -2048362.0,
        "Net Interest Income": -2023.0,
        "Interest Expense": 2023.0,
        "Interest Income": 0.0,
        "Normalized Income": -2050385.0,
        "Net Income From Continuing And Discontinued Operation": -2050385.0,
        "Total Expenses": 2048362.0,
        "Total Operating Income As Reported": -2048362.0,
        "Diluted Average Shares": 12514763.0,
        "Basic Average Shares": 12514763.0,
        "Diluted EPS": -0.16,
        "Basic EPS": -0.16,
        "Diluted NI Availto Com Stockholders": -2050385.0,
        "Net Income Common Stockholders": -2050385.0,
        "Net Income": -2050385.0,
        "Net Income Including Noncontrolling Interests": -2050385.0,
        "Net Income Continuous Operations": -2050385.0,
        "Tax Provision": 0.0,
        "Pretax Income": -2050385.0,
        "Special Income Charges": 0.0,
        "Net Non Operating Interest Income Expense": -2023.0,
        "Interest Expense Non Operating": 2023.0,
        "Interest Income Non Operating": 0.0,
        "Operating Income": -2048362.0,
        "Operating Expense": 2004830.0,
        "Depreciation Amortization Depletion Income Statement": 271005.0,
        "Depreciation And Amortization In Income Statement": 271005.0,
        "Research And Development": 151251.0,
        "Selling General And Administration": 1582574.0,
        "Selling And Marketing Expense": 740019.0,
        "General And Administrative Expense": 842555.0,
        "Other Gand A": 842555.0,
        "Gross Profit": -43532.0,
        "Cost Of Revenue": 43532.0,
        "Total Revenue": 0.0,
        "Operating Revenue": 0.0
    },
    "2022-03-31": {
        "Diluted EPS": -0.14,
        "Total Revenue": NaN,
        "Gross Profit": 0,
        "Operating Income": -2,
        "EBIT": -2,
        "Net Income": -2
    },
    "2021-12-31": {
        "Diluted EPS": 0.66,
        "Total Revenue": NaN,
        "Gross Profit": 0,
        "Operating Income": -2,
        "EBIT": -2,
        "Net Income": -1
    },
    "2021-09-30": {
        "Diluted EPS": -0.17,
        "Total Revenue": NaN,
        "Gross Profit": 0,
        "Operating Income": -2,
        "EBIT": -2,
        "Net Income": -2
    },
    "2021-06-30": {
        "Diluted EPS": -0.07,
        "Total Revenue": NaN,
        "Gross Profit": 0,
        "Operating Income": -1,
        "EBIT": -1,
        "Net Income": -1
    },
    "2021-03-31": {
        "Diluted EPS": -1.72,
        "Total Revenue": NaN,
        "Gross Profit": 0,
        "Operating Income": -1,
        "EBIT": -1,
        "Net Income": -9
    },
    "2020-12-31": {
        "Diluted EPS": -1.09,
        "Total Revenue": 0,
        "Gross Profit": 0,
        "Operating Income": 0,
        "EBIT": 0,
        "Net Income": -1
    },
    "2020-09-30": {
        "Diluted EPS": -1.91,
        "Total Revenue": NaN,
        "Gross Profit": 0,
        "Operating Income": 0,
        "EBIT": 0,
        "Net Income": -1
    },
    "2020-06-30": {
        "Diluted EPS": -2.73,
        "Total Revenue": 0,
        "Gross Profit": 0,
        "Operating Income": -1,
        "EBIT": -1,
        "Net Income": -1
    },
    "2020-03-31": {
        "Diluted EPS": -2.62,
        "Total Revenue": 0,
        "Gross Profit": 0,
        "Operating Income": -1,
        "EBIT": -1,
        "Net Income": -1
    },
    "2019-12-31": {
        "Diluted EPS": 0.0,
        "Total Revenue": NaN,
        "Gross Profit": NaN,
        "Operating Income": NaN,
        "EBIT": NaN,
        "Net Income": NaN
    },
    "2023-06-30": {
        "Tax Effect Of Unusual Items": NaN,
        "Tax Rate For Calcs": NaN,
        "Normalized EBITDA": NaN,
        "Total Unusual Items": NaN,
        "Total Unusual Items Excluding Goodwill": NaN,
        "Net Income From Continuing Operation Net Minority Interest": NaN,
        "Reconciled Depreciation": NaN,
        "Reconciled Cost Of Revenue": NaN,
        "EBITDA": NaN,
        "EBIT": NaN,
        "Net Interest Income": NaN,
        "Interest Expense": NaN,
        "Normalized Income": NaN,
        "Net Income From Continuing And Discontinued Operation": NaN,
        "Total Expenses": NaN,
        "Total Operating Income As Reported": NaN,
        "Diluted Average Shares": 614092.0,
        "Basic Average Shares": 614092.0,
        "Diluted EPS": -3.78,
        "Basic EPS": -3.78,
        "Diluted NI Availto Com Stockholders": NaN,
        "Net Income Common Stockholders": NaN,
        "Net Income": NaN,
        "Net Income Including Noncontrolling Interests": NaN,
        "Net Income Continuous Operations": NaN,
        "Tax Provision": NaN,
        "Pretax Income": NaN,
        "Other Income Expense": NaN,
        "Gain On Sale Of Security": NaN,
        "Net Non Operating Interest Income Expense": NaN,
        "Interest Expense Non Operating": NaN,
        "Operating Income": NaN,
        "Operating Expense": NaN,
        "Depreciation Amortization Depletion Income Statement": NaN,
        "Depreciation And Amortization In Income Statement": NaN,
        "Research And Development": NaN,
        "Selling General And Administration": NaN,
        "Selling And Marketing Expense": NaN,
        "General And Administrative Expense": NaN,
        "Other Gand A": NaN,
        "Gross Profit": NaN,
        "Cost Of Revenue": NaN,
        "Total Revenue": NaN,
        "Operating Revenue": NaN
    },
    "2023-09-30": {
        "Tax Effect Of Unusual Items": NaN,
        "Tax Rate For Calcs": NaN,
        "Normalized EBITDA": NaN,
        "Total Unusual Items": NaN,
        "Total Unusual Items Excluding Goodwill": NaN,
        "Net Income From Continuing Operation Net Minority Interest": NaN,
        "Reconciled Depreciation": NaN,
        "Reconciled Cost Of Revenue": NaN,
        "EBITDA": NaN,
        "EBIT": NaN,
        "Net Interest Income": NaN,
        "Interest Expense": NaN,
        "Normalized Income": NaN,
        "Net Income From Continuing And Discontinued Operation": NaN,
        "Total Expenses": NaN,
        "Total Operating Income As Reported": NaN,
        "Diluted Average Shares": 46934.0,
        "Basic Average Shares": 46934.0,
        "Diluted EPS": -45.05,
        "Basic EPS": -45.05,
        "Diluted NI Availto Com Stockholders": NaN,
        "Net Income Common Stockholders": NaN,
        "Net Income": NaN,
        "Net Income Including Noncontrolling Interests": NaN,
        "Net Income Continuous Operations": NaN,
        "Tax Provision": NaN,
        "Pretax Income": NaN,
        "Other Income Expense": NaN,
        "Gain On Sale Of Security": NaN,
        "Net Non Operating Interest Income Expense": NaN,
        "Interest Expense Non Operating": NaN,
        "Operating Income": NaN,
        "Operating Expense": NaN,
        "Depreciation Amortization Depletion Income Statement": NaN,
        "Depreciation And Amortization In Income Statement": NaN,
        "Research And Development": NaN,
        "Selling General And Administration": NaN,
        "Selling And Marketing Expense": NaN,
        "General And Administrative Expense": NaN,
        "Other Gand A": NaN,
        "Gross Profit": NaN,
        "Cost Of Revenue": NaN,
        "Total Revenue": NaN,
        "Operating Revenue": NaN
    },
    "2023-12-31": {
        "Tax Effect Of Unusual Items": 0.0,
        "Tax Rate For Calcs": 0.0,
        "Normalized EBITDA": -1525093.0,
        "Total Unusual Items": NaN,
        "Total Unusual Items Excluding Goodwill": NaN,
        "Net Income From Continuing Operation Net Minority Interest": -2212840.0,
        "Reconciled Depreciation": 490017.0,
        "Reconciled Cost Of Revenue": 50870.0,
        "EBITDA": -1525093.0,
        "EBIT": -2015110.0,
        "Net Interest Income": -197730.0,
        "Interest Expense": 197730.0,
        "Normalized Income": -2212840.0,
        "Net Income From Continuing And Discontinued Operation": -2212840.0,
        "Total Expenses": 2015110.0,
        "Total Operating Income As Reported": -2015110.0,
        "Diluted Average Shares": NaN,
        "Basic Average Shares": NaN,
        "Diluted EPS": NaN,
        "Basic EPS": NaN,
        "Diluted NI Availto Com Stockholders": -2212840.0,
        "Net Income Common Stockholders": -2212840.0,
        "Net Income": -2212840.0,
        "Net Income Including Noncontrolling Interests": -2212840.0,
        "Net Income Continuous Operations": -2212840.0,
        "Tax Provision": 0.0,
        "Pretax Income": -2212840.0,
        "Other Income Expense": NaN,
        "Gain On Sale Of Security": NaN,
        "Net Non Operating Interest Income Expense": -197730.0,
        "Interest Expense Non Operating": 197730.0,
        "Operating Income": -2015110.0,
        "Operating Expense": 1964240.0,
        "Depreciation Amortization Depletion Income Statement": 490017.0,
        "Depreciation And Amortization In Income Statement": 490017.0,
        "Research And Development": 163395.0,
        "Selling General And Administration": 1310828.0,
        "Selling And Marketing Expense": 330930.0,
        "General And Administrative Expense": 979898.0,
        "Other Gand A": 979898.0,
        "Gross Profit": -50870.0,
        "Cost Of Revenue": 50870.0,
        "Total Revenue": 0.0,
        "Operating Revenue": 0.0
    },
    "2024-03-31": {
        "Tax Effect Of Unusual Items": 0.0,
        "Tax Rate For Calcs": 0.0,
        "Normalized EBITDA": -1570874.0,
        "Total Unusual Items": NaN,
        "Total Unusual Items Excluding Goodwill": NaN,
        "Net Income From Continuing Operation Net Minority Interest": -2207328.0,
        "Reconciled Depreciation": 483746.0,
        "Reconciled Cost Of Revenue": 48173.0,
        "EBITDA": -1570874.0,
        "EBIT": -2054620.0,
        "Net Interest Income": -152708.0,
        "Interest Expense": 152708.0,
        "Normalized Income": -2207328.0,
        "Net Income From Continuing And Discontinued Operation": -2207328.0,
        "Total Expenses": 2054620.0,
        "Total Operating Income As Reported": -2054620.0,
        "Diluted Average Shares": 65526.0,
        "Basic Average Shares": 65526.0,
        "Diluted EPS": -33.69,
        "Basic EPS": -33.69,
        "Diluted NI Availto Com Stockholders": -2207328.0,
        "Net Income Common Stockholders": -2207328.0,
        "Net Income": -2207328.0,
        "Net Income Including Noncontrolling Interests": -2207328.0,
        "Net Income Continuous Operations": -2207328.0,
        "Tax Provision": 0.0,
        "Pretax Income": -2207328.0,
        "Other Income Expense": NaN,
        "Gain On Sale Of Security": NaN,
        "Net Non Operating Interest Income Expense": -152708.0,
        "Interest Expense Non Operating": 152708.0,
        "Operating Income": -2054620.0,
        "Operating Expense": 2006447.0,
        "Depreciation Amortization Depletion Income Statement": 483746.0,
        "Depreciation And Amortization In Income Statement": 483746.0,
        "Research And Development": 165507.0,
        "Selling General And Administration": 1357194.0,
        "Selling And Marketing Expense": 146395.0,
        "General And Administrative Expense": 1210799.0,
        "Other Gand A": 1210799.0,
        "Gross Profit": -48173.0,
        "Cost Of Revenue": 48173.0,
        "Total Revenue": 0.0,
        "Operating Revenue": 0.0
    },
    "2024-06-30": {
        "Tax Effect Of Unusual Items": 0.0,
        "Tax Rate For Calcs": 0.0,
        "Normalized EBITDA": -1154094.0,
        "Total Unusual Items": -632388.0,
        "Total Unusual Items Excluding Goodwill": -632388.0,
        "Net Income From Continuing Operation Net Minority Interest": -2303425.0,
        "Reconciled Depreciation": 500296.0,
        "Reconciled Cost Of Revenue": 43313.0,
        "EBITDA": -1786482.0,
        "EBIT": -2286778.0,
        "Net Interest Income": -16647.0,
        "Interest Expense": 16647.0,
        "Normalized Income": -1671037.0,
        "Net Income From Continuing And Discontinued Operation": -2303425.0,
        "Total Expenses": 1654390.0,
        "Total Operating Income As Reported": -1654390.0,
        "Diluted Average Shares": 157512.0,
        "Basic Average Shares": 157512.0,
        "Diluted EPS": -14.62,
        "Basic EPS": -14.62,
        "Diluted NI Availto Com Stockholders": -2303425.0,
        "Net Income Common Stockholders": -2303425.0,
        "Net Income": -2303425.0,
        "Net Income Including Noncontrolling Interests": -2303425.0,
        "Net Income Continuous Operations": -2303425.0,
        "Tax Provision": 0.0,
        "Pretax Income": -2303425.0,
        "Other Income Expense": -632388.0,
        "Gain On Sale Of Security": -632388.0,
        "Net Non Operating Interest Income Expense": -16647.0,
        "Interest Expense Non Operating": 16647.0,
        "Operating Income": -1654390.0,
        "Operating Expense": 1604163.0,
        "Depreciation Amortization Depletion Income Statement": 493382.0,
        "Depreciation And Amortization In Income Statement": 493382.0,
        "Research And Development": 159588.0,
        "Selling General And Administration": 951193.0,
        "Selling And Marketing Expense": 216868.0,
        "General And Administrative Expense": 734325.0,
        "Other Gand A": 734325.0,
        "Gross Profit": -50227.0,
        "Cost Of Revenue": 50227.0,
        "Total Revenue": 0.0,
        "Operating Revenue": 0.0
    },
    "2024-09-30": {
        "Tax Effect Of Unusual Items": 0.0,
        "Tax Rate For Calcs": 0.0,
        "Normalized EBITDA": -1444878.0,
        "Total Unusual Items": NaN,
        "Total Unusual Items Excluding Goodwill": NaN,
        "Net Income From Continuing Operation Net Minority Interest": -1949428.0,
        "Reconciled Depreciation": 502972.0,
        "Reconciled Cost Of Revenue": 47904.0,
        "EBITDA": -1444878.0,
        "EBIT": -1947850.0,
        "Net Interest Income": -1578.0,
        "Interest Expense": 1578.0,
        "Normalized Income": -1949428.0,
        "Net Income From Continuing And Discontinued Operation": -1949428.0,
        "Total Expenses": 1947850.0,
        "Total Operating Income As Reported": -1947850.0,
        "Diluted Average Shares": 230612.0,
        "Basic Average Shares": 230612.0,
        "Diluted EPS": -8.5,
        "Basic EPS": -8.5,
        "Diluted NI Availto Com Stockholders": -1949428.0,
        "Net Income Common Stockholders": -1949428.0,
        "Net Income": -1949428.0,
        "Net Income Including Noncontrolling Interests": -1949428.0,
        "Net Income Continuous Operations": -1949428.0,
        "Tax Provision": 0.0,
        "Pretax Income": -1949428.0,
        "Other Income Expense": NaN,
        "Gain On Sale Of Security": NaN,
        "Net Non Operating Interest Income Expense": -1578.0,
        "Interest Expense Non Operating": 1578.0,
        "Operating Income": -1947850.0,
        "Operating Expense": 1892934.0,
        "Depreciation Amortization Depletion Income Statement": 495960.0,
        "Depreciation And Amortization In Income Statement": 495960.0,
        "Research And Development": 233085.0,
        "Selling General And Administration": 1163889.0,
        "Selling And Marketing Expense": 282450.0,
        "General And Administrative Expense": 881439.0,
        "Other Gand A": 881439.0,
        "Gross Profit": -54916.0,
        "Cost Of Revenue": 54916.0,
        "Total Revenue": 0.0,
        "Operating Revenue": 0.0
    },
    "2024-12-31": {
        "Tax Effect Of Unusual Items": 0.0,
        "Tax Rate For Calcs": 0.0,
        "Normalized EBITDA": -1675840.0,
        "Total Unusual Items": 0.0,
        "Total Unusual Items Excluding Goodwill": 0.0,
        "Net Income From Continuing Operation Net Minority Interest": -2261858.0,
        "Reconciled Depreciation": 584439.0,
        "Reconciled Cost Of Revenue": 49634.0,
        "EBITDA": -1675840.0,
        "EBIT": -2260279.0,
        "Net Interest Income": -1579.0,
        "Interest Expense": 1579.0,
        "Normalized Income": -2261858.0,
        "Net Income From Continuing And Discontinued Operation": -2261858.0,
        "Total Expenses": 2260279.0,
        "Total Operating Income As Reported": -2260279.0,
        "Diluted Average Shares": NaN,
        "Basic Average Shares": NaN,
        "Diluted EPS": NaN,
        "Basic EPS": NaN,
        "Diluted NI Availto Com Stockholders": -2261858.0,
        "Net Income Common Stockholders": -2261858.0,
        "Net Income": -2261858.0,
        "Net Income Including Noncontrolling Interests": -2261858.0,
        "Net Income Continuous Operations": -2261858.0,
        "Tax Provision": 0.0,
        "Pretax Income": -2261858.0,
        "Other Income Expense": 0.0,
        "Gain On Sale Of Security": 0.0,
        "Net Non Operating Interest Income Expense": -1579.0,
        "Interest Expense Non Operating": 1579.0,
        "Operating Income": -2260279.0,
        "Operating Expense": 2210645.0,
        "Depreciation Amortization Depletion Income Statement": 514513.0,
        "Depreciation And Amortization In Income Statement": 514513.0,
        "Research And Development": 462429.0,
        "Selling General And Administration": 1233703.0,
        "Selling And Marketing Expense": 214964.0,
        "General And Administrative Expense": 1018739.0,
        "Other Gand A": 1018739.0,
        "Gross Profit": -49634.0,
        "Cost Of Revenue": 49634.0,
        "Total Revenue": 0.0,
        "Operating Revenue": 0.0
    },
    "2025-03-31": {
        "Tax Effect Of Unusual Items": 0.0,
        "Tax Rate For Calcs": 0.0,
        "Normalized EBITDA": -1311357.0,
        "Total Unusual Items": NaN,
        "Total Unusual Items Excluding Goodwill": NaN,
        "Net Income From Continuing Operation Net Minority Interest": -1752565.0,
        "Reconciled Depreciation": 439656.0,
        "Reconciled Cost Of Revenue": 48322.0,
        "EBITDA": -1311357.0,
        "EBIT": -1751013.0,
        "Net Interest Income": -1552.0,
        "Interest Expense": 1552.0,
        "Normalized Income": -1752565.0,
        "Net Income From Continuing And Discontinued Operation": -1752565.0,
        "Total Expenses": 1751013.0,
        "Total Operating Income As Reported": -1751013.0,
        "Diluted Average Shares": 454582.0,
        "Basic Average Shares": 454582.0,
        "Diluted EPS": -3.86,
        "Basic EPS": -3.86,
        "Diluted NI Availto Com Stockholders": -1752565.0,
        "Net Income Common Stockholders": -1752565.0,
        "Net Income": -1752565.0,
        "Net Income Including Noncontrolling Interests": -1752565.0,
        "Net Income Continuous Operations": -1752565.0,
        "Tax Provision": 0.0,
        "Pretax Income": -1752565.0,
        "Other Income Expense": NaN,
        "Gain On Sale Of Security": NaN,
        "Net Non Operating Interest Income Expense": -1552.0,
        "Interest Expense Non Operating": 1552.0,
        "Operating Income": -1751013.0,
        "Operating Expense": 1695442.0,
        "Depreciation Amortization Depletion Income Statement": 432407.0,
        "Depreciation And Amortization In Income Statement": 432407.0,
        "Research And Development": 396703.0,
        "Selling General And Administration": 866332.0,
        "Selling And Marketing Expense": 235441.0,
        "General And Administrative Expense": 630891.0,
        "Other Gand A": 630891.0,
        "Gross Profit": -55571.0,
        "Cost Of Revenue": 55571.0,
        "Total Revenue": 0.0,
        "Operating Revenue": 0.0
    }
}