{
    "2023-03-31": {
        "Tax Effect Of Unusual Items": 0.0,
        "Tax Rate For Calcs": 0.0,
        "Normalized EBITDA": -2474600.0,
        "Total Unusual Items": -617697.0,
        "Total Unusual Items Excluding Goodwill": -617697.0,
        "Net Income From Continuing Operation Net Minority Interest": -4541839.0,
        "Reconciled Depreciation": 1056603.0,
        "Reconciled Cost Of Revenue": 8732097.0,
        "EBITDA": -3092297.0,
        "EBIT": -4148900.0,
        "Net Interest Income": -392939.0,
        "Interest Expense": 392939.0,
        "Normalized Income": -3924142.0,
        "Net Income From Continuing And Discontinued Operation": -4541839.0,
        "Total Expenses": 14185686.0,
        "Total Operating Income As Reported": -3531203.0,
        "Diluted Average Shares": 138628.0,
        "Basic Average Shares": 138628.0,
        "Diluted EPS": -35.0,
        "Basic EPS": -35.0,
        "Diluted NI Availto Com Stockholders": -4904089.0,
        "Net Income Common Stockholders": -4904089.0,
        "Preferred Stock Dividends": 362250.0,
        "Net Income": -4541839.0,
        "Net Income Including Noncontrolling Interests": -4541839.0,
        "Net Income Continuous Operations": -4541839.0,
        "Tax Provision": 0.0,
        "Pretax Income": -4541839.0,
        "Other Income Expense": -617697.0,
        "Other Non Operating Income Expenses": NaN,
        "Special Income Charges": -619999.0,
        "Impairment Of Capital Assets": 0.0,
        "Restructuring And Mergern Acquisition": 619999.0,
        "Gain On Sale Of Security": 2302.0,
        "Net Non Operating Interest Income Expense": -392939.0,
        "Interest Expense Non Operating": 392939.0,
        "Operating Income": -3531203.0,
        "Operating Expense": 5453589.0,
        "Research And Development": 189210.0,
        "Selling General And Administration": 5264379.0,
        "Gross Profit": 1922386.0,
        "Cost Of Revenue": 8732097.0,
        "Total Revenue": 10654483.0,
        "Operating Revenue": 10654483.0
    },
    "2022-12-31": {
        "Tax Effect Of Unusual Items": 0.0,
        "Tax Rate For Calcs": 0.0,
        "Normalized EBITDA": -2413082.0,
        "Total Unusual Items": -5843117.0,
        "Total Unusual Items Excluding Goodwill": -5843117.0,
        "Net Income From Continuing Operation Net Minority Interest": -9336317.0,
        "Reconciled Depreciation": 885890.0,
        "Reconciled Cost Of Revenue": 4253713.0,
        "EBITDA": -8256199.0,
        "EBIT": -9142089.0,
        "Net Interest Income": -194228.0,
        "Interest Expense": 194228.0,
        "Normalized Income": -3493200.0,
        "Net Income From Continuing And Discontinued Operation": -9336317.0,
        "Total Expenses": 8504525.0,
        "Total Operating Income As Reported": -9358895.0,
        "Diluted Average Shares": NaN,
        "Basic Average Shares": NaN,
        "Diluted EPS": NaN,
        "Basic EPS": NaN,
        "Diluted NI Availto Com Stockholders": -9698567.0,
        "Net Income Common Stockholders": -9698567.0,
        "Preferred Stock Dividends": 362250.0,
        "Net Income": -9336317.0,
        "Net Income Including Noncontrolling Interests": -9336317.0,
        "Net Income Continuous Operations": -9336317.0,
        "Tax Provision": 0.0,
        "Pretax Income": -9336317.0,
        "Other Income Expense": -5638066.0,
        "Other Non Operating Income Expenses": 205051.0,
        "Special Income Charges": -5854872.0,
        "Impairment Of Capital Assets": 5854872.0,
        "Restructuring And Mergern Acquisition": 0.0,
        "Gain On Sale Of Security": 11755.0,
        "Net Non Operating Interest Income Expense": -194228.0,
        "Interest Expense Non Operating": 194228.0,
        "Operating Income": -3504023.0,
        "Operating Expense": 4250812.0,
        "Research And Development": 84282.0,
        "Selling General And Administration": 4166530.0,
        "Gross Profit": 746789.0,
        "Cost Of Revenue": 4253713.0,
        "Total Revenue": 5000502.0,
        "Operating Revenue": 5000502.0
    },
    "2022-09-30": {
        "Tax Effect Of Unusual Items": NaN,
        "Tax Rate For Calcs": NaN,
        "Normalized EBITDA": NaN,
        "Total Unusual Items": NaN,
        "Total Unusual Items Excluding Goodwill": NaN,
        "Net Income From Continuing Operation Net Minority Interest": NaN,
        "Reconciled Depreciation": NaN,
        "Reconciled Cost Of Revenue": NaN,
        "EBITDA": NaN,
        "EBIT": NaN,
        "Net Interest Income": NaN,
        "Interest Expense": NaN,
        "Normalized Income": NaN,
        "Net Income From Continuing And Discontinued Operation": NaN,
        "Total Expenses": NaN,
        "Total Operating Income As Reported": NaN,
        "Diluted Average Shares": 20249.0,
        "Basic Average Shares": 20249.0,
        "Diluted EPS": -151.25,
        "Basic EPS": -151.25,
        "Diluted NI Availto Com Stockholders": NaN,
        "Net Income Common Stockholders": NaN,
        "Preferred Stock Dividends": NaN,
        "Net Income": NaN,
        "Net Income Including Noncontrolling Interests": NaN,
        "Net Income Continuous Operations": NaN,
        "Tax Provision": NaN,
        "Pretax Income": NaN,
        "Other Income Expense": NaN,
        "Other Non Operating Income Expenses": 67765.0,
        "Special Income Charges": NaN,
        "Impairment Of Capital Assets": NaN,
        "Restructuring And Mergern Acquisition": NaN,
        "Gain On Sale Of Security": NaN,
        "Net Non Operating Interest Income Expense": NaN,
        "Interest Expense Non Operating": NaN,
        "Operating Income": NaN,
        "Operating Expense": NaN,
        "Research And Development": NaN,
        "Selling General And Administration": NaN,
        "Gross Profit": NaN,
        "Cost Of Revenue": NaN,
        "Total Revenue": NaN,
        "Operating Revenue": NaN
    },
    "2022-06-30": {
        "Tax Effect Of Unusual Items": 0.0,
        "Tax Rate For Calcs": 0.0,
        "Normalized EBITDA": -1931561.0,
        "Total Unusual Items": -32111.0,
        "Total Unusual Items Excluding Goodwill": -32111.0,
        "Net Income From Continuing Operation Net Minority Interest": -2888655.0,
        "Reconciled Depreciation": 875963.0,
        "Reconciled Cost Of Revenue": 4603854.0,
        "EBITDA": -1963672.0,
        "EBIT": -2839635.0,
        "Net Interest Income": -49020.0,
        "Interest Expense": 49020.0,
        "Normalized Income": -2856544.0,
        "Net Income From Continuing And Discontinued Operation": -2888655.0,
        "Total Expenses": 8717118.0,
        "Total Operating Income As Reported": -2809472.0,
        "Diluted Average Shares": 2533077.0,
        "Basic Average Shares": 2533077.0,
        "Diluted EPS": -1.28,
        "Basic EPS": -1.28,
        "Diluted NI Availto Com Stockholders": -3250905.0,
        "Net Income Common Stockholders": -3250905.0,
        "Preferred Stock Dividends": 362250.0,
        "Net Income": -2888655.0,
        "Net Income Including Noncontrolling Interests": -2888655.0,
        "Net Income Continuous Operations": -2888655.0,
        "Tax Provision": 0.0,
        "Pretax Income": -2888655.0,
        "Other Income Expense": -30163.0,
        "Other Non Operating Income Expenses": 1948.0,
        "Special Income Charges": 0.0,
        "Impairment Of Capital Assets": 0.0,
        "Restructuring And Mergern Acquisition": 0.0,
        "Gain On Sale Of Security": -32111.0,
        "Net Non Operating Interest Income Expense": -49020.0,
        "Interest Expense Non Operating": 49020.0,
        "Operating Income": -2809472.0,
        "Operating Expense": 4113264.0,
        "Research And Development": 82049.0,
        "Selling General And Administration": 4031215.0,
        "Gross Profit": 1303792.0,
        "Cost Of Revenue": 4603854.0,
        "Total Revenue": 5907646.0,
        "Operating Revenue": 5907646.0
    },
    "2022-03-31": {
        "Diluted EPS": -0.8,
        "Total Revenue": 3,
        "Gross Profit": 1,
        "Operating Income": -3,
        "EBIT": -1,
        "Net Income": -2
    },
    "2021-12-31": {
        "Diluted EPS": -1.85,
        "Total Revenue": 4,
        "Gross Profit": 2,
        "Operating Income": -3,
        "EBIT": -2,
        "Net Income": -4
    },
    "2021-09-30": {
        "Diluted EPS": -0.7,
        "Total Revenue": 4,
        "Gross Profit": 1,
        "Operating Income": -2,
        "EBIT": -1,
        "Net Income": -1
    },
    "2021-06-30": {
        "Diluted EPS": -1.15,
        "Total Revenue": 2,
        "Gross Profit": 1,
        "Operating Income": -2,
        "EBIT": -2,
        "Net Income": -2
    },
    "2021-03-31": {
        "Diluted EPS": -0.6,
        "Total Revenue": 2,
        "Gross Profit": 1,
        "Operating Income": -1,
        "EBIT": -1,
        "Net Income": -1
    },
    "2020-12-31": {
        "Diluted EPS": -2.0,
        "Total Revenue": 1,
        "Gross Profit": 0,
        "Operating Income": -2,
        "EBIT": -2,
        "Net Income": -2
    },
    "2020-09-30": {
        "Diluted EPS": -0.85,
        "Total Revenue": 2,
        "Gross Profit": 0,
        "Operating Income": -1,
        "EBIT": -1,
        "Net Income": -1
    },
    "2020-06-30": {
        "Diluted EPS": 0.0,
        "Total Revenue": 2,
        "Gross Profit": 1,
        "Operating Income": 0,
        "EBIT": 0,
        "Net Income": 0
    },
    "2020-03-31": {
        "Diluted EPS": -0.1,
        "Total Revenue": 1,
        "Gross Profit": 0,
        "Operating Income": 0,
        "EBIT": 0,
        "Net Income": 0
    },
    "2019-12-31": {
        "Diluted EPS": 0.0,
        "Total Revenue": NaN,
        "Gross Profit": NaN,
        "Operating Income": NaN,
        "EBIT": NaN,
        "Net Income": NaN
    },
    "2019-09-30": {
        "Diluted EPS": 0.45,
        "Total Revenue": 3,
        "Gross Profit": 1,
        "Operating Income": 0,
        "EBIT": 0,
        "Net Income": 0
    },
    "2023-06-30": {
        "Tax Effect Of Unusual Items": 0.0,
        "Tax Rate For Calcs": 0.0,
        "Normalized EBITDA": -2094919.0,
        "Total Unusual Items": 184616.0,
        "Total Unusual Items Excluding Goodwill": 184616.0,
        "Net Income From Continuing Operation Net Minority Interest": -2991224.0,
        "Reconciled Depreciation": 597799.0,
        "Reconciled Cost Of Revenue": 8433992.0,
        "EBITDA": -1910303.0,
        "EBIT": -2508102.0,
        "Net Interest Income": -483122.0,
        "Interest Expense": 483122.0,
        "Normalized Income": -3175840.0,
        "Net Income From Continuing And Discontinued Operation": -2991224.0,
        "Total Expenses": 13536404.0,
        "Total Operating Income As Reported": -2692718.0,
        "Diluted Average Shares": 177361.0,
        "Basic Average Shares": 177361.0,
        "Diluted EPS": -19.25,
        "Basic EPS": -19.25,
        "Diluted NI Availto Com Stockholders": -3398455.0,
        "Net Income Common Stockholders": -3398455.0,
        "Preferred Stock Dividends": 407231.0,
        "Net Income": -2991224.0,
        "Net Income Including Noncontrolling Interests": -2991224.0,
        "Net Income Continuous Operations": -2991224.0,
        "Tax Provision": 0.0,
        "Pretax Income": -2991224.0,
        "Other Income Expense": 184616.0,
        "Other Non Operating Income Expenses": NaN,
        "Special Income Charges": 186000.0,
        "Impairment Of Capital Assets": 0.0,
        "Restructuring And Mergern Acquisition": -186000.0,
        "Gain On Sale Of Security": -1384.0,
        "Net Non Operating Interest Income Expense": -483122.0,
        "Interest Expense Non Operating": 483122.0,
        "Operating Income": -2692718.0,
        "Operating Expense": 5102412.0,
        "Research And Development": 180293.0,
        "Selling General And Administration": 4922119.0,
        "Gross Profit": 2409694.0,
        "Cost Of Revenue": 8433992.0,
        "Total Revenue": 10843686.0,
        "Operating Revenue": 10843686.0
    },
    "2023-09-30": {
        "Tax Effect Of Unusual Items": 0.0,
        "Tax Rate For Calcs": 0.0,
        "Normalized EBITDA": -1269512.0,
        "Total Unusual Items": 435206.0,
        "Total Unusual Items Excluding Goodwill": 435206.0,
        "Net Income From Continuing Operation Net Minority Interest": -2572851.0,
        "Reconciled Depreciation": 1180277.0,
        "Reconciled Cost Of Revenue": 8790764.0,
        "EBITDA": -834306.0,
        "EBIT": -2014583.0,
        "Net Interest Income": -558268.0,
        "Interest Expense": 558268.0,
        "Normalized Income": -3008057.0,
        "Net Income From Continuing And Discontinued Operation": -2572851.0,
        "Total Expenses": 13895837.0,
        "Total Operating Income As Reported": -2449789.0,
        "Diluted Average Shares": 374059.0,
        "Basic Average Shares": 374059.0,
        "Diluted EPS": -8.0,
        "Basic EPS": -8.0,
        "Diluted NI Availto Com Stockholders": -2997601.0,
        "Net Income Common Stockholders": -2997601.0,
        "Preferred Stock Dividends": 424750.0,
        "Net Income": -2572851.0,
        "Net Income Including Noncontrolling Interests": -2572851.0,
        "Net Income Continuous Operations": -2572851.0,
        "Tax Provision": 0.0,
        "Pretax Income": -2572851.0,
        "Other Income Expense": 435206.0,
        "Other Non Operating Income Expenses": NaN,
        "Special Income Charges": 434000.0,
        "Impairment Of Capital Assets": 0.0,
        "Restructuring And Mergern Acquisition": -434000.0,
        "Gain On Sale Of Security": 1206.0,
        "Net Non Operating Interest Income Expense": -558268.0,
        "Interest Expense Non Operating": 558268.0,
        "Operating Income": -2449789.0,
        "Operating Expense": 5105073.0,
        "Research And Development": 91085.0,
        "Selling General And Administration": 5013988.0,
        "Gross Profit": 2655284.0,
        "Cost Of Revenue": 8790764.0,
        "Total Revenue": 11446048.0,
        "Operating Revenue": 11446048.0
    },
    "2023-12-31": {
        "Tax Effect Of Unusual Items": 0.0,
        "Tax Rate For Calcs": 0.0,
        "Normalized EBITDA": -2953417.0,
        "Total Unusual Items": 1369689.0,
        "Total Unusual Items Excluding Goodwill": 1369689.0,
        "Net Income From Continuing Operation Net Minority Interest": -3097938.0,
        "Reconciled Depreciation": 1206563.0,
        "Reconciled Cost Of Revenue": 6934835.0,
        "EBITDA": -1583728.0,
        "EBIT": -2790291.0,
        "Net Interest Income": -307647.0,
        "Interest Expense": 307647.0,
        "Normalized Income": -4467627.0,
        "Net Income From Continuing And Discontinued Operation": -3097938.0,
        "Total Expenses": 12195791.0,
        "Total Operating Income As Reported": -10895130.0,
        "Diluted Average Shares": NaN,
        "Basic Average Shares": NaN,
        "Diluted EPS": NaN,
        "Basic EPS": NaN,
        "Diluted NI Availto Com Stockholders": -3522688.0,
        "Net Income Common Stockholders": -3522688.0,
        "Preferred Stock Dividends": 424750.0,
        "Net Income": -3097938.0,
        "Net Income Including Noncontrolling Interests": -3097938.0,
        "Net Income Continuous Operations": -3097938.0,
        "Tax Provision": 0.0,
        "Pretax Income": -3097938.0,
        "Other Income Expense": 1631529.0,
        "Other Non Operating Income Expenses": NaN,
        "Special Income Charges": 1369075.0,
        "Impairment Of Capital Assets": 6473310.0,
        "Restructuring And Mergern Acquisition": -7045935.0,
        "Gain On Sale Of Security": 614.0,
        "Net Non Operating Interest Income Expense": -307647.0,
        "Interest Expense Non Operating": 307647.0,
        "Operating Income": -4421820.0,
        "Operating Expense": 5260956.0,
        "Research And Development": 91632.0,
        "Selling General And Administration": 5169324.0,
        "Gross Profit": 839136.0,
        "Cost Of Revenue": 6934835.0,
        "Total Revenue": 7773971.0,
        "Operating Revenue": 7773971.0
    }
}