{
    "2024-09-30": {
        "Tax Effect Of Unusual Items": 0.0,
        "Tax Rate For Calcs": 0.0,
        "Normalized EBITDA": -20092945.0,
        "Total Unusual Items": -1309178.0,
        "Total Unusual Items Excluding Goodwill": -1309178.0,
        "Net Income From Continuing Operation Net Minority Interest": -21858650.0,
        "Reconciled Depreciation": 380589.0,
        "Reconciled Cost Of Revenue": 443546.0,
        "EBITDA": -21402123.0,
        "EBIT": -21782712.0,
        "Net Interest Income": -11740.0,
        "Interest Expense": 11740.0,
        "Normalized Income": -20549472.0,
        "Net Income From Continuing And Discontinued Operation": -21858650.0,
        "Total Expenses": 21365660.0,
        "Total Operating Income As Reported": -21886705.0,
        "Diluted Average Shares": 35939816.0,
        "Basic Average Shares": 35939816.0,
        "Diluted EPS": -0.608201,
        "Basic EPS": -0.608201,
        "Diluted NI Availto Com Stockholders": -21858650.0,
        "Net Income Common Stockholders": -21858650.0,
        "Net Income": -21858650.0,
        "Minority Interests": -64198.0,
        "Net Income Including Noncontrolling Interests": -21794452.0,
        "Net Income Continuous Operations": -21794452.0,
        "Tax Provision": 0.0,
        "Pretax Income": -21794452.0,
        "Other Income Expense": -1186033.0,
        "Other Non Operating Income Expenses": 123145.0,
        "Special Income Charges": 0.0,
        "Gain On Sale Of Ppe": 0.0,
        "Other Special Charges": NaN,
        "Gain On Sale Of Security": -1309178.0,
        "Net Non Operating Interest Income Expense": -11740.0,
        "Interest Expense Non Operating": 11740.0,
        "Operating Income": -20596679.0,
        "Operating Expense": 20922114.0,
        "Research And Development": 13945791.0,
        "Selling General And Administration": 6976323.0,
        "Gross Profit": 325435.0,
        "Cost Of Revenue": 443546.0,
        "Total Revenue": 768981.0,
        "Operating Revenue": 768981.0
    },
    "2024-06-30": {
        "Tax Effect Of Unusual Items": 0.0,
        "Tax Rate For Calcs": 0.0,
        "Normalized EBITDA": -17995433.0,
        "Total Unusual Items": -436926.0,
        "Total Unusual Items Excluding Goodwill": -436926.0,
        "Net Income From Continuing Operation Net Minority Interest": -18707210.0,
        "Reconciled Depreciation": 376675.0,
        "Reconciled Cost Of Revenue": 312111.0,
        "EBITDA": -18432359.0,
        "EBIT": -18809034.0,
        "Net Interest Income": -9969.0,
        "Interest Expense": 9969.0,
        "Normalized Income": -18270284.0,
        "Net Income From Continuing And Discontinued Operation": -18707210.0,
        "Total Expenses": 19103857.0,
        "Total Operating Income As Reported": -18872216.0,
        "Diluted Average Shares": 19015602.0,
        "Basic Average Shares": 19015602.0,
        "Diluted EPS": -0.98,
        "Basic EPS": -0.98,
        "Diluted NI Availto Com Stockholders": -18707210.0,
        "Net Income Common Stockholders": -18707210.0,
        "Net Income": -18707210.0,
        "Minority Interests": 111793.0,
        "Net Income Including Noncontrolling Interests": -18819003.0,
        "Net Income Continuous Operations": -18819003.0,
        "Tax Provision": 0.0,
        "Pretax Income": -18819003.0,
        "Other Income Expense": -336717.0,
        "Other Non Operating Income Expenses": 100209.0,
        "Special Income Charges": 0.0,
        "Gain On Sale Of Ppe": 0.0,
        "Other Special Charges": NaN,
        "Gain On Sale Of Security": -436926.0,
        "Net Non Operating Interest Income Expense": -9969.0,
        "Interest Expense Non Operating": 9969.0,
        "Operating Income": -18472317.0,
        "Operating Expense": 18791746.0,
        "Research And Development": 12634539.0,
        "Selling General And Administration": 6157207.0,
        "Gross Profit": 319429.0,
        "Cost Of Revenue": 312111.0,
        "Total Revenue": 631540.0,
        "Operating Revenue": 631540.0
    },
    "2024-03-31": {
        "Tax Effect Of Unusual Items": 0.0,
        "Tax Rate For Calcs": 0.0,
        "Normalized EBITDA": -17024783.0,
        "Total Unusual Items": 1235077.0,
        "Total Unusual Items Excluding Goodwill": 1235077.0,
        "Net Income From Continuing Operation Net Minority Interest": -16349958.0,
        "Reconciled Depreciation": 345444.0,
        "Reconciled Cost Of Revenue": 473585.0,
        "EBITDA": -15789706.0,
        "EBIT": -16135150.0,
        "Net Interest Income": -17445.0,
        "Interest Expense": 17445.0,
        "Normalized Income": -17585035.0,
        "Net Income From Continuing And Discontinued Operation": -16349958.0,
        "Total Expenses": 18550592.0,
        "Total Operating Income As Reported": -16550841.0,
        "Diluted Average Shares": 17890457.0,
        "Basic Average Shares": 17890457.0,
        "Diluted EPS": -0.91,
        "Basic EPS": -0.91,
        "Diluted NI Availto Com Stockholders": -16349958.0,
        "Net Income Common Stockholders": -16349958.0,
        "Net Income": -16349958.0,
        "Minority Interests": -197363.0,
        "Net Income Including Noncontrolling Interests": -16152595.0,
        "Net Income Continuous Operations": -16152595.0,
        "Tax Provision": 0.0,
        "Pretax Income": -16152595.0,
        "Other Income Expense": 1649075.0,
        "Other Non Operating Income Expenses": 413998.0,
        "Special Income Charges": NaN,
        "Gain On Sale Of Ppe": NaN,
        "Other Special Charges": NaN,
        "Gain On Sale Of Security": 1235077.0,
        "Net Non Operating Interest Income Expense": -17445.0,
        "Interest Expense Non Operating": 17445.0,
        "Operating Income": -17784225.0,
        "Operating Expense": 18077007.0,
        "Research And Development": 11554773.0,
        "Selling General And Administration": 6522234.0,
        "Gross Profit": 292782.0,
        "Cost Of Revenue": 473585.0,
        "Total Revenue": 766367.0,
        "Operating Revenue": 766367.0
    },
    "2023-12-31": {
        "Tax Effect Of Unusual Items": 0.0,
        "Tax Rate For Calcs": 0.0,
        "Normalized EBITDA": -13253882.0,
        "Total Unusual Items": -1365736.0,
        "Total Unusual Items Excluding Goodwill": -1365736.0,
        "Net Income From Continuing Operation Net Minority Interest": -14186509.0,
        "Reconciled Depreciation": 293792.0,
        "Reconciled Cost Of Revenue": 357335.0,
        "EBITDA": -14619618.0,
        "EBIT": -14913410.0,
        "Net Interest Income": 413404.0,
        "Interest Expense": 14655.0,
        "Normalized Income": -12820773.0,
        "Net Income From Continuing And Discontinued Operation": -14186509.0,
        "Total Expenses": 14374106.0,
        "Total Operating Income As Reported": -15883401.0,
        "Diluted Average Shares": NaN,
        "Basic Average Shares": NaN,
        "Diluted EPS": NaN,
        "Basic EPS": NaN,
        "Diluted NI Availto Com Stockholders": -14186509.0,
        "Net Income Common Stockholders": -14186509.0,
        "Net Income": -14186509.0,
        "Minority Interests": 741556.0,
        "Net Income Including Noncontrolling Interests": -14928065.0,
        "Net Income Continuous Operations": -14928065.0,
        "Tax Provision": 0.0,
        "Pretax Income": -14928065.0,
        "Other Income Expense": -1511519.0,
        "Other Non Operating Income Expenses": -145783.0,
        "Special Income Charges": 0.0,
        "Gain On Sale Of Ppe": 0.0,
        "Other Special Charges": 0.0,
        "Gain On Sale Of Security": -1365736.0,
        "Net Non Operating Interest Income Expense": 413404.0,
        "Interest Expense Non Operating": 14655.0,
        "Operating Income": -13829950.0,
        "Operating Expense": 14016771.0,
        "Research And Development": 9635931.0,
        "Selling General And Administration": 4783240.0,
        "Gross Profit": 186821.0,
        "Cost Of Revenue": 357335.0,
        "Total Revenue": 544156.0,
        "Operating Revenue": 544156.0
    },
    "2023-09-30": {
        "Tax Effect Of Unusual Items": 0.0,
        "Tax Rate For Calcs": 0.0,
        "Normalized EBITDA": -10720434.0,
        "Total Unusual Items": 431766.0,
        "Total Unusual Items Excluding Goodwill": 431766.0,
        "Net Income From Continuing Operation Net Minority Interest": -10591502.0,
        "Reconciled Depreciation": 277718.0,
        "Reconciled Cost Of Revenue": 555858.0,
        "EBITDA": -10288668.0,
        "EBIT": -10566386.0,
        "Net Interest Income": -25116.0,
        "Interest Expense": 25116.0,
        "Normalized Income": -11023268.0,
        "Net Income From Continuing And Discontinued Operation": -10591502.0,
        "Total Expenses": 12231280.0,
        "Total Operating Income As Reported": -11201416.0,
        "Diluted Average Shares": 35939816.0,
        "Basic Average Shares": 35939816.0,
        "Diluted EPS": -0.294701,
        "Basic EPS": -0.294701,
        "Diluted NI Availto Com Stockholders": -10591502.0,
        "Net Income Common Stockholders": -10591502.0,
        "Net Income": -10591502.0,
        "Minority Interests": 0.0,
        "Net Income Including Noncontrolling Interests": -10591502.0,
        "Net Income Continuous Operations": -10591502.0,
        "Tax Provision": 0.0,
        "Pretax Income": -10591502.0,
        "Other Income Expense": 1065910.0,
        "Other Non Operating Income Expenses": 634144.0,
        "Special Income Charges": 0.0,
        "Gain On Sale Of Ppe": 0.0,
        "Gain On Sale Of Security": 431766.0,
        "Net Non Operating Interest Income Expense": -25116.0,
        "Interest Expense Non Operating": 25116.0,
        "Operating Income": -11632296.0,
        "Operating Expense": 11675422.0,
        "Research And Development": 7702349.0,
        "Selling General And Administration": 3973073.0,
        "Gross Profit": 43126.0,
        "Cost Of Revenue": 555858.0,
        "Total Revenue": 598984.0,
        "Operating Revenue": 598984.0
    },
    "2023-06-30": {
        "Tax Effect Of Unusual Items": NaN,
        "Tax Rate For Calcs": NaN,
        "Normalized EBITDA": NaN,
        "Total Unusual Items": NaN,
        "Total Unusual Items Excluding Goodwill": NaN,
        "Net Income From Continuing Operation Net Minority Interest": NaN,
        "Reconciled Depreciation": NaN,
        "Reconciled Cost Of Revenue": NaN,
        "EBITDA": NaN,
        "EBIT": NaN,
        "Net Interest Income": NaN,
        "Interest Expense": NaN,
        "Normalized Income": NaN,
        "Net Income From Continuing And Discontinued Operation": NaN,
        "Total Expenses": NaN,
        "Total Operating Income As Reported": NaN,
        "Diluted Average Shares": 35939816.0,
        "Basic Average Shares": 35939816.0,
        "Diluted EPS": -0.296801,
        "Basic EPS": -0.296801,
        "Diluted NI Availto Com Stockholders": NaN,
        "Net Income Common Stockholders": NaN,
        "Net Income": NaN,
        "Minority Interests": NaN,
        "Net Income Including Noncontrolling Interests": NaN,
        "Net Income Continuous Operations": NaN,
        "Tax Provision": NaN,
        "Pretax Income": NaN,
        "Other Income Expense": NaN,
        "Other Non Operating Income Expenses": NaN,
        "Special Income Charges": -501247.0,
        "Gain On Sale Of Ppe": -501247.0,
        "Gain On Sale Of Security": NaN,
        "Net Non Operating Interest Income Expense": NaN,
        "Interest Expense Non Operating": NaN,
        "Operating Income": NaN,
        "Operating Expense": NaN,
        "Research And Development": NaN,
        "Selling General And Administration": NaN,
        "Gross Profit": NaN,
        "Cost Of Revenue": NaN,
        "Total Revenue": NaN,
        "Operating Revenue": NaN
    },
    "2025-03-31": {
        "Tax Effect Of Unusual Items": NaN,
        "Tax Rate For Calcs": NaN,
        "Normalized EBITDA": NaN,
        "Total Unusual Items": NaN,
        "Total Unusual Items Excluding Goodwill": NaN,
        "Net Income From Continuing Operation Net Minority Interest": NaN,
        "Reconciled Depreciation": NaN,
        "Reconciled Cost Of Revenue": NaN,
        "EBITDA": NaN,
        "EBIT": NaN,
        "Net Interest Income": NaN,
        "Interest Expense": NaN,
        "Normalized Income": NaN,
        "Net Income From Continuing And Discontinued Operation": NaN,
        "Total Expenses": NaN,
        "Total Operating Income As Reported": NaN,
        "Diluted Average Shares": 36012290.0,
        "Basic Average Shares": 36012290.0,
        "Diluted EPS": -0.61,
        "Basic EPS": -0.61,
        "Diluted NI Availto Com Stockholders": NaN,
        "Net Income Common Stockholders": NaN,
        "Net Income": NaN,
        "Minority Interests": NaN,
        "Net Income Including Noncontrolling Interests": NaN,
        "Net Income Continuous Operations": NaN,
        "Tax Provision": NaN,
        "Pretax Income": NaN,
        "Other Income Expense": NaN,
        "Other Non Operating Income Expenses": NaN,
        "Special Income Charges": NaN,
        "Gain On Sale Of Ppe": NaN,
        "Other Special Charges": NaN,
        "Gain On Sale Of Security": NaN,
        "Net Non Operating Interest Income Expense": NaN,
        "Interest Expense Non Operating": NaN,
        "Operating Income": NaN,
        "Operating Expense": NaN,
        "Research And Development": NaN,
        "Selling General And Administration": NaN,
        "Gross Profit": NaN,
        "Cost Of Revenue": NaN,
        "Total Revenue": NaN,
        "Operating Revenue": NaN
    },
    "2025-06-30": {
        "Tax Effect Of Unusual Items": NaN,
        "Tax Rate For Calcs": NaN,
        "Normalized EBITDA": NaN,
        "Total Unusual Items": NaN,
        "Total Unusual Items Excluding Goodwill": NaN,
        "Net Income From Continuing Operation Net Minority Interest": NaN,
        "Reconciled Depreciation": NaN,
        "Reconciled Cost Of Revenue": NaN,
        "EBITDA": NaN,
        "EBIT": NaN,
        "Net Interest Income": NaN,
        "Interest Expense": NaN,
        "Normalized Income": NaN,
        "Net Income From Continuing And Discontinued Operation": NaN,
        "Total Expenses": NaN,
        "Total Operating Income As Reported": NaN,
        "Diluted Average Shares": 36062364.0,
        "Basic Average Shares": 36062364.0,
        "Diluted EPS": -0.58,
        "Basic EPS": -0.58,
        "Diluted NI Availto Com Stockholders": NaN,
        "Net Income Common Stockholders": NaN,
        "Net Income": NaN,
        "Minority Interests": NaN,
        "Net Income Including Noncontrolling Interests": NaN,
        "Net Income Continuous Operations": NaN,
        "Tax Provision": NaN,
        "Pretax Income": NaN,
        "Other Income Expense": NaN,
        "Other Non Operating Income Expenses": NaN,
        "Special Income Charges": NaN,
        "Gain On Sale Of Ppe": NaN,
        "Other Special Charges": NaN,
        "Gain On Sale Of Security": NaN,
        "Net Non Operating Interest Income Expense": NaN,
        "Interest Expense Non Operating": NaN,
        "Operating Income": NaN,
        "Operating Expense": NaN,
        "Research And Development": NaN,
        "Selling General And Administration": NaN,
        "Gross Profit": NaN,
        "Cost Of Revenue": NaN,
        "Total Revenue": NaN,
        "Operating Revenue": NaN
    }
}