{
    "2023-03-31": {
        "Tax Effect Of Unusual Items": NaN,
        "Tax Rate For Calcs": NaN,
        "Normalized EBITDA": NaN,
        "Net Income From Continuing Operation Net Minority Interest": NaN,
        "Reconciled Depreciation": NaN,
        "EBITDA": NaN,
        "EBIT": NaN,
        "Net Interest Income": NaN,
        "Interest Income": NaN,
        "Normalized Income": NaN,
        "Net Income From Continuing And Discontinued Operation": NaN,
        "Total Expenses": NaN,
        "Total Operating Income As Reported": NaN,
        "Diluted Average Shares": 24777847.0,
        "Basic Average Shares": 24777847.0,
        "Diluted EPS": -0.67,
        "Basic EPS": -0.67,
        "Diluted NI Availto Com Stockholders": NaN,
        "Net Income Common Stockholders": NaN,
        "Net Income": NaN,
        "Net Income Including Noncontrolling Interests": NaN,
        "Net Income Continuous Operations": NaN,
        "Pretax Income": NaN,
        "Other Income Expense": NaN,
        "Other Non Operating Income Expenses": NaN,
        "Net Non Operating Interest Income Expense": NaN,
        "Interest Income Non Operating": NaN,
        "Operating Income": NaN,
        "Operating Expense": NaN,
        "Research And Development": NaN,
        "Selling General And Administration": NaN,
        "General And Administrative Expense": NaN,
        "Other Gand A": NaN,
        "Total Revenue": NaN,
        "Operating Revenue": NaN
    },
    "2022-12-31": {
        "Tax Effect Of Unusual Items": 0.0,
        "Tax Rate For Calcs": 0.0,
        "Normalized EBITDA": -15832000.0,
        "Net Income From Continuing Operation Net Minority Interest": -15022000.0,
        "Reconciled Depreciation": 20000.0,
        "EBITDA": -15832000.0,
        "EBIT": -15852000.0,
        "Net Interest Income": 932000.0,
        "Interest Income": 932000.0,
        "Normalized Income": -15022000.0,
        "Net Income From Continuing And Discontinued Operation": -15022000.0,
        "Total Expenses": 15852000.0,
        "Total Operating Income As Reported": -15852000.0,
        "Diluted Average Shares": NaN,
        "Basic Average Shares": NaN,
        "Diluted EPS": NaN,
        "Basic EPS": NaN,
        "Diluted NI Availto Com Stockholders": -15022000.0,
        "Net Income Common Stockholders": -15022000.0,
        "Net Income": -15022000.0,
        "Net Income Including Noncontrolling Interests": -15022000.0,
        "Net Income Continuous Operations": -15022000.0,
        "Pretax Income": -14997000.0,
        "Other Income Expense": -77000.0,
        "Other Non Operating Income Expenses": -77000.0,
        "Net Non Operating Interest Income Expense": 932000.0,
        "Interest Income Non Operating": 932000.0,
        "Operating Income": -15852000.0,
        "Operating Expense": 15852000.0,
        "Research And Development": 12221000.0,
        "Selling General And Administration": 3631000.0,
        "General And Administrative Expense": 3631000.0,
        "Other Gand A": 3631000.0,
        "Total Revenue": 0.0,
        "Operating Revenue": 0.0
    },
    "2022-09-30": {
        "Tax Effect Of Unusual Items": NaN,
        "Tax Rate For Calcs": NaN,
        "Normalized EBITDA": NaN,
        "Net Income From Continuing Operation Net Minority Interest": NaN,
        "Reconciled Depreciation": NaN,
        "EBITDA": NaN,
        "EBIT": NaN,
        "Net Interest Income": NaN,
        "Interest Income": NaN,
        "Normalized Income": NaN,
        "Net Income From Continuing And Discontinued Operation": NaN,
        "Total Expenses": NaN,
        "Total Operating Income As Reported": NaN,
        "Diluted Average Shares": 24454786.0,
        "Basic Average Shares": 24454786.0,
        "Diluted EPS": -0.56,
        "Basic EPS": -0.56,
        "Diluted NI Availto Com Stockholders": NaN,
        "Net Income Common Stockholders": NaN,
        "Net Income": NaN,
        "Net Income Including Noncontrolling Interests": NaN,
        "Net Income Continuous Operations": NaN,
        "Pretax Income": NaN,
        "Other Income Expense": NaN,
        "Other Non Operating Income Expenses": NaN,
        "Net Non Operating Interest Income Expense": NaN,
        "Interest Income Non Operating": NaN,
        "Operating Income": NaN,
        "Operating Expense": NaN,
        "Research And Development": NaN,
        "Selling General And Administration": NaN,
        "General And Administrative Expense": NaN,
        "Other Gand A": NaN,
        "Total Revenue": NaN,
        "Operating Revenue": NaN
    },
    "2022-06-30": {
        "Tax Effect Of Unusual Items": 0.0,
        "Tax Rate For Calcs": 0.0,
        "Normalized EBITDA": -12198000.0,
        "Net Income From Continuing Operation Net Minority Interest": -11991000.0,
        "Reconciled Depreciation": 17000.0,
        "EBITDA": -12198000.0,
        "EBIT": -12215000.0,
        "Net Interest Income": 230000.0,
        "Interest Income": 230000.0,
        "Normalized Income": -11991000.0,
        "Net Income From Continuing And Discontinued Operation": -11991000.0,
        "Total Expenses": 12215000.0,
        "Total Operating Income As Reported": -12215000.0,
        "Diluted Average Shares": 24410503.0,
        "Basic Average Shares": 24410503.0,
        "Diluted EPS": -0.49,
        "Basic EPS": -0.49,
        "Diluted NI Availto Com Stockholders": -11991000.0,
        "Net Income Common Stockholders": -11991000.0,
        "Net Income": -11991000.0,
        "Net Income Including Noncontrolling Interests": -11991000.0,
        "Net Income Continuous Operations": -11991000.0,
        "Pretax Income": -11991000.0,
        "Other Income Expense": -6000.0,
        "Other Non Operating Income Expenses": -6000.0,
        "Net Non Operating Interest Income Expense": 230000.0,
        "Interest Income Non Operating": 230000.0,
        "Operating Income": -12215000.0,
        "Operating Expense": 12215000.0,
        "Research And Development": 8363000.0,
        "Selling General And Administration": 3852000.0,
        "General And Administrative Expense": 3852000.0,
        "Other Gand A": 3852000.0,
        "Total Revenue": 0.0,
        "Operating Revenue": 0.0
    },
    "2022-03-31": {
        "Diluted EPS": -0.45,
        "Total Revenue": NaN,
        "Gross Profit": NaN,
        "Operating Income": -11,
        "EBIT": -11,
        "Net Income": -11
    },
    "2021-12-31": {
        "Diluted EPS": 33.68,
        "Total Revenue": NaN,
        "Gross Profit": NaN,
        "Operating Income": -8,
        "EBIT": -8,
        "Net Income": -8
    },
    "2021-09-30": {
        "Diluted EPS": -0.26,
        "Total Revenue": NaN,
        "Gross Profit": NaN,
        "Operating Income": -6,
        "EBIT": -6,
        "Net Income": -6
    },
    "2021-06-30": {
        "Diluted EPS": -23.8,
        "Total Revenue": NaN,
        "Gross Profit": NaN,
        "Operating Income": -6,
        "EBIT": -6,
        "Net Income": -6
    },
    "2021-03-31": {
        "Diluted EPS": -11.49,
        "Total Revenue": NaN,
        "Gross Profit": NaN,
        "Operating Income": -3,
        "EBIT": -3,
        "Net Income": -3
    },
    "2020-12-31": {
        "Diluted EPS": -15.11,
        "Total Revenue": NaN,
        "Gross Profit": NaN,
        "Operating Income": -4,
        "EBIT": -4,
        "Net Income": -4
    },
    "2020-09-30": {
        "Diluted EPS": -10.13,
        "Total Revenue": NaN,
        "Gross Profit": NaN,
        "Operating Income": -2,
        "EBIT": -2,
        "Net Income": -2
    },
    "2020-06-30": {
        "Diluted EPS": -9.12,
        "Total Revenue": NaN,
        "Gross Profit": NaN,
        "Operating Income": -2,
        "EBIT": -2,
        "Net Income": -2
    },
    "2020-03-31": {
        "Diluted EPS": -5.95,
        "Total Revenue": NaN,
        "Gross Profit": NaN,
        "Operating Income": -1,
        "EBIT": -1,
        "Net Income": -1
    },
    "2019-12-31": {
        "Diluted EPS": 0.0,
        "Total Revenue": NaN,
        "Gross Profit": NaN,
        "Operating Income": NaN,
        "EBIT": NaN,
        "Net Income": NaN
    },
    "2023-06-30": {
        "Tax Effect Of Unusual Items": NaN,
        "Tax Rate For Calcs": NaN,
        "Normalized EBITDA": NaN,
        "Net Income From Continuing Operation Net Minority Interest": NaN,
        "Reconciled Depreciation": NaN,
        "EBITDA": NaN,
        "EBIT": NaN,
        "Net Interest Income": NaN,
        "Interest Income": NaN,
        "Normalized Income": NaN,
        "Net Income From Continuing And Discontinued Operation": NaN,
        "Total Expenses": NaN,
        "Total Operating Income As Reported": NaN,
        "Diluted Average Shares": 25166505.0,
        "Basic Average Shares": 25166505.0,
        "Diluted EPS": -0.76,
        "Basic EPS": -0.76,
        "Diluted NI Availto Com Stockholders": NaN,
        "Net Income Common Stockholders": NaN,
        "Net Income": NaN,
        "Net Income Including Noncontrolling Interests": NaN,
        "Net Income Continuous Operations": NaN,
        "Pretax Income": NaN,
        "Other Income Expense": NaN,
        "Other Non Operating Income Expenses": NaN,
        "Net Non Operating Interest Income Expense": NaN,
        "Interest Income Non Operating": NaN,
        "Operating Income": NaN,
        "Operating Expense": NaN,
        "Research And Development": NaN,
        "Selling General And Administration": NaN,
        "General And Administrative Expense": NaN,
        "Other Gand A": NaN,
        "Total Revenue": NaN,
        "Operating Revenue": NaN
    },
    "2023-09-30": {
        "Tax Effect Of Unusual Items": NaN,
        "Tax Rate For Calcs": NaN,
        "Normalized EBITDA": NaN,
        "Net Income From Continuing Operation Net Minority Interest": NaN,
        "Reconciled Depreciation": NaN,
        "EBITDA": NaN,
        "EBIT": NaN,
        "Net Interest Income": NaN,
        "Interest Income": NaN,
        "Normalized Income": NaN,
        "Net Income From Continuing And Discontinued Operation": NaN,
        "Total Expenses": NaN,
        "Total Operating Income As Reported": NaN,
        "Diluted Average Shares": 27640542.0,
        "Basic Average Shares": 27640542.0,
        "Diluted EPS": -0.71,
        "Basic EPS": -0.71,
        "Diluted NI Availto Com Stockholders": NaN,
        "Net Income Common Stockholders": NaN,
        "Net Income": NaN,
        "Net Income Including Noncontrolling Interests": NaN,
        "Net Income Continuous Operations": NaN,
        "Pretax Income": NaN,
        "Other Income Expense": NaN,
        "Other Non Operating Income Expenses": NaN,
        "Net Non Operating Interest Income Expense": NaN,
        "Interest Income Non Operating": NaN,
        "Operating Income": NaN,
        "Operating Expense": NaN,
        "Research And Development": NaN,
        "Selling General And Administration": NaN,
        "General And Administrative Expense": NaN,
        "Other Gand A": NaN,
        "Total Revenue": NaN,
        "Operating Revenue": NaN
    },
    "2023-12-31": {
        "Tax Effect Of Unusual Items": 0.0,
        "Tax Rate For Calcs": 0.0,
        "Normalized EBITDA": -22038000.0,
        "Net Income From Continuing Operation Net Minority Interest": -20413000.0,
        "Reconciled Depreciation": 28000.0,
        "EBITDA": -22038000.0,
        "EBIT": -22066000.0,
        "Net Interest Income": 1709000.0,
        "Interest Income": 1709000.0,
        "Normalized Income": -20413000.0,
        "Net Income From Continuing And Discontinued Operation": -20413000.0,
        "Total Expenses": 22066000.0,
        "Total Operating Income As Reported": -22066000.0,
        "Diluted Average Shares": NaN,
        "Basic Average Shares": NaN,
        "Diluted EPS": NaN,
        "Basic EPS": NaN,
        "Diluted NI Availto Com Stockholders": -20413000.0,
        "Net Income Common Stockholders": -20413000.0,
        "Net Income": -20413000.0,
        "Net Income Including Noncontrolling Interests": -20413000.0,
        "Net Income Continuous Operations": -20413000.0,
        "Pretax Income": -20357000.0,
        "Other Income Expense": 0.0,
        "Other Non Operating Income Expenses": 0.0,
        "Net Non Operating Interest Income Expense": 1709000.0,
        "Interest Income Non Operating": 1709000.0,
        "Operating Income": -22066000.0,
        "Operating Expense": 22066000.0,
        "Research And Development": 17813000.0,
        "Selling General And Administration": 4253000.0,
        "General And Administrative Expense": 4253000.0,
        "Other Gand A": 4253000.0,
        "Total Revenue": 0.0,
        "Operating Revenue": 0.0
    },
    "2024-03-31": {
        "Tax Effect Of Unusual Items": 0.0,
        "Tax Rate For Calcs": 0.0,
        "Normalized EBITDA": -24590000.0,
        "Net Income From Continuing Operation Net Minority Interest": -23186000.0,
        "Reconciled Depreciation": 28000.0,
        "EBITDA": -24590000.0,
        "EBIT": -24618000.0,
        "Net Interest Income": 1435000.0,
        "Interest Income": 1435000.0,
        "Normalized Income": -23186000.0,
        "Net Income From Continuing And Discontinued Operation": -23186000.0,
        "Total Expenses": 24618000.0,
        "Total Operating Income As Reported": -24618000.0,
        "Diluted Average Shares": 27795827.0,
        "Basic Average Shares": 27795827.0,
        "Diluted EPS": -0.83,
        "Basic EPS": -0.83,
        "Diluted NI Availto Com Stockholders": -23186000.0,
        "Net Income Common Stockholders": -23186000.0,
        "Net Income": -23186000.0,
        "Net Income Including Noncontrolling Interests": -23186000.0,
        "Net Income Continuous Operations": -23186000.0,
        "Pretax Income": -23186000.0,
        "Other Income Expense": -3000.0,
        "Other Non Operating Income Expenses": -3000.0,
        "Net Non Operating Interest Income Expense": 1435000.0,
        "Interest Income Non Operating": 1435000.0,
        "Operating Income": -24618000.0,
        "Operating Expense": 24618000.0,
        "Research And Development": 20080000.0,
        "Selling General And Administration": 4538000.0,
        "General And Administrative Expense": 4538000.0,
        "Other Gand A": 4538000.0,
        "Total Revenue": 0.0,
        "Operating Revenue": 0.0
    },
    "2024-06-30": {
        "Tax Effect Of Unusual Items": 0.0,
        "Tax Rate For Calcs": 0.0,
        "Normalized EBITDA": -26137000.0,
        "Net Income From Continuing Operation Net Minority Interest": -24775000.0,
        "Reconciled Depreciation": 28000.0,
        "EBITDA": -26137000.0,
        "EBIT": -26165000.0,
        "Net Interest Income": 1396000.0,
        "Interest Income": 1396000.0,
        "Normalized Income": -24775000.0,
        "Net Income From Continuing And Discontinued Operation": -24775000.0,
        "Total Expenses": 26165000.0,
        "Total Operating Income As Reported": -26165000.0,
        "Diluted Average Shares": 28756043.0,
        "Basic Average Shares": 28756043.0,
        "Diluted EPS": -0.86,
        "Basic EPS": -0.86,
        "Diluted NI Availto Com Stockholders": -24775000.0,
        "Net Income Common Stockholders": -24775000.0,
        "Net Income": -24775000.0,
        "Net Income Including Noncontrolling Interests": -24775000.0,
        "Net Income Continuous Operations": -24775000.0,
        "Pretax Income": -24775000.0,
        "Other Income Expense": -6000.0,
        "Other Non Operating Income Expenses": -6000.0,
        "Net Non Operating Interest Income Expense": 1396000.0,
        "Interest Income Non Operating": 1396000.0,
        "Operating Income": -26165000.0,
        "Operating Expense": 26165000.0,
        "Research And Development": 21248000.0,
        "Selling General And Administration": 4917000.0,
        "General And Administrative Expense": 4917000.0,
        "Other Gand A": 4917000.0,
        "Total Revenue": 0.0,
        "Operating Revenue": 0.0
    },
    "2024-09-30": {
        "Tax Effect Of Unusual Items": 0.0,
        "Tax Rate For Calcs": 0.0,
        "Normalized EBITDA": -17192000.0,
        "Net Income From Continuing Operation Net Minority Interest": -16237000.0,
        "Reconciled Depreciation": 218000.0,
        "EBITDA": -17192000.0,
        "EBIT": -17410000.0,
        "Net Interest Income": 1183000.0,
        "Interest Income": 1183000.0,
        "Normalized Income": -16237000.0,
        "Net Income From Continuing And Discontinued Operation": -16237000.0,
        "Total Expenses": 17410000.0,
        "Total Operating Income As Reported": -17410000.0,
        "Diluted Average Shares": 28863327.0,
        "Basic Average Shares": 28863327.0,
        "Diluted EPS": -0.56,
        "Basic EPS": -0.56,
        "Diluted NI Availto Com Stockholders": -16237000.0,
        "Net Income Common Stockholders": -16237000.0,
        "Net Income": -16237000.0,
        "Net Income Including Noncontrolling Interests": -16237000.0,
        "Net Income Continuous Operations": -16237000.0,
        "Pretax Income": -16237000.0,
        "Other Income Expense": -10000.0,
        "Other Non Operating Income Expenses": -10000.0,
        "Net Non Operating Interest Income Expense": 1183000.0,
        "Interest Income Non Operating": 1183000.0,
        "Operating Income": -17410000.0,
        "Operating Expense": 17410000.0,
        "Research And Development": 10328000.0,
        "Selling General And Administration": 7082000.0,
        "General And Administrative Expense": 7082000.0,
        "Other Gand A": 7082000.0,
        "Total Revenue": 0.0,
        "Operating Revenue": 0.0
    },
    "2024-12-31": {
        "Tax Effect Of Unusual Items": 0.0,
        "Tax Rate For Calcs": 0.0,
        "Normalized EBITDA": -6395000.0,
        "Net Income From Continuing Operation Net Minority Interest": -5430000.0,
        "Reconciled Depreciation": 8000.0,
        "EBITDA": -6395000.0,
        "EBIT": -6403000.0,
        "Net Interest Income": 1028000.0,
        "Interest Income": 1028000.0,
        "Normalized Income": -5430000.0,
        "Net Income From Continuing And Discontinued Operation": -5430000.0,
        "Total Expenses": 6403000.0,
        "Total Operating Income As Reported": -6403000.0,
        "Diluted Average Shares": NaN,
        "Basic Average Shares": NaN,
        "Diluted EPS": NaN,
        "Basic EPS": NaN,
        "Diluted NI Availto Com Stockholders": -5430000.0,
        "Net Income Common Stockholders": -5430000.0,
        "Net Income": -5430000.0,
        "Net Income Including Noncontrolling Interests": -5430000.0,
        "Net Income Continuous Operations": -5430000.0,
        "Pretax Income": -5375000.0,
        "Other Income Expense": 0.0,
        "Other Non Operating Income Expenses": 0.0,
        "Net Non Operating Interest Income Expense": 1028000.0,
        "Interest Income Non Operating": 1028000.0,
        "Operating Income": -6403000.0,
        "Operating Expense": 6403000.0,
        "Research And Development": 1531000.0,
        "Selling General And Administration": 4872000.0,
        "General And Administrative Expense": 4872000.0,
        "Other Gand A": 4872000.0,
        "Total Revenue": 0.0,
        "Operating Revenue": 0.0
    }
}