{
    "2023-06-30": {
        "Tax Effect Of Unusual Items": NaN,
        "Tax Rate For Calcs": NaN,
        "Normalized EBITDA": NaN,
        "Total Unusual Items": NaN,
        "Total Unusual Items Excluding Goodwill": NaN,
        "Net Income From Continuing Operation Net Minority Interest": NaN,
        "Reconciled Depreciation": NaN,
        "Reconciled Cost Of Revenue": NaN,
        "EBITDA": NaN,
        "EBIT": NaN,
        "Net Interest Income": NaN,
        "Interest Expense": NaN,
        "Normalized Income": NaN,
        "Net Income From Continuing And Discontinued Operation": NaN,
        "Total Expenses": NaN,
        "Total Operating Income As Reported": NaN,
        "Diluted Average Shares": 675300000.0,
        "Basic Average Shares": 675300000.0,
        "Diluted EPS": -0.01,
        "Basic EPS": -0.01,
        "Diluted NI Availto Com Stockholders": NaN,
        "Average Dilution Earnings": 0.0,
        "Net Income Common Stockholders": NaN,
        "Net Income": NaN,
        "Net Income Including Noncontrolling Interests": NaN,
        "Net Income Continuous Operations": NaN,
        "Tax Provision": NaN,
        "Pretax Income": NaN,
        "Other Income Expense": NaN,
        "Other Non Operating Income Expenses": NaN,
        "Special Income Charges": NaN,
        "Other Special Charges": NaN,
        "Impairment Of Capital Assets": NaN,
        "Gain On Sale Of Security": NaN,
        "Net Non Operating Interest Income Expense": NaN,
        "Interest Expense Non Operating": NaN,
        "Operating Income": NaN,
        "Operating Expense": NaN,
        "Selling General And Administration": NaN,
        "Gross Profit": NaN,
        "Cost Of Revenue": NaN,
        "Total Revenue": NaN,
        "Operating Revenue": NaN
    },
    "2023-03-31": {
        "Tax Effect Of Unusual Items": NaN,
        "Tax Rate For Calcs": NaN,
        "Normalized EBITDA": NaN,
        "Total Unusual Items": NaN,
        "Total Unusual Items Excluding Goodwill": NaN,
        "Net Income From Continuing Operation Net Minority Interest": NaN,
        "Reconciled Depreciation": NaN,
        "Reconciled Cost Of Revenue": NaN,
        "EBITDA": NaN,
        "EBIT": NaN,
        "Net Interest Income": NaN,
        "Interest Expense": NaN,
        "Normalized Income": NaN,
        "Net Income From Continuing And Discontinued Operation": NaN,
        "Total Expenses": NaN,
        "Total Operating Income As Reported": NaN,
        "Diluted Average Shares": 678100000.0,
        "Basic Average Shares": 674700000.0,
        "Diluted EPS": 0.18,
        "Basic EPS": 0.18,
        "Diluted NI Availto Com Stockholders": NaN,
        "Average Dilution Earnings": NaN,
        "Net Income Common Stockholders": NaN,
        "Net Income": NaN,
        "Net Income Including Noncontrolling Interests": NaN,
        "Net Income Continuous Operations": NaN,
        "Tax Provision": NaN,
        "Pretax Income": NaN,
        "Other Income Expense": NaN,
        "Other Non Operating Income Expenses": NaN,
        "Special Income Charges": NaN,
        "Other Special Charges": NaN,
        "Impairment Of Capital Assets": NaN,
        "Gain On Sale Of Security": NaN,
        "Net Non Operating Interest Income Expense": NaN,
        "Interest Expense Non Operating": NaN,
        "Operating Income": NaN,
        "Operating Expense": NaN,
        "Selling General And Administration": NaN,
        "Gross Profit": NaN,
        "Cost Of Revenue": NaN,
        "Total Revenue": NaN,
        "Operating Revenue": NaN
    },
    "2022-12-31": {
        "Tax Effect Of Unusual Items": NaN,
        "Tax Rate For Calcs": NaN,
        "Normalized EBITDA": NaN,
        "Total Unusual Items": NaN,
        "Total Unusual Items Excluding Goodwill": NaN,
        "Net Income From Continuing Operation Net Minority Interest": NaN,
        "Reconciled Depreciation": NaN,
        "Reconciled Cost Of Revenue": NaN,
        "EBITDA": NaN,
        "EBIT": NaN,
        "Net Interest Income": NaN,
        "Interest Expense": NaN,
        "Normalized Income": NaN,
        "Net Income From Continuing And Discontinued Operation": NaN,
        "Total Expenses": NaN,
        "Total Operating Income As Reported": NaN,
        "Diluted Average Shares": NaN,
        "Basic Average Shares": NaN,
        "Diluted EPS": NaN,
        "Basic EPS": NaN,
        "Diluted NI Availto Com Stockholders": NaN,
        "Average Dilution Earnings": NaN,
        "Net Income Common Stockholders": NaN,
        "Preferred Stock Dividends": 0.0,
        "Net Income": NaN,
        "Net Income Including Noncontrolling Interests": NaN,
        "Net Income Continuous Operations": NaN,
        "Tax Provision": NaN,
        "Pretax Income": NaN,
        "Other Income Expense": NaN,
        "Other Non Operating Income Expenses": NaN,
        "Special Income Charges": NaN,
        "Other Special Charges": NaN,
        "Impairment Of Capital Assets": NaN,
        "Gain On Sale Of Security": NaN,
        "Net Non Operating Interest Income Expense": NaN,
        "Interest Expense Non Operating": NaN,
        "Operating Income": NaN,
        "Operating Expense": NaN,
        "Selling General And Administration": NaN,
        "Gross Profit": NaN,
        "Cost Of Revenue": NaN,
        "Total Revenue": NaN,
        "Operating Revenue": NaN
    },
    "2022-09-30": {
        "Tax Effect Of Unusual Items": NaN,
        "Tax Rate For Calcs": NaN,
        "Normalized EBITDA": NaN,
        "Total Unusual Items": NaN,
        "Total Unusual Items Excluding Goodwill": NaN,
        "Net Income From Continuing Operation Net Minority Interest": NaN,
        "Reconciled Depreciation": NaN,
        "Reconciled Cost Of Revenue": NaN,
        "EBITDA": NaN,
        "EBIT": NaN,
        "Net Interest Income": NaN,
        "Interest Expense": NaN,
        "Normalized Income": NaN,
        "Net Income From Continuing And Discontinued Operation": NaN,
        "Total Expenses": NaN,
        "Total Operating Income As Reported": NaN,
        "Diluted Average Shares": NaN,
        "Basic Average Shares": NaN,
        "Diluted EPS": NaN,
        "Basic EPS": NaN,
        "Diluted NI Availto Com Stockholders": NaN,
        "Average Dilution Earnings": NaN,
        "Net Income Common Stockholders": NaN,
        "Preferred Stock Dividends": NaN,
        "Net Income": NaN,
        "Net Income Including Noncontrolling Interests": NaN,
        "Net Income Continuous Operations": NaN,
        "Tax Provision": NaN,
        "Pretax Income": NaN,
        "Other Income Expense": NaN,
        "Other Non Operating Income Expenses": NaN,
        "Special Income Charges": NaN,
        "Other Special Charges": NaN,
        "Impairment Of Capital Assets": 0.0,
        "Gain On Sale Of Security": NaN,
        "Net Non Operating Interest Income Expense": NaN,
        "Interest Expense Non Operating": NaN,
        "Operating Income": NaN,
        "Operating Expense": NaN,
        "Selling General And Administration": NaN,
        "Gross Profit": NaN,
        "Cost Of Revenue": NaN,
        "Total Revenue": NaN,
        "Operating Revenue": NaN
    },
    "2022-06-30": {
        "Tax Effect Of Unusual Items": -1204000.0,
        "Tax Rate For Calcs": 0.172,
        "Normalized EBITDA": 386900000.0,
        "Total Unusual Items": -7000000.0,
        "Total Unusual Items Excluding Goodwill": -7000000.0,
        "Net Income From Continuing Operation Net Minority Interest": 187400000.0,
        "Reconciled Depreciation": 89700000.0,
        "Reconciled Cost Of Revenue": 1262800000.0,
        "EBITDA": 379900000.0,
        "EBIT": 290200000.0,
        "Net Interest Income": -63900000.0,
        "Interest Expense": 63900000.0,
        "Normalized Income": 193196000.0,
        "Net Income From Continuing And Discontinued Operation": 187400000.0,
        "Total Expenses": 1614900000.0,
        "Total Operating Income As Reported": 295600000.0,
        "Diluted Average Shares": 680200000.0,
        "Basic Average Shares": 644200000.0,
        "Diluted EPS": 0.28,
        "Basic EPS": 0.28,
        "Diluted NI Availto Com Stockholders": 187400000.0,
        "Average Dilution Earnings": 8100000.0,
        "Net Income Common Stockholders": 179300000.0,
        "Preferred Stock Dividends": 8100000.0,
        "Net Income": 187400000.0,
        "Net Income Including Noncontrolling Interests": 187400000.0,
        "Net Income Continuous Operations": 187400000.0,
        "Tax Provision": 38900000.0,
        "Pretax Income": 226300000.0,
        "Other Income Expense": -5400000.0,
        "Other Non Operating Income Expenses": 1600000.0,
        "Special Income Charges": -6100000.0,
        "Other Special Charges": 6100000.0,
        "Impairment Of Capital Assets": NaN,
        "Gain On Sale Of Security": -900000.0,
        "Net Non Operating Interest Income Expense": -63900000.0,
        "Interest Expense Non Operating": 63900000.0,
        "Operating Income": 295600000.0,
        "Operating Expense": 352100000.0,
        "Selling General And Administration": 352100000.0,
        "General And Administrative Expense": 352100000.0,
        "Other Gand A": 352100000.0,
        "Gross Profit": 647700000.0,
        "Cost Of Revenue": 1262800000.0,
        "Total Revenue": 1910500000.0,
        "Operating Revenue": 1910500000.0
    },
    "2022-03-31": {
        "Diluted EPS": 0.28,
        "Total Revenue": NaN,
        "Gross Profit": 690,
        "Operating Income": 307,
        "EBIT": 426,
        "Net Income": 174
    },
    "2021-12-31": {
        "Diluted EPS": 0.12,
        "Total Revenue": NaN,
        "Gross Profit": 648,
        "Operating Income": 214,
        "EBIT": 323,
        "Net Income": 78
    },
    "2021-09-30": {
        "Diluted EPS": 0.24,
        "Total Revenue": NaN,
        "Gross Profit": 616,
        "Operating Income": 237,
        "EBIT": 341,
        "Net Income": 141
    },
    "2021-06-30": {
        "Diluted EPS": 0.24,
        "Total Revenue": NaN,
        "Gross Profit": 627,
        "Operating Income": 255,
        "EBIT": 345,
        "Net Income": 142
    },
    "2021-03-31": {
        "Diluted EPS": 0.25,
        "Total Revenue": NaN,
        "Gross Profit": 613,
        "Operating Income": 266,
        "EBIT": 359,
        "Net Income": 148
    },
    "2020-12-31": {
        "Diluted EPS": 0.06,
        "Total Revenue": NaN,
        "Gross Profit": 582,
        "Operating Income": 205,
        "EBIT": 311,
        "Net Income": 35
    },
    "2020-09-30": {
        "Diluted EPS": -0.1,
        "Total Revenue": NaN,
        "Gross Profit": 506,
        "Operating Income": 177,
        "EBIT": 282,
        "Net Income": -58
    },
    "2020-06-30": {
        "Diluted EPS": 0.08,
        "Total Revenue": NaN,
        "Gross Profit": 491,
        "Operating Income": 167,
        "EBIT": 271,
        "Net Income": 44
    },
    "2020-03-31": {
        "Diluted EPS": 0.05,
        "Total Revenue": NaN,
        "Gross Profit": 502,
        "Operating Income": 158,
        "EBIT": 262,
        "Net Income": 31
    },
    "2019-12-31": {
        "Diluted EPS": 0.72,
        "Total Revenue": NaN,
        "Gross Profit": 480,
        "Operating Income": 152,
        "EBIT": 256,
        "Net Income": 55
    },
    "2019-09-30": {
        "Diluted EPS": 0.01,
        "Total Revenue": NaN,
        "Gross Profit": 474,
        "Operating Income": 143,
        "EBIT": 251,
        "Net Income": 6
    },
    "2019-06-30": {
        "Diluted EPS": -0.98,
        "Total Revenue": NaN,
        "Gross Profit": 491,
        "Operating Income": 119,
        "EBIT": 231,
        "Net Income": -317
    },
    "2019-03-31": {
        "Diluted EPS": -0.59,
        "Total Revenue": NaN,
        "Gross Profit": 475,
        "Operating Income": 138,
        "EBIT": 246,
        "Net Income": -78
    },
    "2018-12-31": {
        "Diluted EPS": 0.0,
        "Total Revenue": NaN,
        "Gross Profit": NaN,
        "Operating Income": NaN,
        "EBIT": NaN,
        "Net Income": NaN
    },
    "2018-09-30": {
        "Diluted EPS": -0.26,
        "Total Revenue": NaN,
        "Gross Profit": 479,
        "Operating Income": 132,
        "EBIT": 244,
        "Net Income": -34
    },
    "2018-06-30": {
        "Diluted EPS": -0.7,
        "Total Revenue": NaN,
        "Gross Profit": 468,
        "Operating Income": 94,
        "EBIT": 94,
        "Net Income": -93
    },
    "2017-12-31": {
        "Diluted EPS": 0.0,
        "Total Revenue": NaN,
        "Gross Profit": NaN,
        "Operating Income": NaN,
        "EBIT": NaN,
        "Net Income": NaN
    },
    "2023-09-30": {
        "Tax Effect Of Unusual Items": NaN,
        "Tax Rate For Calcs": NaN,
        "Normalized EBITDA": NaN,
        "Total Unusual Items": NaN,
        "Total Unusual Items Excluding Goodwill": NaN,
        "Net Income From Continuing Operation Net Minority Interest": NaN,
        "Reconciled Depreciation": NaN,
        "Reconciled Cost Of Revenue": NaN,
        "EBITDA": NaN,
        "EBIT": NaN,
        "Net Interest Income": NaN,
        "Interest Expense": NaN,
        "Normalized Income": NaN,
        "Net Income From Continuing And Discontinued Operation": NaN,
        "Total Expenses": NaN,
        "Total Operating Income As Reported": NaN,
        "Diluted Average Shares": NaN,
        "Basic Average Shares": NaN,
        "Diluted EPS": NaN,
        "Basic EPS": NaN,
        "Diluted NI Availto Com Stockholders": NaN,
        "Net Income Common Stockholders": NaN,
        "Net Income": NaN,
        "Net Income Including Noncontrolling Interests": NaN,
        "Net Income Continuous Operations": NaN,
        "Tax Provision": NaN,
        "Pretax Income": NaN,
        "Other Income Expense": NaN,
        "Other Non Operating Income Expenses": NaN,
        "Special Income Charges": NaN,
        "Other Special Charges": NaN,
        "Impairment Of Capital Assets": 0.0,
        "Gain On Sale Of Security": NaN,
        "Net Non Operating Interest Income Expense": NaN,
        "Interest Expense Non Operating": NaN,
        "Operating Income": NaN,
        "Operating Expense": NaN,
        "Selling General And Administration": NaN,
        "Gross Profit": NaN,
        "Cost Of Revenue": NaN,
        "Total Revenue": NaN,
        "Operating Revenue": NaN
    },
    "2023-12-31": {
        "Tax Effect Of Unusual Items": NaN,
        "Tax Rate For Calcs": NaN,
        "Normalized EBITDA": NaN,
        "Total Unusual Items": NaN,
        "Total Unusual Items Excluding Goodwill": NaN,
        "Net Income From Continuing Operation Net Minority Interest": NaN,
        "Reconciled Depreciation": NaN,
        "Reconciled Cost Of Revenue": NaN,
        "EBITDA": NaN,
        "EBIT": NaN,
        "Net Interest Income": NaN,
        "Interest Expense": NaN,
        "Normalized Income": NaN,
        "Net Income From Continuing And Discontinued Operation": NaN,
        "Total Expenses": NaN,
        "Total Operating Income As Reported": NaN,
        "Diluted Average Shares": NaN,
        "Basic Average Shares": NaN,
        "Diluted EPS": NaN,
        "Basic EPS": NaN,
        "Diluted NI Availto Com Stockholders": NaN,
        "Average Dilution Earnings": NaN,
        "Net Income Common Stockholders": NaN,
        "Net Income": NaN,
        "Net Income Including Noncontrolling Interests": NaN,
        "Net Income Continuous Operations": NaN,
        "Tax Provision": NaN,
        "Pretax Income": NaN,
        "Other Income Expense": NaN,
        "Other Non Operating Income Expenses": NaN,
        "Special Income Charges": NaN,
        "Other Special Charges": 1000000.0,
        "Impairment Of Capital Assets": 0.0,
        "Gain On Sale Of Security": NaN,
        "Net Non Operating Interest Income Expense": NaN,
        "Interest Expense Non Operating": NaN,
        "Operating Income": NaN,
        "Operating Expense": NaN,
        "Selling General And Administration": NaN,
        "Gross Profit": NaN,
        "Cost Of Revenue": NaN,
        "Total Revenue": NaN,
        "Operating Revenue": NaN
    },
    "2024-03-31": {
        "Tax Effect Of Unusual Items": NaN,
        "Tax Rate For Calcs": NaN,
        "Normalized EBITDA": NaN,
        "Total Unusual Items": NaN,
        "Total Unusual Items Excluding Goodwill": NaN,
        "Net Income From Continuing Operation Net Minority Interest": NaN,
        "Reconciled Depreciation": NaN,
        "Reconciled Cost Of Revenue": NaN,
        "EBITDA": NaN,
        "EBIT": NaN,
        "Net Interest Income": NaN,
        "Interest Expense": NaN,
        "Normalized Income": NaN,
        "Net Income From Continuing And Discontinued Operation": NaN,
        "Total Expenses": NaN,
        "Total Operating Income As Reported": NaN,
        "Diluted Average Shares": NaN,
        "Basic Average Shares": NaN,
        "Diluted EPS": NaN,
        "Basic EPS": NaN,
        "Diluted NI Availto Com Stockholders": NaN,
        "Average Dilution Earnings": NaN,
        "Net Income Common Stockholders": NaN,
        "Net Income": NaN,
        "Net Income Including Noncontrolling Interests": NaN,
        "Net Income Continuous Operations": NaN,
        "Tax Provision": NaN,
        "Pretax Income": NaN,
        "Other Income Expense": NaN,
        "Other Non Operating Income Expenses": NaN,
        "Special Income Charges": NaN,
        "Other Special Charges": 2500000.0,
        "Impairment Of Capital Assets": NaN,
        "Gain On Sale Of Security": 800000.0,
        "Net Non Operating Interest Income Expense": NaN,
        "Interest Expense Non Operating": NaN,
        "Operating Income": NaN,
        "Operating Expense": NaN,
        "Selling General And Administration": NaN,
        "Gross Profit": NaN,
        "Cost Of Revenue": NaN,
        "Total Revenue": NaN,
        "Operating Revenue": NaN
    },
    "2024-06-30": {
        "Tax Effect Of Unusual Items": -170100.0,
        "Tax Rate For Calcs": 0.189,
        "Normalized EBITDA": 279000000.0,
        "Total Unusual Items": -900000.0,
        "Total Unusual Items Excluding Goodwill": -900000.0,
        "Net Income From Continuing Operation Net Minority Interest": 92900000.0,
        "Reconciled Depreciation": 102600000.0,
        "Reconciled Cost Of Revenue": 1121300000.0,
        "EBITDA": 278100000.0,
        "EBIT": 175500000.0,
        "Net Interest Income": -60900000.0,
        "Interest Expense": 60900000.0,
        "Normalized Income": 93629900.0,
        "Net Income From Continuing And Discontinued Operation": 92900000.0,
        "Total Expenses": 1527000000.0,
        "Total Operating Income As Reported": 175800000.0,
        "Diluted Average Shares": 682600000.0,
        "Basic Average Shares": 679400000.0,
        "Diluted EPS": 0.14,
        "Basic EPS": 0.14,
        "Diluted NI Availto Com Stockholders": 92900000.0,
        "Average Dilution Earnings": 0.0,
        "Net Income Common Stockholders": 92900000.0,
        "Net Income": 92900000.0,
        "Net Income Including Noncontrolling Interests": 92900000.0,
        "Net Income Continuous Operations": 92900000.0,
        "Tax Provision": 21700000.0,
        "Pretax Income": 114600000.0,
        "Other Income Expense": -300000.0,
        "Other Non Operating Income Expenses": 600000.0,
        "Special Income Charges": -1900000.0,
        "Other Special Charges": 1900000.0,
        "Impairment Of Capital Assets": 0.0,
        "Gain On Sale Of Security": 1000000.0,
        "Net Non Operating Interest Income Expense": -60900000.0,
        "Interest Expense Non Operating": 60900000.0,
        "Operating Income": 175800000.0,
        "Operating Expense": 405700000.0,
        "Selling General And Administration": 405700000.0,
        "Gross Profit": 581500000.0,
        "Cost Of Revenue": 1121300000.0,
        "Total Revenue": 1702800000.0,
        "Operating Revenue": 1702800000.0
    },
    "2024-09-30": {
        "Tax Effect Of Unusual Items": -470400.0,
        "Tax Rate For Calcs": 0.224,
        "Normalized EBITDA": 227700000.0,
        "Total Unusual Items": -2100000.0,
        "Total Unusual Items Excluding Goodwill": -2100000.0,
        "Net Income From Continuing Operation Net Minority Interest": 57800000.0,
        "Reconciled Depreciation": 102400000.0,
        "Reconciled Cost Of Revenue": 1150000000.0,
        "EBITDA": 225600000.0,
        "EBIT": 123200000.0,
        "Net Interest Income": -48700000.0,
        "Interest Expense": 48700000.0,
        "Normalized Income": 59429600.0,
        "Net Income From Continuing And Discontinued Operation": 57800000.0,
        "Total Expenses": 1589800000.0,
        "Total Operating Income As Reported": 124600000.0,
        "Diluted Average Shares": 683000000.0,
        "Basic Average Shares": 680300000.0,
        "Diluted EPS": 0.08,
        "Basic EPS": 0.08,
        "Diluted NI Availto Com Stockholders": 57800000.0,
        "Average Dilution Earnings": NaN,
        "Net Income Common Stockholders": 57800000.0,
        "Net Income": 57800000.0,
        "Net Income Including Noncontrolling Interests": 57800000.0,
        "Net Income Continuous Operations": 57800000.0,
        "Tax Provision": 16700000.0,
        "Pretax Income": 74500000.0,
        "Other Income Expense": -1400000.0,
        "Other Non Operating Income Expenses": 700000.0,
        "Special Income Charges": -2100000.0,
        "Other Special Charges": 2100000.0,
        "Impairment Of Capital Assets": 0.0,
        "Gain On Sale Of Security": NaN,
        "Net Non Operating Interest Income Expense": -48700000.0,
        "Interest Expense Non Operating": 48700000.0,
        "Operating Income": 124600000.0,
        "Operating Expense": 439800000.0,
        "Selling General And Administration": 439800000.0,
        "Gross Profit": 564400000.0,
        "Cost Of Revenue": 1150000000.0,
        "Total Revenue": 1714400000.0,
        "Operating Revenue": 1714400000.0
    },
    "2024-12-31": {
        "Tax Effect Of Unusual Items": 63846935.980828,
        "Tax Rate For Calcs": 0.143444,
        "Normalized EBITDA": 284900000.0,
        "Total Unusual Items": 445100000.0,
        "Total Unusual Items Excluding Goodwill": 445100000.0,
        "Net Income From Continuing Operation Net Minority Interest": 500400000.0,
        "Reconciled Depreciation": 100900000.0,
        "Reconciled Cost Of Revenue": 1123700000.0,
        "EBITDA": 730000000.0,
        "EBIT": 629100000.0,
        "Net Interest Income": -44900000.0,
        "Interest Expense": 44900000.0,
        "Normalized Income": 119146935.980828,
        "Net Income From Continuing And Discontinued Operation": 500400000.0,
        "Total Expenses": 1495100000.0,
        "Total Operating Income As Reported": 638100000.0,
        "Diluted Average Shares": 682700000.0,
        "Basic Average Shares": 680700000.0,
        "Diluted EPS": 0.73,
        "Basic EPS": 0.74,
        "Diluted NI Availto Com Stockholders": 500400000.0,
        "Average Dilution Earnings": NaN,
        "Net Income Common Stockholders": 500400000.0,
        "Net Income": 500400000.0,
        "Net Income Including Noncontrolling Interests": 500400000.0,
        "Net Income Continuous Operations": 500400000.0,
        "Tax Provision": 83800000.0,
        "Pretax Income": 584200000.0,
        "Other Income Expense": 437600000.0,
        "Other Non Operating Income Expenses": -7500000.0,
        "Special Income Charges": 442200000.0,
        "Other Special Charges": 4400000.0,
        "Impairment Of Capital Assets": 0.0,
        "Gain On Sale Of Security": 2900000.0,
        "Net Non Operating Interest Income Expense": -44900000.0,
        "Interest Expense Non Operating": 44900000.0,
        "Operating Income": 191500000.0,
        "Operating Expense": 371400000.0,
        "Selling General And Administration": 371400000.0,
        "Gross Profit": 562900000.0,
        "Cost Of Revenue": 1123700000.0,
        "Total Revenue": 1686600000.0,
        "Operating Revenue": 1686600000.0
    },
    "2025-03-31": {
        "Tax Effect Of Unusual Items": -790400.0,
        "Tax Rate For Calcs": 0.247,
        "Normalized EBITDA": 230800000.0,
        "Total Unusual Items": -3200000.0,
        "Total Unusual Items Excluding Goodwill": -3200000.0,
        "Net Income From Continuing Operation Net Minority Interest": 64500000.0,
        "Reconciled Depreciation": 99700000.0,
        "Reconciled Cost Of Revenue": 1046500000.0,
        "EBITDA": 227600000.0,
        "EBIT": 127900000.0,
        "Net Interest Income": -42200000.0,
        "Interest Expense": 42200000.0,
        "Normalized Income": 66909600.0,
        "Net Income From Continuing And Discontinued Operation": 64500000.0,
        "Total Expenses": 1434000000.0,
        "Total Operating Income As Reported": 147400000.0,
        "Diluted Average Shares": 682400000.0,
        "Basic Average Shares": 681100000.0,
        "Diluted EPS": 0.09,
        "Basic EPS": 0.09,
        "Diluted NI Availto Com Stockholders": 64500000.0,
        "Average Dilution Earnings": NaN,
        "Net Income Common Stockholders": 64500000.0,
        "Net Income": 64500000.0,
        "Net Income Including Noncontrolling Interests": 64500000.0,
        "Net Income Continuous Operations": 64500000.0,
        "Tax Provision": 21200000.0,
        "Pretax Income": 85700000.0,
        "Other Income Expense": -19500000.0,
        "Other Non Operating Income Expenses": -16300000.0,
        "Special Income Charges": 0.0,
        "Other Special Charges": NaN,
        "Impairment Of Capital Assets": NaN,
        "Gain On Sale Of Security": -3200000.0,
        "Net Non Operating Interest Income Expense": -42200000.0,
        "Interest Expense Non Operating": 42200000.0,
        "Operating Income": 147400000.0,
        "Operating Expense": 387500000.0,
        "Selling General And Administration": 387500000.0,
        "Gross Profit": 534900000.0,
        "Cost Of Revenue": 1046500000.0,
        "Total Revenue": 1581400000.0,
        "Operating Revenue": 1581400000.0
    },
    "2025-06-30": {
        "Tax Effect Of Unusual Items": -811200.0,
        "Tax Rate For Calcs": 0.208,
        "Normalized EBITDA": 231700000.0,
        "Total Unusual Items": -3900000.0,
        "Total Unusual Items Excluding Goodwill": -3900000.0,
        "Net Income From Continuing Operation Net Minority Interest": 64700000.0,
        "Reconciled Depreciation": 102700000.0,
        "Reconciled Cost Of Revenue": 1129300000.0,
        "EBITDA": 227800000.0,
        "EBIT": 125100000.0,
        "Net Interest Income": -43400000.0,
        "Interest Expense": 43400000.0,
        "Normalized Income": 67788800.0,
        "Net Income From Continuing And Discontinued Operation": 64700000.0,
        "Total Expenses": 1554600000.0,
        "Total Operating Income As Reported": 128800000.0,
        "Diluted Average Shares": 681800000.0,
        "Basic Average Shares": 681500000.0,
        "Diluted EPS": 0.09,
        "Basic EPS": 0.09,
        "Diluted NI Availto Com Stockholders": 64700000.0,
        "Average Dilution Earnings": 0.0,
        "Net Income Common Stockholders": 64700000.0,
        "Net Income": 64700000.0,
        "Net Income Including Noncontrolling Interests": 64700000.0,
        "Net Income Continuous Operations": 64700000.0,
        "Tax Provision": 17000000.0,
        "Pretax Income": 81700000.0,
        "Other Income Expense": -3700000.0,
        "Other Non Operating Income Expenses": 200000.0,
        "Special Income Charges": 0.0,
        "Other Special Charges": NaN,
        "Impairment Of Capital Assets": NaN,
        "Gain On Sale Of Security": -3900000.0,
        "Net Non Operating Interest Income Expense": -43400000.0,
        "Interest Expense Non Operating": 43400000.0,
        "Operating Income": 128800000.0,
        "Operating Expense": 425300000.0,
        "Selling General And Administration": 425300000.0,
        "Gross Profit": 554100000.0,
        "Cost Of Revenue": 1129300000.0,
        "Total Revenue": 1683400000.0,
        "Operating Revenue": 1683400000.0
    }
}