{
    "2023-03-31": {
        "Tax Effect Of Unusual Items": NaN,
        "Tax Rate For Calcs": NaN,
        "Normalized EBITDA": NaN,
        "Total Unusual Items": NaN,
        "Total Unusual Items Excluding Goodwill": NaN,
        "Net Income From Continuing Operation Net Minority Interest": NaN,
        "Reconciled Depreciation": NaN,
        "Reconciled Cost Of Revenue": NaN,
        "EBITDA": NaN,
        "EBIT": NaN,
        "Net Interest Income": NaN,
        "Interest Expense": NaN,
        "Interest Income": NaN,
        "Normalized Income": NaN,
        "Net Income From Continuing And Discontinued Operation": NaN,
        "Total Expenses": NaN,
        "Total Operating Income As Reported": NaN,
        "Diluted Average Shares": NaN,
        "Basic Average Shares": NaN,
        "Diluted EPS": NaN,
        "Basic EPS": NaN,
        "Diluted NI Availto Com Stockholders": NaN,
        "Net Income Common Stockholders": NaN,
        "Net Income": NaN,
        "Net Income Including Noncontrolling Interests": NaN,
        "Net Income Continuous Operations": NaN,
        "Pretax Income": NaN,
        "Other Income Expense": NaN,
        "Other Non Operating Income Expenses": NaN,
        "Special Income Charges": NaN,
        "Other Special Charges": NaN,
        "Gain On Sale Of Security": NaN,
        "Net Non Operating Interest Income Expense": NaN,
        "Total Other Finance Cost": -26000.0,
        "Interest Expense Non Operating": NaN,
        "Interest Income Non Operating": NaN,
        "Operating Income": NaN,
        "Operating Expense": NaN,
        "Research And Development": NaN,
        "Selling General And Administration": NaN,
        "Selling And Marketing Expense": NaN,
        "General And Administrative Expense": NaN,
        "Other Gand A": NaN,
        "Gross Profit": NaN,
        "Cost Of Revenue": NaN,
        "Total Revenue": NaN,
        "Operating Revenue": NaN
    },
    "2022-12-31": {
        "Tax Effect Of Unusual Items": NaN,
        "Tax Rate For Calcs": NaN,
        "Normalized EBITDA": NaN,
        "Total Unusual Items": NaN,
        "Total Unusual Items Excluding Goodwill": NaN,
        "Net Income From Continuing Operation Net Minority Interest": NaN,
        "Reconciled Depreciation": NaN,
        "Reconciled Cost Of Revenue": NaN,
        "EBITDA": NaN,
        "EBIT": NaN,
        "Net Interest Income": NaN,
        "Interest Income": NaN,
        "Normalized Income": NaN,
        "Net Income From Continuing And Discontinued Operation": NaN,
        "Total Expenses": NaN,
        "Total Operating Income As Reported": NaN,
        "Diluted Average Shares": NaN,
        "Basic Average Shares": NaN,
        "Diluted EPS": NaN,
        "Basic EPS": NaN,
        "Diluted NI Availto Com Stockholders": NaN,
        "Net Income Common Stockholders": NaN,
        "Net Income": NaN,
        "Net Income Including Noncontrolling Interests": NaN,
        "Net Income Continuous Operations": NaN,
        "Pretax Income": NaN,
        "Other Income Expense": NaN,
        "Other Non Operating Income Expenses": NaN,
        "Special Income Charges": NaN,
        "Other Special Charges": NaN,
        "Gain On Sale Of Security": NaN,
        "Net Non Operating Interest Income Expense": NaN,
        "Total Other Finance Cost": -27000.0,
        "Interest Income Non Operating": NaN,
        "Operating Income": NaN,
        "Operating Expense": NaN,
        "Research And Development": NaN,
        "Selling General And Administration": NaN,
        "Selling And Marketing Expense": NaN,
        "General And Administrative Expense": NaN,
        "Other Gand A": NaN,
        "Gross Profit": NaN,
        "Cost Of Revenue": NaN,
        "Total Revenue": NaN,
        "Operating Revenue": NaN
    },
    "2022-09-30": {
        "Tax Effect Of Unusual Items": NaN,
        "Tax Rate For Calcs": NaN,
        "Normalized EBITDA": NaN,
        "Total Unusual Items": NaN,
        "Total Unusual Items Excluding Goodwill": NaN,
        "Net Income From Continuing Operation Net Minority Interest": NaN,
        "Reconciled Depreciation": NaN,
        "Reconciled Cost Of Revenue": NaN,
        "EBITDA": NaN,
        "EBIT": NaN,
        "Net Interest Income": NaN,
        "Interest Income": 18000.0,
        "Normalized Income": NaN,
        "Net Income From Continuing And Discontinued Operation": NaN,
        "Total Expenses": NaN,
        "Total Operating Income As Reported": NaN,
        "Diluted Average Shares": NaN,
        "Basic Average Shares": NaN,
        "Diluted EPS": NaN,
        "Basic EPS": NaN,
        "Diluted NI Availto Com Stockholders": NaN,
        "Net Income Common Stockholders": NaN,
        "Net Income": NaN,
        "Net Income Including Noncontrolling Interests": NaN,
        "Net Income Continuous Operations": NaN,
        "Pretax Income": NaN,
        "Other Income Expense": NaN,
        "Other Non Operating Income Expenses": NaN,
        "Gain On Sale Of Security": NaN,
        "Net Non Operating Interest Income Expense": NaN,
        "Total Other Finance Cost": -18000.0,
        "Interest Income Non Operating": 18000.0,
        "Operating Income": NaN,
        "Operating Expense": NaN,
        "Research And Development": NaN,
        "Selling General And Administration": NaN,
        "Selling And Marketing Expense": NaN,
        "General And Administrative Expense": NaN,
        "Other Gand A": NaN,
        "Gross Profit": NaN,
        "Cost Of Revenue": NaN,
        "Total Revenue": NaN,
        "Operating Revenue": NaN
    },
    "2022-06-30": {
        "Tax Effect Of Unusual Items": 0.0,
        "Tax Rate For Calcs": 0.0,
        "Normalized EBITDA": -8156000.0,
        "Total Unusual Items": NaN,
        "Total Unusual Items Excluding Goodwill": NaN,
        "Net Income From Continuing Operation Net Minority Interest": -8243000.0,
        "Reconciled Depreciation": 64000.0,
        "Reconciled Cost Of Revenue": 1100000.0,
        "EBITDA": -8156000.0,
        "EBIT": -8220000.0,
        "Net Interest Income": -10000.0,
        "Normalized Income": -8243000.0,
        "Net Income From Continuing And Discontinued Operation": -8243000.0,
        "Total Expenses": 10286000.0,
        "Total Operating Income As Reported": -8220000.0,
        "Diluted Average Shares": 7482860.0,
        "Basic Average Shares": 7482860.0,
        "Diluted EPS": -1.1,
        "Basic EPS": -1.1,
        "Diluted NI Availto Com Stockholders": -8243000.0,
        "Net Income Common Stockholders": -8243000.0,
        "Net Income": -8243000.0,
        "Net Income Including Noncontrolling Interests": -8243000.0,
        "Net Income Continuous Operations": -8243000.0,
        "Pretax Income": -8243000.0,
        "Other Income Expense": -13000.0,
        "Other Non Operating Income Expenses": -13000.0,
        "Gain On Sale Of Security": NaN,
        "Net Non Operating Interest Income Expense": -10000.0,
        "Total Other Finance Cost": 10000.0,
        "Operating Income": -8220000.0,
        "Operating Expense": 9186000.0,
        "Research And Development": 1410000.0,
        "Selling General And Administration": 7776000.0,
        "Selling And Marketing Expense": 3580000.0,
        "General And Administrative Expense": 4196000.0,
        "Other Gand A": 4196000.0,
        "Gross Profit": 966000.0,
        "Cost Of Revenue": 1100000.0,
        "Total Revenue": 2066000.0,
        "Operating Revenue": 2066000.0
    },
    "2022-03-31": {
        "Diluted EPS": -1.24,
        "Total Revenue": 2,
        "Gross Profit": 1,
        "Operating Income": -9,
        "EBIT": -9,
        "Net Income": -9
    },
    "2021-12-31": {
        "Diluted EPS": -1.2,
        "Total Revenue": 2,
        "Gross Profit": 1,
        "Operating Income": -9,
        "EBIT": -9,
        "Net Income": -9
    },
    "2021-09-30": {
        "Diluted EPS": -1.35,
        "Total Revenue": 2,
        "Gross Profit": 1,
        "Operating Income": -10,
        "EBIT": -10,
        "Net Income": -10
    },
    "2021-06-30": {
        "Diluted EPS": -0.9,
        "Total Revenue": 2,
        "Gross Profit": 1,
        "Operating Income": -8,
        "EBIT": -8,
        "Net Income": -7
    },
    "2021-03-31": {
        "Diluted EPS": -0.75,
        "Total Revenue": 1,
        "Gross Profit": 1,
        "Operating Income": -6,
        "EBIT": -6,
        "Net Income": -6
    },
    "2020-12-31": {
        "Diluted EPS": -0.9,
        "Total Revenue": 1,
        "Gross Profit": 0,
        "Operating Income": -6,
        "EBIT": -6,
        "Net Income": -6
    },
    "2020-09-30": {
        "Diluted EPS": -0.6,
        "Total Revenue": 1,
        "Gross Profit": 0,
        "Operating Income": -4,
        "EBIT": -4,
        "Net Income": -4
    },
    "2020-06-30": {
        "Diluted EPS": -0.6,
        "Total Revenue": 1,
        "Gross Profit": 0,
        "Operating Income": -4,
        "EBIT": -4,
        "Net Income": -4
    },
    "2020-03-31": {
        "Diluted EPS": -0.6,
        "Total Revenue": 1,
        "Gross Profit": 0,
        "Operating Income": -4,
        "EBIT": -4,
        "Net Income": -4
    },
    "2019-12-31": {
        "Diluted EPS": -0.45,
        "Total Revenue": 1,
        "Gross Profit": 1,
        "Operating Income": -3,
        "EBIT": -3,
        "Net Income": -3
    },
    "2019-09-30": {
        "Diluted EPS": -0.6,
        "Total Revenue": 1,
        "Gross Profit": 0,
        "Operating Income": -4,
        "EBIT": -4,
        "Net Income": -4
    },
    "2019-06-30": {
        "Diluted EPS": -0.9,
        "Total Revenue": 1,
        "Gross Profit": 0,
        "Operating Income": -4,
        "EBIT": -4,
        "Net Income": -4
    },
    "2019-03-31": {
        "Diluted EPS": -0.75,
        "Total Revenue": 1,
        "Gross Profit": 0,
        "Operating Income": -4,
        "EBIT": -4,
        "Net Income": -4
    },
    "2018-12-31": {
        "Diluted EPS": -0.45,
        "Total Revenue": 1,
        "Gross Profit": 0,
        "Operating Income": -3,
        "EBIT": -3,
        "Net Income": -3
    },
    "2018-09-30": {
        "Diluted EPS": -0.6,
        "Total Revenue": 1,
        "Gross Profit": 0,
        "Operating Income": -3,
        "EBIT": -2,
        "Net Income": -3
    },
    "2018-06-30": {
        "Diluted EPS": -0.6,
        "Total Revenue": 1,
        "Gross Profit": 0,
        "Operating Income": -3,
        "EBIT": -3,
        "Net Income": -3
    },
    "2018-03-31": {
        "Diluted EPS": -0.75,
        "Total Revenue": 1,
        "Gross Profit": 0,
        "Operating Income": -3,
        "EBIT": -3,
        "Net Income": -3
    },
    "2017-12-31": {
        "Diluted EPS": -0.75,
        "Total Revenue": 1,
        "Gross Profit": 0,
        "Operating Income": -3,
        "EBIT": -3,
        "Net Income": -3
    },
    "2017-09-30": {
        "Diluted EPS": -0.9,
        "Total Revenue": 1,
        "Gross Profit": 0,
        "Operating Income": -2,
        "EBIT": -2,
        "Net Income": -3
    },
    "2017-06-30": {
        "Diluted EPS": -0.6,
        "Total Revenue": 1,
        "Gross Profit": 0,
        "Operating Income": -2,
        "EBIT": -2,
        "Net Income": -2
    },
    "2017-03-31": {
        "Diluted EPS": -0.75,
        "Total Revenue": 1,
        "Gross Profit": 0,
        "Operating Income": -3,
        "EBIT": -2,
        "Net Income": -3
    },
    "2016-12-31": {
        "Diluted EPS": -0.9,
        "Total Revenue": 1,
        "Gross Profit": 0,
        "Operating Income": -3,
        "EBIT": -3,
        "Net Income": -3
    },
    "2016-09-30": {
        "Diluted EPS": -1.05,
        "Total Revenue": 1,
        "Gross Profit": 0,
        "Operating Income": -3,
        "EBIT": -3,
        "Net Income": -3
    },
    "2016-06-30": {
        "Diluted EPS": -1.05,
        "Total Revenue": 1,
        "Gross Profit": 0,
        "Operating Income": -4,
        "EBIT": -4,
        "Net Income": -4
    },
    "2016-03-31": {
        "Diluted EPS": -1.35,
        "Total Revenue": 1,
        "Gross Profit": 0,
        "Operating Income": -5,
        "EBIT": -5,
        "Net Income": -5
    },
    "2015-12-31": {
        "Diluted EPS": -1.5,
        "Total Revenue": 0,
        "Gross Profit": 0,
        "Operating Income": -5,
        "EBIT": -5,
        "Net Income": -5
    },
    "2015-09-30": {
        "Diluted EPS": -1.5,
        "Total Revenue": 0,
        "Gross Profit": 0,
        "Operating Income": -5,
        "EBIT": -5,
        "Net Income": -5
    },
    "2015-06-30": {
        "Diluted EPS": -1.65,
        "Total Revenue": 1,
        "Gross Profit": 0,
        "Operating Income": -5,
        "EBIT": -5,
        "Net Income": -5
    },
    "2015-03-31": {
        "Diluted EPS": -1.5,
        "Total Revenue": 1,
        "Gross Profit": 0,
        "Operating Income": -4,
        "EBIT": -4,
        "Net Income": -4
    },
    "2014-12-31": {
        "Diluted EPS": -1.65,
        "Total Revenue": 2,
        "Gross Profit": 1,
        "Operating Income": -4,
        "EBIT": -4,
        "Net Income": -4
    },
    "2014-09-30": {
        "Diluted EPS": -2.4,
        "Total Revenue": 0,
        "Gross Profit": 0,
        "Operating Income": -6,
        "EBIT": -6,
        "Net Income": -6
    },
    "2014-06-30": {
        "Diluted EPS": -2.25,
        "Total Revenue": 0,
        "Gross Profit": 0,
        "Operating Income": -6,
        "EBIT": -6,
        "Net Income": -6
    },
    "2014-03-31": {
        "Diluted EPS": -1.65,
        "Total Revenue": 0,
        "Gross Profit": 0,
        "Operating Income": -4,
        "EBIT": -4,
        "Net Income": -4
    },
    "2013-12-31": {
        "Diluted EPS": -0.6,
        "Total Revenue": 2,
        "Gross Profit": 2,
        "Operating Income": -2,
        "EBIT": -2,
        "Net Income": -2
    },
    "2013-09-30": {
        "Diluted EPS": -1.5,
        "Total Revenue": 0,
        "Gross Profit": 0,
        "Operating Income": -2,
        "EBIT": -2,
        "Net Income": -2
    },
    "2013-06-30": {
        "Diluted EPS": -1.65,
        "Total Revenue": 0,
        "Gross Profit": 0,
        "Operating Income": -2,
        "EBIT": -2,
        "Net Income": -2
    },
    "2013-03-31": {
        "Diluted EPS": -2.55,
        "Total Revenue": 0,
        "Gross Profit": 0,
        "Operating Income": -3,
        "EBIT": -3,
        "Net Income": -3
    },
    "2012-12-31": {
        "Diluted EPS": -1.5,
        "Total Revenue": 1,
        "Gross Profit": 1,
        "Operating Income": -1,
        "EBIT": -1,
        "Net Income": -1
    },
    "2012-09-30": {
        "Diluted EPS": -1.95,
        "Total Revenue": 0,
        "Gross Profit": 0,
        "Operating Income": -2,
        "EBIT": -2,
        "Net Income": -2
    },
    "2012-06-30": {
        "Diluted EPS": -1.95,
        "Total Revenue": 0,
        "Gross Profit": 0,
        "Operating Income": -4,
        "EBIT": -4,
        "Net Income": -2
    },
    "2012-03-31": {
        "Diluted EPS": -1.8,
        "Total Revenue": 0,
        "Gross Profit": 0,
        "Operating Income": -2,
        "EBIT": -2,
        "Net Income": -2
    },
    "2011-12-31": {
        "Diluted EPS": -3.15,
        "Total Revenue": 1,
        "Gross Profit": 1,
        "Operating Income": -3,
        "EBIT": -3,
        "Net Income": -3
    },
    "2011-09-30": {
        "Diluted EPS": -4.65,
        "Total Revenue": 0,
        "Gross Profit": 0,
        "Operating Income": -5,
        "EBIT": -5,
        "Net Income": -5
    },
    "2011-06-30": {
        "Diluted EPS": -5.85,
        "Total Revenue": 0,
        "Gross Profit": 0,
        "Operating Income": -6,
        "EBIT": -6,
        "Net Income": -6
    },
    "2011-03-31": {
        "Diluted EPS": -5.1,
        "Total Revenue": 0,
        "Gross Profit": 0,
        "Operating Income": -4,
        "EBIT": -4,
        "Net Income": -4
    },
    "2010-12-31": {
        "Diluted EPS": -5.7,
        "Total Revenue": 0,
        "Gross Profit": 0,
        "Operating Income": -4,
        "EBIT": -4,
        "Net Income": -4
    },
    "2010-09-30": {
        "Diluted EPS": -3.9,
        "Total Revenue": 0,
        "Gross Profit": 0,
        "Operating Income": -4,
        "EBIT": -4,
        "Net Income": -3
    },
    "2010-06-30": {
        "Diluted EPS": -1.05,
        "Total Revenue": 0,
        "Gross Profit": 0,
        "Operating Income": -4,
        "EBIT": -4,
        "Net Income": -1
    },
    "2010-03-31": {
        "Diluted EPS": -17.09,
        "Total Revenue": 0,
        "Gross Profit": 0,
        "Operating Income": -3,
        "EBIT": -3,
        "Net Income": -12
    },
    "2009-12-31": {
        "Diluted EPS": -12.89,
        "Total Revenue": NaN,
        "Gross Profit": NaN,
        "Operating Income": NaN,
        "EBIT": NaN,
        "Net Income": -6
    },
    "2009-09-30": {
        "Diluted EPS": -25.79,
        "Total Revenue": NaN,
        "Gross Profit": NaN,
        "Operating Income": NaN,
        "EBIT": NaN,
        "Net Income": -11
    },
    "2009-06-30": {
        "Diluted EPS": -4.2,
        "Total Revenue": NaN,
        "Gross Profit": NaN,
        "Operating Income": NaN,
        "EBIT": NaN,
        "Net Income": -2
    },
    "2009-03-31": {
        "Diluted EPS": -6.6,
        "Total Revenue": NaN,
        "Gross Profit": NaN,
        "Operating Income": NaN,
        "EBIT": NaN,
        "Net Income": -3
    },
    "2023-06-30": {
        "Tax Effect Of Unusual Items": 0.0,
        "Tax Rate For Calcs": 0.0,
        "Normalized EBITDA": -6261000.0,
        "Total Unusual Items": 1992000.0,
        "Total Unusual Items Excluding Goodwill": 1992000.0,
        "Net Income From Continuing Operation Net Minority Interest": -2317000.0,
        "Reconciled Depreciation": 52000.0,
        "Reconciled Cost Of Revenue": 941000.0,
        "EBITDA": -4269000.0,
        "EBIT": -4321000.0,
        "Net Interest Income": 8000.0,
        "Interest Expense": NaN,
        "Interest Income": NaN,
        "Normalized Income": -4309000.0,
        "Net Income From Continuing And Discontinued Operation": -2317000.0,
        "Total Expenses": 6812000.0,
        "Total Operating Income As Reported": -4321000.0,
        "Diluted Average Shares": NaN,
        "Basic Average Shares": NaN,
        "Diluted EPS": NaN,
        "Basic EPS": NaN,
        "Diluted NI Availto Com Stockholders": -2317000.0,
        "Net Income Common Stockholders": -2317000.0,
        "Net Income": -2317000.0,
        "Net Income Including Noncontrolling Interests": -2317000.0,
        "Net Income Continuous Operations": -2317000.0,
        "Pretax Income": -2317000.0,
        "Other Income Expense": 1996000.0,
        "Other Non Operating Income Expenses": 4000.0,
        "Special Income Charges": 1000000.0,
        "Other Special Charges": -1000000.0,
        "Gain On Sale Of Security": 992000.0,
        "Net Non Operating Interest Income Expense": 8000.0,
        "Total Other Finance Cost": -8000.0,
        "Interest Expense Non Operating": NaN,
        "Interest Income Non Operating": NaN,
        "Operating Income": -4321000.0,
        "Operating Expense": 5871000.0,
        "Research And Development": 693000.0,
        "Selling General And Administration": 5178000.0,
        "Selling And Marketing Expense": 1772000.0,
        "General And Administrative Expense": 3406000.0,
        "Other Gand A": 3406000.0,
        "Gross Profit": 1550000.0,
        "Cost Of Revenue": 941000.0,
        "Total Revenue": 2491000.0,
        "Operating Revenue": 2491000.0
    },
    "2023-09-30": {
        "Tax Effect Of Unusual Items": 0.0,
        "Tax Rate For Calcs": 0.0,
        "Normalized EBITDA": -2875000.0,
        "Total Unusual Items": -1201000.0,
        "Total Unusual Items Excluding Goodwill": -1201000.0,
        "Net Income From Continuing Operation Net Minority Interest": -4706000.0,
        "Reconciled Depreciation": 40000.0,
        "Reconciled Cost Of Revenue": 910000.0,
        "EBITDA": -4076000.0,
        "EBIT": -4116000.0,
        "Net Interest Income": 12000.0,
        "Interest Expense": NaN,
        "Interest Income": 12000.0,
        "Normalized Income": -3505000.0,
        "Net Income From Continuing And Discontinued Operation": -4706000.0,
        "Total Expenses": 6333000.0,
        "Total Operating Income As Reported": -4116000.0,
        "Diluted Average Shares": 9776436.0,
        "Basic Average Shares": 9776436.0,
        "Diluted EPS": -0.48,
        "Basic EPS": -0.48,
        "Diluted NI Availto Com Stockholders": -4706000.0,
        "Net Income Common Stockholders": -4706000.0,
        "Net Income": -4706000.0,
        "Net Income Including Noncontrolling Interests": -4706000.0,
        "Net Income Continuous Operations": -4706000.0,
        "Pretax Income": -4706000.0,
        "Other Income Expense": -602000.0,
        "Other Non Operating Income Expenses": 599000.0,
        "Special Income Charges": 0.0,
        "Gain On Sale Of Security": -1201000.0,
        "Net Non Operating Interest Income Expense": 12000.0,
        "Total Other Finance Cost": NaN,
        "Interest Expense Non Operating": NaN,
        "Interest Income Non Operating": 12000.0,
        "Operating Income": -4116000.0,
        "Operating Expense": 5423000.0,
        "Research And Development": 998000.0,
        "Selling General And Administration": 4425000.0,
        "Selling And Marketing Expense": 1702000.0,
        "General And Administrative Expense": 2723000.0,
        "Other Gand A": 2723000.0,
        "Gross Profit": 1307000.0,
        "Cost Of Revenue": 910000.0,
        "Total Revenue": 2217000.0,
        "Operating Revenue": 2217000.0
    },
    "2023-12-31": {
        "Tax Effect Of Unusual Items": NaN,
        "Tax Rate For Calcs": NaN,
        "Normalized EBITDA": NaN,
        "Total Unusual Items": NaN,
        "Total Unusual Items Excluding Goodwill": NaN,
        "Net Income From Continuing Operation Net Minority Interest": NaN,
        "Reconciled Depreciation": NaN,
        "Reconciled Cost Of Revenue": NaN,
        "EBITDA": NaN,
        "EBIT": NaN,
        "Net Interest Income": NaN,
        "Interest Expense": NaN,
        "Interest Income": NaN,
        "Normalized Income": NaN,
        "Net Income From Continuing And Discontinued Operation": NaN,
        "Total Expenses": NaN,
        "Total Operating Income As Reported": NaN,
        "Diluted Average Shares": 10408132.0,
        "Basic Average Shares": 10408132.0,
        "Diluted EPS": -0.3,
        "Basic EPS": -0.3,
        "Diluted NI Availto Com Stockholders": NaN,
        "Net Income Common Stockholders": NaN,
        "Net Income": NaN,
        "Net Income Including Noncontrolling Interests": NaN,
        "Net Income Continuous Operations": NaN,
        "Pretax Income": NaN,
        "Other Income Expense": NaN,
        "Other Non Operating Income Expenses": NaN,
        "Special Income Charges": NaN,
        "Gain On Sale Of Security": NaN,
        "Net Non Operating Interest Income Expense": NaN,
        "Total Other Finance Cost": NaN,
        "Interest Expense Non Operating": NaN,
        "Interest Income Non Operating": NaN,
        "Operating Income": NaN,
        "Operating Expense": NaN,
        "Research And Development": NaN,
        "Selling General And Administration": NaN,
        "Selling And Marketing Expense": NaN,
        "General And Administrative Expense": NaN,
        "Other Gand A": NaN,
        "Gross Profit": NaN,
        "Cost Of Revenue": NaN,
        "Total Revenue": NaN,
        "Operating Revenue": NaN
    },
    "2024-03-31": {
        "Tax Effect Of Unusual Items": 0.0,
        "Tax Rate For Calcs": 0.0,
        "Normalized EBITDA": -4932000.0,
        "Total Unusual Items": 251000.0,
        "Total Unusual Items Excluding Goodwill": 251000.0,
        "Net Income From Continuing Operation Net Minority Interest": -4629000.0,
        "Reconciled Depreciation": 29000.0,
        "Reconciled Cost Of Revenue": 939000.0,
        "EBITDA": -4681000.0,
        "EBIT": -4710000.0,
        "Net Interest Income": -5000.0,
        "Interest Expense": NaN,
        "Interest Income": NaN,
        "Normalized Income": -4880000.0,
        "Net Income From Continuing And Discontinued Operation": -4629000.0,
        "Total Expenses": 6863000.0,
        "Total Operating Income As Reported": -4710000.0,
        "Diluted Average Shares": 11846075.0,
        "Basic Average Shares": 11846075.0,
        "Diluted EPS": -0.39,
        "Basic EPS": -0.39,
        "Diluted NI Availto Com Stockholders": -4629000.0,
        "Net Income Common Stockholders": -4629000.0,
        "Net Income": -4629000.0,
        "Net Income Including Noncontrolling Interests": -4629000.0,
        "Net Income Continuous Operations": -4629000.0,
        "Pretax Income": -4629000.0,
        "Other Income Expense": 86000.0,
        "Other Non Operating Income Expenses": -165000.0,
        "Special Income Charges": NaN,
        "Gain On Sale Of Security": 251000.0,
        "Net Non Operating Interest Income Expense": -5000.0,
        "Total Other Finance Cost": 5000.0,
        "Interest Expense Non Operating": NaN,
        "Interest Income Non Operating": NaN,
        "Operating Income": -4710000.0,
        "Operating Expense": 5924000.0,
        "Research And Development": 906000.0,
        "Selling General And Administration": 5018000.0,
        "Selling And Marketing Expense": 1889000.0,
        "General And Administrative Expense": 3129000.0,
        "Other Gand A": 3129000.0,
        "Gross Profit": 1214000.0,
        "Cost Of Revenue": 939000.0,
        "Total Revenue": 2153000.0,
        "Operating Revenue": 2153000.0
    },
    "2024-06-30": {
        "Tax Effect Of Unusual Items": 0.0,
        "Tax Rate For Calcs": 0.0,
        "Normalized EBITDA": -5256000.0,
        "Total Unusual Items": 889000.0,
        "Total Unusual Items Excluding Goodwill": 889000.0,
        "Net Income From Continuing Operation Net Minority Interest": -3530000.0,
        "Reconciled Depreciation": 26000.0,
        "Reconciled Cost Of Revenue": 1002000.0,
        "EBITDA": -4367000.0,
        "EBIT": -4393000.0,
        "Net Interest Income": -10000.0,
        "Interest Expense": NaN,
        "Interest Income": NaN,
        "Normalized Income": -4419000.0,
        "Net Income From Continuing And Discontinued Operation": -3530000.0,
        "Total Expenses": 6816000.0,
        "Total Operating Income As Reported": -4393000.0,
        "Diluted Average Shares": 12518725.0,
        "Basic Average Shares": 12518725.0,
        "Diluted EPS": -0.28,
        "Basic EPS": -0.28,
        "Diluted NI Availto Com Stockholders": -3530000.0,
        "Net Income Common Stockholders": -3530000.0,
        "Net Income": -3530000.0,
        "Net Income Including Noncontrolling Interests": -3530000.0,
        "Net Income Continuous Operations": -3530000.0,
        "Pretax Income": -3530000.0,
        "Other Income Expense": 873000.0,
        "Other Non Operating Income Expenses": -16000.0,
        "Special Income Charges": 0.0,
        "Gain On Sale Of Security": 889000.0,
        "Net Non Operating Interest Income Expense": -10000.0,
        "Total Other Finance Cost": 10000.0,
        "Interest Expense Non Operating": NaN,
        "Interest Income Non Operating": NaN,
        "Operating Income": -4393000.0,
        "Operating Expense": 5814000.0,
        "Research And Development": 952000.0,
        "Selling General And Administration": 4862000.0,
        "Selling And Marketing Expense": 2137000.0,
        "General And Administrative Expense": 2725000.0,
        "Other Gand A": 2725000.0,
        "Gross Profit": 1421000.0,
        "Cost Of Revenue": 1002000.0,
        "Total Revenue": 2423000.0,
        "Operating Revenue": 2423000.0
    },
    "2024-09-30": {
        "Tax Effect Of Unusual Items": 0.0,
        "Tax Rate For Calcs": 0.0,
        "Normalized EBITDA": -3693000.0,
        "Total Unusual Items": 174000.0,
        "Total Unusual Items Excluding Goodwill": 174000.0,
        "Net Income From Continuing Operation Net Minority Interest": -3547000.0,
        "Reconciled Depreciation": 23000.0,
        "Reconciled Cost Of Revenue": 902000.0,
        "EBITDA": -3519000.0,
        "EBIT": -3542000.0,
        "Net Interest Income": -5000.0,
        "Interest Expense": 5000.0,
        "Interest Income": NaN,
        "Normalized Income": -3721000.0,
        "Net Income From Continuing And Discontinued Operation": -3547000.0,
        "Total Expenses": 6001000.0,
        "Total Operating Income As Reported": -3744000.0,
        "Diluted Average Shares": 15405672.0,
        "Basic Average Shares": 15405672.0,
        "Diluted EPS": -0.23,
        "Basic EPS": -0.23,
        "Diluted NI Availto Com Stockholders": -3547000.0,
        "Net Income Common Stockholders": -3547000.0,
        "Net Income": -3547000.0,
        "Net Income Including Noncontrolling Interests": -3547000.0,
        "Net Income Continuous Operations": -3547000.0,
        "Pretax Income": -3547000.0,
        "Other Income Expense": 202000.0,
        "Other Non Operating Income Expenses": 28000.0,
        "Special Income Charges": 0.0,
        "Gain On Sale Of Security": 174000.0,
        "Net Non Operating Interest Income Expense": -5000.0,
        "Total Other Finance Cost": NaN,
        "Interest Expense Non Operating": 5000.0,
        "Interest Income Non Operating": NaN,
        "Operating Income": -3744000.0,
        "Operating Expense": 5099000.0,
        "Research And Development": 908000.0,
        "Selling General And Administration": 4191000.0,
        "Selling And Marketing Expense": 2143000.0,
        "General And Administrative Expense": 2048000.0,
        "Other Gand A": 2048000.0,
        "Gross Profit": 1355000.0,
        "Cost Of Revenue": 902000.0,
        "Total Revenue": 2257000.0,
        "Operating Revenue": 2257000.0
    },
    "2024-12-31": {
        "Tax Effect Of Unusual Items": 0.0,
        "Tax Rate For Calcs": 0.0,
        "Normalized EBITDA": -4610000.0,
        "Total Unusual Items": 32000.0,
        "Total Unusual Items Excluding Goodwill": 32000.0,
        "Net Income From Continuing Operation Net Minority Interest": -1388000.0,
        "Reconciled Depreciation": 14000.0,
        "Reconciled Cost Of Revenue": 860000.0,
        "EBITDA": -4578000.0,
        "EBIT": -4592000.0,
        "Net Interest Income": -13000.0,
        "Interest Expense": NaN,
        "Interest Income": NaN,
        "Normalized Income": -1420000.0,
        "Net Income From Continuing And Discontinued Operation": -1388000.0,
        "Total Expenses": 5780000.0,
        "Total Operating Income As Reported": -3431000.0,
        "Diluted Average Shares": NaN,
        "Basic Average Shares": NaN,
        "Diluted EPS": NaN,
        "Basic EPS": NaN,
        "Diluted NI Availto Com Stockholders": -1388000.0,
        "Net Income Common Stockholders": -1388000.0,
        "Net Income": -1388000.0,
        "Net Income Including Noncontrolling Interests": -1388000.0,
        "Net Income Continuous Operations": -1388000.0,
        "Pretax Income": -1388000.0,
        "Other Income Expense": 2056000.0,
        "Other Non Operating Income Expenses": 2024000.0,
        "Special Income Charges": 0.0,
        "Gain On Sale Of Security": 32000.0,
        "Net Non Operating Interest Income Expense": -13000.0,
        "Total Other Finance Cost": NaN,
        "Interest Expense Non Operating": NaN,
        "Interest Income Non Operating": NaN,
        "Operating Income": -3431000.0,
        "Operating Expense": 4920000.0,
        "Research And Development": 500000.0,
        "Selling General And Administration": 4420000.0,
        "Selling And Marketing Expense": 1977000.0,
        "General And Administrative Expense": 2443000.0,
        "Other Gand A": 2443000.0,
        "Gross Profit": 1489000.0,
        "Cost Of Revenue": 860000.0,
        "Total Revenue": 2349000.0,
        "Operating Revenue": 2349000.0
    }
}