{
    "2023-03-31": {
        "Tax Effect Of Unusual Items": 0.0,
        "Tax Rate For Calcs": 0.0,
        "Normalized EBITDA": -1720000.0,
        "Total Unusual Items": NaN,
        "Total Unusual Items Excluding Goodwill": NaN,
        "Net Income From Continuing Operation Net Minority Interest": -1568000.0,
        "Reconciled Depreciation": 149000.0,
        "Reconciled Cost Of Revenue": 298000.0,
        "EBITDA": -1720000.0,
        "EBIT": -1869000.0,
        "Net Interest Income": 301000.0,
        "Interest Income": 301000.0,
        "Normalized Income": -1568000.0,
        "Net Income From Continuing And Discontinued Operation": -1568000.0,
        "Total Expenses": 6174000.0,
        "Total Operating Income As Reported": -1869000.0,
        "Diluted Average Shares": 21033000.0,
        "Basic Average Shares": 21033000.0,
        "Diluted EPS": -0.07,
        "Basic EPS": -0.07,
        "Diluted NI Availto Com Stockholders": -1568000.0,
        "Net Income Common Stockholders": -1568000.0,
        "Net Income": -1568000.0,
        "Net Income Including Noncontrolling Interests": -1568000.0,
        "Net Income Continuous Operations": -1568000.0,
        "Pretax Income": -1568000.0,
        "Other Income Expense": NaN,
        "Special Income Charges": NaN,
        "Gain On Sale Of Ppe": NaN,
        "Restructuring And Mergern Acquisition": NaN,
        "Net Non Operating Interest Income Expense": 301000.0,
        "Interest Income Non Operating": 301000.0,
        "Operating Income": -1869000.0,
        "Operating Expense": 5876000.0,
        "Research And Development": 2381000.0,
        "Selling General And Administration": 3495000.0,
        "Selling And Marketing Expense": 1991000.0,
        "General And Administrative Expense": 1504000.0,
        "Other Gand A": 1504000.0,
        "Gross Profit": 4007000.0,
        "Cost Of Revenue": 298000.0,
        "Total Revenue": 4305000.0,
        "Operating Revenue": 4305000.0
    },
    "2022-12-31": {
        "Tax Effect Of Unusual Items": NaN,
        "Tax Rate For Calcs": NaN,
        "Normalized EBITDA": NaN,
        "Total Unusual Items": 0.0,
        "Total Unusual Items Excluding Goodwill": 0.0,
        "Net Income From Continuing Operation Net Minority Interest": NaN,
        "Reconciled Depreciation": NaN,
        "Reconciled Cost Of Revenue": NaN,
        "EBITDA": NaN,
        "EBIT": NaN,
        "Net Interest Income": NaN,
        "Interest Income": NaN,
        "Normalized Income": NaN,
        "Net Income From Continuing And Discontinued Operation": NaN,
        "Total Expenses": NaN,
        "Total Operating Income As Reported": NaN,
        "Diluted Average Shares": NaN,
        "Basic Average Shares": NaN,
        "Diluted EPS": NaN,
        "Basic EPS": NaN,
        "Diluted NI Availto Com Stockholders": NaN,
        "Net Income Common Stockholders": NaN,
        "Net Income": NaN,
        "Net Income Including Noncontrolling Interests": NaN,
        "Net Income Continuous Operations": NaN,
        "Tax Provision": NaN,
        "Pretax Income": NaN,
        "Other Income Expense": 0.0,
        "Special Income Charges": 0.0,
        "Gain On Sale Of Ppe": 0.0,
        "Restructuring And Mergern Acquisition": NaN,
        "Net Non Operating Interest Income Expense": NaN,
        "Interest Income Non Operating": NaN,
        "Operating Income": NaN,
        "Operating Expense": NaN,
        "Research And Development": NaN,
        "Selling General And Administration": NaN,
        "Selling And Marketing Expense": NaN,
        "General And Administrative Expense": NaN,
        "Other Gand A": NaN,
        "Gross Profit": NaN,
        "Cost Of Revenue": NaN,
        "Total Revenue": NaN,
        "Operating Revenue": NaN
    },
    "2022-09-30": {
        "Tax Effect Of Unusual Items": NaN,
        "Tax Rate For Calcs": NaN,
        "Normalized EBITDA": NaN,
        "Total Unusual Items": 5672000.0,
        "Total Unusual Items Excluding Goodwill": 5672000.0,
        "Net Income From Continuing Operation Net Minority Interest": NaN,
        "Reconciled Depreciation": NaN,
        "Reconciled Cost Of Revenue": NaN,
        "EBITDA": NaN,
        "EBIT": NaN,
        "Net Interest Income": NaN,
        "Interest Income": NaN,
        "Normalized Income": NaN,
        "Net Income From Continuing And Discontinued Operation": NaN,
        "Total Expenses": NaN,
        "Total Operating Income As Reported": NaN,
        "Diluted Average Shares": NaN,
        "Basic Average Shares": NaN,
        "Diluted EPS": NaN,
        "Basic EPS": NaN,
        "Diluted NI Availto Com Stockholders": NaN,
        "Net Income Common Stockholders": NaN,
        "Net Income": NaN,
        "Net Income Including Noncontrolling Interests": NaN,
        "Net Income Continuous Operations": NaN,
        "Pretax Income": NaN,
        "Other Income Expense": 5672000.0,
        "Special Income Charges": 5672000.0,
        "Gain On Sale Of Ppe": 5672000.0,
        "Restructuring And Mergern Acquisition": 0.0,
        "Net Non Operating Interest Income Expense": NaN,
        "Interest Income Non Operating": NaN,
        "Operating Income": NaN,
        "Operating Expense": NaN,
        "Research And Development": NaN,
        "Selling General And Administration": NaN,
        "Selling And Marketing Expense": NaN,
        "General And Administrative Expense": NaN,
        "Other Gand A": NaN,
        "Gross Profit": NaN,
        "Cost Of Revenue": NaN,
        "Total Revenue": NaN,
        "Operating Revenue": NaN
    },
    "2022-06-30": {
        "Tax Effect Of Unusual Items": 0.0,
        "Tax Rate For Calcs": 0.0,
        "Normalized EBITDA": -1353000.0,
        "Total Unusual Items": NaN,
        "Total Unusual Items Excluding Goodwill": NaN,
        "Net Income From Continuing Operation Net Minority Interest": -1289000.0,
        "Reconciled Depreciation": 221000.0,
        "Reconciled Cost Of Revenue": 324000.0,
        "EBITDA": -1353000.0,
        "EBIT": -1353000.0,
        "Net Interest Income": 64000.0,
        "Interest Income": 64000.0,
        "Normalized Income": -1289000.0,
        "Net Income From Continuing And Discontinued Operation": -1289000.0,
        "Total Expenses": 5591000.0,
        "Total Operating Income As Reported": -1353000.0,
        "Diluted Average Shares": 21655000.0,
        "Basic Average Shares": 21655000.0,
        "Diluted EPS": -0.06,
        "Basic EPS": -0.06,
        "Diluted NI Availto Com Stockholders": -1289000.0,
        "Net Income Common Stockholders": -1289000.0,
        "Net Income": -1289000.0,
        "Net Income Including Noncontrolling Interests": -1289000.0,
        "Net Income Continuous Operations": -1289000.0,
        "Tax Provision": NaN,
        "Pretax Income": -1289000.0,
        "Other Income Expense": NaN,
        "Special Income Charges": NaN,
        "Gain On Sale Of Ppe": NaN,
        "Net Non Operating Interest Income Expense": 64000.0,
        "Interest Income Non Operating": 64000.0,
        "Operating Income": -1353000.0,
        "Operating Expense": 5267000.0,
        "Research And Development": 2229000.0,
        "Selling General And Administration": 3038000.0,
        "Selling And Marketing Expense": 1412000.0,
        "General And Administrative Expense": 1626000.0,
        "Other Gand A": 1626000.0,
        "Gross Profit": 3914000.0,
        "Cost Of Revenue": 324000.0,
        "Total Revenue": 4238000.0,
        "Operating Revenue": 4238000.0
    },
    "2023-06-30": {
        "Tax Effect Of Unusual Items": NaN,
        "Tax Rate For Calcs": NaN,
        "Normalized EBITDA": NaN,
        "Total Unusual Items": NaN,
        "Total Unusual Items Excluding Goodwill": NaN,
        "Net Income From Continuing Operation Net Minority Interest": NaN,
        "Reconciled Depreciation": NaN,
        "Reconciled Cost Of Revenue": NaN,
        "EBITDA": NaN,
        "EBIT": NaN,
        "Net Interest Income": NaN,
        "Interest Income": NaN,
        "Normalized Income": NaN,
        "Net Income From Continuing And Discontinued Operation": NaN,
        "Total Expenses": NaN,
        "Total Operating Income As Reported": NaN,
        "Diluted Average Shares": NaN,
        "Basic Average Shares": NaN,
        "Diluted EPS": NaN,
        "Basic EPS": NaN,
        "Diluted NI Availto Com Stockholders": NaN,
        "Net Income Common Stockholders": NaN,
        "Net Income": NaN,
        "Net Income Including Noncontrolling Interests": NaN,
        "Net Income Continuous Operations": NaN,
        "Tax Provision": 0.0,
        "Pretax Income": NaN,
        "Other Income Expense": NaN,
        "Special Income Charges": NaN,
        "Gain On Sale Of Ppe": NaN,
        "Restructuring And Mergern Acquisition": NaN,
        "Net Non Operating Interest Income Expense": NaN,
        "Interest Income Non Operating": NaN,
        "Operating Income": NaN,
        "Operating Expense": NaN,
        "Research And Development": NaN,
        "Selling General And Administration": NaN,
        "Selling And Marketing Expense": NaN,
        "General And Administrative Expense": NaN,
        "Other Gand A": NaN,
        "Gross Profit": NaN,
        "Cost Of Revenue": NaN,
        "Total Revenue": NaN,
        "Operating Revenue": NaN
    },
    "2022-03-31": {
        "Diluted EPS": -0.06,
        "Total Revenue": 5,
        "Gross Profit": 4,
        "Operating Income": -1,
        "EBIT": -1,
        "Net Income": -1
    },
    "2021-12-31": {
        "Diluted EPS": -0.06,
        "Total Revenue": 4,
        "Gross Profit": 4,
        "Operating Income": -2,
        "EBIT": -1,
        "Net Income": -1
    },
    "2021-09-30": {
        "Diluted EPS": -0.07,
        "Total Revenue": 4,
        "Gross Profit": 4,
        "Operating Income": -2,
        "EBIT": -1,
        "Net Income": -2
    },
    "2021-06-30": {
        "Diluted EPS": -0.07,
        "Total Revenue": 4,
        "Gross Profit": 4,
        "Operating Income": -2,
        "EBIT": -1,
        "Net Income": -2
    },
    "2021-03-31": {
        "Diluted EPS": -0.07,
        "Total Revenue": 4,
        "Gross Profit": 4,
        "Operating Income": -1,
        "EBIT": -1,
        "Net Income": -1
    },
    "2020-12-31": {
        "Diluted EPS": -0.07,
        "Total Revenue": 3,
        "Gross Profit": 3,
        "Operating Income": -2,
        "EBIT": -2,
        "Net Income": -2
    },
    "2020-09-30": {
        "Diluted EPS": -0.08,
        "Total Revenue": 2,
        "Gross Profit": 2,
        "Operating Income": -3,
        "EBIT": -2,
        "Net Income": -2
    },
    "2020-06-30": {
        "Diluted EPS": -0.15,
        "Total Revenue": 2,
        "Gross Profit": 2,
        "Operating Income": -4,
        "EBIT": -4,
        "Net Income": -3
    },
    "2020-03-31": {
        "Diluted EPS": -0.05,
        "Total Revenue": 4,
        "Gross Profit": 3,
        "Operating Income": -1,
        "EBIT": -1,
        "Net Income": -1
    },
    "2019-12-31": {
        "Diluted EPS": -0.35,
        "Total Revenue": 2,
        "Gross Profit": 2,
        "Operating Income": -2,
        "EBIT": -2,
        "Net Income": -7
    },
    "2019-09-30": {
        "Diluted EPS": -0.01,
        "Total Revenue": 3,
        "Gross Profit": 3,
        "Operating Income": -1,
        "EBIT": -1,
        "Net Income": 0
    },
    "2019-06-30": {
        "Diluted EPS": -0.04,
        "Total Revenue": 3,
        "Gross Profit": 3,
        "Operating Income": -1,
        "EBIT": -1,
        "Net Income": -1
    },
    "2019-03-31": {
        "Diluted EPS": 0.01,
        "Total Revenue": 4,
        "Gross Profit": 3,
        "Operating Income": 0,
        "EBIT": 0,
        "Net Income": 0
    },
    "2018-12-31": {
        "Diluted EPS": 0.03,
        "Total Revenue": 4,
        "Gross Profit": 4,
        "Operating Income": 0,
        "EBIT": 0,
        "Net Income": 1
    },
    "2018-09-30": {
        "Diluted EPS": 0.06,
        "Total Revenue": 5,
        "Gross Profit": 5,
        "Operating Income": 1,
        "EBIT": 1,
        "Net Income": 1
    },
    "2018-06-30": {
        "Diluted EPS": -0.01,
        "Total Revenue": 4,
        "Gross Profit": 3,
        "Operating Income": 0,
        "EBIT": 0,
        "Net Income": 0
    },
    "2018-03-31": {
        "Diluted EPS": -0.02,
        "Total Revenue": 3,
        "Gross Profit": 3,
        "Operating Income": -1,
        "EBIT": -1,
        "Net Income": 0
    },
    "2017-12-31": {
        "Diluted EPS": -0.02,
        "Total Revenue": 3,
        "Gross Profit": 3,
        "Operating Income": -1,
        "EBIT": -1,
        "Net Income": -1
    },
    "2017-09-30": {
        "Diluted EPS": 0.05,
        "Total Revenue": 6,
        "Gross Profit": 6,
        "Operating Income": 1,
        "EBIT": 2,
        "Net Income": 1
    },
    "2017-06-30": {
        "Diluted EPS": 0.01,
        "Total Revenue": 3,
        "Gross Profit": 2,
        "Operating Income": 0,
        "EBIT": 0,
        "Net Income": 0
    },
    "2017-03-31": {
        "Diluted EPS": 0.01,
        "Total Revenue": 4,
        "Gross Profit": 4,
        "Operating Income": 0,
        "EBIT": 0,
        "Net Income": 0
    },
    "2016-12-31": {
        "Diluted EPS": 0.02,
        "Total Revenue": 4,
        "Gross Profit": 4,
        "Operating Income": 1,
        "EBIT": 1,
        "Net Income": 0
    },
    "2016-09-30": {
        "Diluted EPS": 0.07,
        "Total Revenue": 6,
        "Gross Profit": 6,
        "Operating Income": 2,
        "EBIT": 2,
        "Net Income": 2
    },
    "2016-06-30": {
        "Diluted EPS": 0.06,
        "Total Revenue": 7,
        "Gross Profit": 6,
        "Operating Income": 2,
        "EBIT": 2,
        "Net Income": 1
    },
    "2016-03-31": {
        "Diluted EPS": 0.03,
        "Total Revenue": 5,
        "Gross Profit": 4,
        "Operating Income": 1,
        "EBIT": 1,
        "Net Income": 1
    },
    "2015-12-31": {
        "Diluted EPS": 0.08,
        "Total Revenue": 7,
        "Gross Profit": 6,
        "Operating Income": 3,
        "EBIT": 3,
        "Net Income": 2
    },
    "2015-09-30": {
        "Diluted EPS": 0.1,
        "Total Revenue": 4,
        "Gross Profit": 4,
        "Operating Income": 0,
        "EBIT": 1,
        "Net Income": 2
    },
    "2015-06-30": {
        "Diluted EPS": 0.01,
        "Total Revenue": 5,
        "Gross Profit": 4,
        "Operating Income": 0,
        "EBIT": 1,
        "Net Income": 0
    },
    "2015-03-31": {
        "Diluted EPS": 0.01,
        "Total Revenue": 4,
        "Gross Profit": 4,
        "Operating Income": 0,
        "EBIT": 1,
        "Net Income": 0
    },
    "2014-12-31": {
        "Diluted EPS": 0.01,
        "Total Revenue": 4,
        "Gross Profit": 4,
        "Operating Income": 0,
        "EBIT": 0,
        "Net Income": 0
    },
    "2014-09-30": {
        "Diluted EPS": 0.11,
        "Total Revenue": 6,
        "Gross Profit": 5,
        "Operating Income": 4,
        "EBIT": 4,
        "Net Income": 3
    },
    "2014-06-30": {
        "Diluted EPS": 0.04,
        "Total Revenue": 7,
        "Gross Profit": 5,
        "Operating Income": 1,
        "EBIT": 2,
        "Net Income": 1
    },
    "2014-03-31": {
        "Diluted EPS": 0.04,
        "Total Revenue": 7,
        "Gross Profit": 4,
        "Operating Income": 1,
        "EBIT": 1,
        "Net Income": 1
    },
    "2013-12-31": {
        "Diluted EPS": 0.07,
        "Total Revenue": 6,
        "Gross Profit": 4,
        "Operating Income": 1,
        "EBIT": 1,
        "Net Income": 2
    },
    "2013-09-30": {
        "Diluted EPS": -0.05,
        "Total Revenue": 4,
        "Gross Profit": 4,
        "Operating Income": 1,
        "EBIT": 1,
        "Net Income": -1
    },
    "2013-06-30": {
        "Diluted EPS": 0.01,
        "Total Revenue": 4,
        "Gross Profit": 3,
        "Operating Income": 1,
        "EBIT": 1,
        "Net Income": 0
    },
    "2013-03-31": {
        "Diluted EPS": 0.08,
        "Total Revenue": 5,
        "Gross Profit": 5,
        "Operating Income": 3,
        "EBIT": 3,
        "Net Income": 2
    },
    "2012-12-31": {
        "Diluted EPS": 0.28,
        "Total Revenue": 3,
        "Gross Profit": 3,
        "Operating Income": 90,
        "EBIT": 90,
        "Net Income": 6
    },
    "2012-09-30": {
        "Diluted EPS": 0.46,
        "Total Revenue": 5,
        "Gross Profit": 5,
        "Operating Income": 1,
        "EBIT": 2,
        "Net Income": 10
    },
    "2012-06-30": {
        "Diluted EPS": 2.49,
        "Total Revenue": 4,
        "Gross Profit": 4,
        "Operating Income": 0,
        "EBIT": 0,
        "Net Income": 55
    },
    "2012-03-31": {
        "Diluted EPS": 0.05,
        "Total Revenue": 5,
        "Gross Profit": 5,
        "Operating Income": 1,
        "EBIT": 1,
        "Net Income": 1
    },
    "2011-12-31": {
        "Diluted EPS": 0.05,
        "Total Revenue": 5,
        "Gross Profit": 5,
        "Operating Income": 1,
        "EBIT": 1,
        "Net Income": 1
    },
    "2011-09-30": {
        "Diluted EPS": 0.06,
        "Total Revenue": 5,
        "Gross Profit": 5,
        "Operating Income": 2,
        "EBIT": 2,
        "Net Income": 1
    },
    "2011-06-30": {
        "Diluted EPS": -0.01,
        "Total Revenue": 6,
        "Gross Profit": 4,
        "Operating Income": 0,
        "EBIT": 0,
        "Net Income": 0
    },
    "2011-03-31": {
        "Diluted EPS": 0.03,
        "Total Revenue": 6,
        "Gross Profit": 5,
        "Operating Income": 1,
        "EBIT": 1,
        "Net Income": 1
    },
    "2010-12-31": {
        "Diluted EPS": 0.01,
        "Total Revenue": 7,
        "Gross Profit": 5,
        "Operating Income": 0,
        "EBIT": 0,
        "Net Income": 0
    },
    "2010-09-30": {
        "Diluted EPS": 0.0,
        "Total Revenue": 6,
        "Gross Profit": 5,
        "Operating Income": 0,
        "EBIT": 0,
        "Net Income": 0
    },
    "2010-06-30": {
        "Diluted EPS": -0.01,
        "Total Revenue": 5,
        "Gross Profit": 4,
        "Operating Income": 0,
        "EBIT": 0,
        "Net Income": 0
    },
    "2010-03-31": {
        "Diluted EPS": 0.0,
        "Total Revenue": 6,
        "Gross Profit": 5,
        "Operating Income": 0,
        "EBIT": 0,
        "Net Income": 0
    },
    "2009-12-31": {
        "Diluted EPS": 0.28,
        "Total Revenue": 5,
        "Gross Profit": 5,
        "Operating Income": 0,
        "EBIT": 0,
        "Net Income": 6
    },
    "2009-09-30": {
        "Diluted EPS": -0.06,
        "Total Revenue": 6,
        "Gross Profit": 5,
        "Operating Income": -1,
        "EBIT": -1,
        "Net Income": -1
    },
    "2009-06-30": {
        "Diluted EPS": -0.08,
        "Total Revenue": 6,
        "Gross Profit": 4,
        "Operating Income": -2,
        "EBIT": -1,
        "Net Income": -2
    },
    "2009-03-31": {
        "Diluted EPS": -0.09,
        "Total Revenue": 5,
        "Gross Profit": 3,
        "Operating Income": -2,
        "EBIT": -2,
        "Net Income": -2
    },
    "2023-09-30": {
        "Tax Effect Of Unusual Items": NaN,
        "Tax Rate For Calcs": NaN,
        "Normalized EBITDA": NaN,
        "Total Unusual Items": 812000.0,
        "Total Unusual Items Excluding Goodwill": 812000.0,
        "Net Income From Continuing Operation Net Minority Interest": NaN,
        "Reconciled Depreciation": NaN,
        "Reconciled Cost Of Revenue": NaN,
        "EBITDA": NaN,
        "EBIT": NaN,
        "Net Interest Income": NaN,
        "Interest Income": NaN,
        "Normalized Income": NaN,
        "Net Income From Continuing And Discontinued Operation": NaN,
        "Total Expenses": NaN,
        "Total Operating Income As Reported": NaN,
        "Diluted Average Shares": NaN,
        "Basic Average Shares": NaN,
        "Diluted EPS": NaN,
        "Basic EPS": NaN,
        "Diluted NI Availto Com Stockholders": NaN,
        "Net Income Common Stockholders": NaN,
        "Net Income": NaN,
        "Net Income Including Noncontrolling Interests": NaN,
        "Net Income Continuous Operations": NaN,
        "Tax Provision": NaN,
        "Pretax Income": NaN,
        "Other Income Expense": 812000.0,
        "Special Income Charges": 812000.0,
        "Gain On Sale Of Ppe": 0.0,
        "Restructuring And Mergern Acquisition": -812000.0,
        "Net Non Operating Interest Income Expense": NaN,
        "Interest Income Non Operating": NaN,
        "Operating Income": NaN,
        "Operating Expense": NaN,
        "Research And Development": NaN,
        "Selling General And Administration": NaN,
        "Selling And Marketing Expense": NaN,
        "General And Administrative Expense": NaN,
        "Other Gand A": NaN,
        "Gross Profit": NaN,
        "Cost Of Revenue": NaN,
        "Total Revenue": NaN,
        "Operating Revenue": NaN
    },
    "2023-12-31": {
        "Tax Effect Of Unusual Items": NaN,
        "Tax Rate For Calcs": NaN,
        "Normalized EBITDA": NaN,
        "Total Unusual Items": -2695000.0,
        "Total Unusual Items Excluding Goodwill": -2695000.0,
        "Net Income From Continuing Operation Net Minority Interest": NaN,
        "Reconciled Depreciation": NaN,
        "Reconciled Cost Of Revenue": NaN,
        "EBITDA": NaN,
        "EBIT": NaN,
        "Net Interest Income": NaN,
        "Interest Income": NaN,
        "Normalized Income": NaN,
        "Net Income From Continuing And Discontinued Operation": NaN,
        "Total Expenses": NaN,
        "Total Operating Income As Reported": NaN,
        "Diluted Average Shares": NaN,
        "Basic Average Shares": NaN,
        "Diluted EPS": NaN,
        "Basic EPS": NaN,
        "Diluted NI Availto Com Stockholders": NaN,
        "Net Income Common Stockholders": NaN,
        "Net Income": NaN,
        "Net Income Including Noncontrolling Interests": NaN,
        "Net Income Continuous Operations": NaN,
        "Tax Provision": NaN,
        "Pretax Income": NaN,
        "Other Income Expense": -2695000.0,
        "Special Income Charges": -2695000.0,
        "Gain On Sale Of Ppe": 0.0,
        "Restructuring And Mergern Acquisition": 0.0,
        "Net Non Operating Interest Income Expense": NaN,
        "Interest Income Non Operating": NaN,
        "Operating Income": NaN,
        "Operating Expense": NaN,
        "Research And Development": NaN,
        "Selling General And Administration": NaN,
        "Selling And Marketing Expense": NaN,
        "General And Administrative Expense": NaN,
        "Other Gand A": NaN,
        "Gross Profit": NaN,
        "Cost Of Revenue": NaN,
        "Total Revenue": NaN,
        "Operating Revenue": NaN
    },
    "2024-03-31": {
        "Tax Effect Of Unusual Items": 0.0,
        "Tax Rate For Calcs": 0.0,
        "Normalized EBITDA": -1123000.0,
        "Total Unusual Items": NaN,
        "Total Unusual Items Excluding Goodwill": NaN,
        "Net Income From Continuing Operation Net Minority Interest": -982000.0,
        "Reconciled Depreciation": 139000.0,
        "Reconciled Cost Of Revenue": 276000.0,
        "EBITDA": -1123000.0,
        "EBIT": -1262000.0,
        "Net Interest Income": 280000.0,
        "Interest Income": 280000.0,
        "Normalized Income": -982000.0,
        "Net Income From Continuing And Discontinued Operation": -982000.0,
        "Total Expenses": 5683000.0,
        "Total Operating Income As Reported": -1262000.0,
        "Diluted Average Shares": 21085000.0,
        "Basic Average Shares": 21085000.0,
        "Diluted EPS": -0.05,
        "Basic EPS": -0.05,
        "Diluted NI Availto Com Stockholders": -982000.0,
        "Net Income Common Stockholders": -982000.0,
        "Net Income": -982000.0,
        "Net Income Including Noncontrolling Interests": -982000.0,
        "Net Income Continuous Operations": -982000.0,
        "Tax Provision": 0.0,
        "Pretax Income": -982000.0,
        "Other Income Expense": NaN,
        "Special Income Charges": NaN,
        "Gain On Sale Of Ppe": NaN,
        "Restructuring And Mergern Acquisition": NaN,
        "Net Non Operating Interest Income Expense": 280000.0,
        "Interest Income Non Operating": 280000.0,
        "Operating Income": -1262000.0,
        "Operating Expense": 5407000.0,
        "Research And Development": 2182000.0,
        "Selling General And Administration": 3225000.0,
        "Selling And Marketing Expense": 1891000.0,
        "General And Administrative Expense": 1334000.0,
        "Other Gand A": 1334000.0,
        "Gross Profit": 4145000.0,
        "Cost Of Revenue": 276000.0,
        "Total Revenue": 4421000.0,
        "Operating Revenue": 4421000.0
    },
    "2024-06-30": {
        "Tax Effect Of Unusual Items": 0.0,
        "Tax Rate For Calcs": 0.21,
        "Normalized EBITDA": -1201000.0,
        "Total Unusual Items": NaN,
        "Total Unusual Items Excluding Goodwill": NaN,
        "Net Income From Continuing Operation Net Minority Interest": -1089000.0,
        "Reconciled Depreciation": 140000.0,
        "Reconciled Cost Of Revenue": 270000.0,
        "EBITDA": -1201000.0,
        "EBIT": -1341000.0,
        "Net Interest Income": 291000.0,
        "Interest Income": 291000.0,
        "Normalized Income": -1089000.0,
        "Net Income From Continuing And Discontinued Operation": -1089000.0,
        "Total Expenses": 5663000.0,
        "Total Operating Income As Reported": -1341000.0,
        "Diluted Average Shares": 21095000.0,
        "Basic Average Shares": 21095000.0,
        "Diluted EPS": -0.05,
        "Basic EPS": -0.05,
        "Diluted NI Availto Com Stockholders": -1089000.0,
        "Net Income Common Stockholders": -1089000.0,
        "Net Income": -1089000.0,
        "Net Income Including Noncontrolling Interests": -1089000.0,
        "Net Income Continuous Operations": -1089000.0,
        "Tax Provision": 39000.0,
        "Pretax Income": -1050000.0,
        "Special Income Charges": NaN,
        "Restructuring And Mergern Acquisition": NaN,
        "Net Non Operating Interest Income Expense": 291000.0,
        "Interest Income Non Operating": 291000.0,
        "Operating Income": -1341000.0,
        "Operating Expense": 5393000.0,
        "Research And Development": 1867000.0,
        "Selling General And Administration": 3526000.0,
        "Selling And Marketing Expense": 2091000.0,
        "General And Administrative Expense": 1435000.0,
        "Other Gand A": 1435000.0,
        "Gross Profit": 4052000.0,
        "Cost Of Revenue": 270000.0,
        "Total Revenue": 4322000.0,
        "Operating Revenue": 4322000.0
    },
    "2024-09-30": {
        "Tax Effect Of Unusual Items": 0.0,
        "Tax Rate For Calcs": 0.21,
        "Normalized EBITDA": -1325000.0,
        "Total Unusual Items": 0.0,
        "Total Unusual Items Excluding Goodwill": 0.0,
        "Net Income From Continuing Operation Net Minority Interest": -1167000.0,
        "Reconciled Depreciation": 142000.0,
        "Reconciled Cost Of Revenue": 270000.0,
        "EBITDA": -1325000.0,
        "EBIT": -1467000.0,
        "Net Interest Income": 315000.0,
        "Interest Income": 315000.0,
        "Normalized Income": -1167000.0,
        "Net Income From Continuing And Discontinued Operation": -1167000.0,
        "Total Expenses": 5316000.0,
        "Total Operating Income As Reported": -1467000.0,
        "Diluted Average Shares": 21186000.0,
        "Basic Average Shares": 21186000.0,
        "Diluted EPS": -0.06,
        "Basic EPS": -0.06,
        "Diluted NI Availto Com Stockholders": -1167000.0,
        "Net Income Common Stockholders": -1167000.0,
        "Net Income": -1167000.0,
        "Net Income Including Noncontrolling Interests": -1167000.0,
        "Net Income Continuous Operations": -1167000.0,
        "Tax Provision": 15000.0,
        "Pretax Income": -1152000.0,
        "Special Income Charges": 0.0,
        "Restructuring And Mergern Acquisition": 0.0,
        "Net Non Operating Interest Income Expense": 315000.0,
        "Interest Income Non Operating": 315000.0,
        "Operating Income": -1467000.0,
        "Operating Expense": 5046000.0,
        "Research And Development": 1873000.0,
        "Selling General And Administration": 3173000.0,
        "Selling And Marketing Expense": 1856000.0,
        "General And Administrative Expense": 1317000.0,
        "Other Gand A": 1317000.0,
        "Gross Profit": 3579000.0,
        "Cost Of Revenue": 270000.0,
        "Total Revenue": 3849000.0,
        "Operating Revenue": 3849000.0
    },
    "2024-12-31": {
        "Tax Effect Of Unusual Items": 0.0,
        "Tax Rate For Calcs": 0.000838,
        "Normalized EBITDA": -1333000.0,
        "Total Unusual Items": 0.0,
        "Total Unusual Items Excluding Goodwill": 0.0,
        "Net Income From Continuing Operation Net Minority Interest": -1192000.0,
        "Reconciled Depreciation": 141000.0,
        "Reconciled Cost Of Revenue": 315000.0,
        "EBITDA": -1333000.0,
        "EBIT": -1474000.0,
        "Net Interest Income": 281000.0,
        "Interest Income": 281000.0,
        "Normalized Income": -1192000.0,
        "Net Income From Continuing And Discontinued Operation": -1192000.0,
        "Total Expenses": 6271000.0,
        "Total Operating Income As Reported": -1474000.0,
        "Diluted Average Shares": 21158000.0,
        "Basic Average Shares": 21158000.0,
        "Diluted EPS": -0.06,
        "Basic EPS": -0.06,
        "Diluted NI Availto Com Stockholders": -1192000.0,
        "Net Income Common Stockholders": -1192000.0,
        "Net Income": -1192000.0,
        "Net Income Including Noncontrolling Interests": -1192000.0,
        "Net Income Continuous Operations": -1192000.0,
        "Tax Provision": -1000.0,
        "Pretax Income": -1193000.0,
        "Special Income Charges": 0.0,
        "Restructuring And Mergern Acquisition": 0.0,
        "Net Non Operating Interest Income Expense": 281000.0,
        "Interest Income Non Operating": 281000.0,
        "Operating Income": -1474000.0,
        "Operating Expense": 5956000.0,
        "Research And Development": 1835000.0,
        "Selling General And Administration": 4121000.0,
        "Selling And Marketing Expense": 1840000.0,
        "General And Administrative Expense": 2281000.0,
        "Other Gand A": 2281000.0,
        "Gross Profit": 4482000.0,
        "Cost Of Revenue": 315000.0,
        "Total Revenue": 4797000.0,
        "Operating Revenue": 4797000.0
    },
    "2025-03-31": {
        "Tax Effect Of Unusual Items": 0.0,
        "Tax Rate For Calcs": 0.21,
        "Normalized EBITDA": -1708000.0,
        "Total Unusual Items": NaN,
        "Total Unusual Items Excluding Goodwill": NaN,
        "Net Income From Continuing Operation Net Minority Interest": -1598000.0,
        "Reconciled Depreciation": 144000.0,
        "Reconciled Cost Of Revenue": 245000.0,
        "EBITDA": -1708000.0,
        "EBIT": -1852000.0,
        "Net Interest Income": 261000.0,
        "Interest Income": 261000.0,
        "Normalized Income": -1598000.0,
        "Net Income From Continuing And Discontinued Operation": -1598000.0,
        "Total Expenses": 5460000.0,
        "Total Operating Income As Reported": -1852000.0,
        "Diluted Average Shares": 21267000.0,
        "Basic Average Shares": 21267000.0,
        "Diluted EPS": -0.08,
        "Basic EPS": -0.08,
        "Diluted NI Availto Com Stockholders": -1598000.0,
        "Net Income Common Stockholders": -1598000.0,
        "Net Income": -1598000.0,
        "Net Income Including Noncontrolling Interests": -1598000.0,
        "Net Income Continuous Operations": -1598000.0,
        "Tax Provision": 7000.0,
        "Pretax Income": -1591000.0,
        "Special Income Charges": NaN,
        "Restructuring And Mergern Acquisition": NaN,
        "Net Non Operating Interest Income Expense": 261000.0,
        "Interest Income Non Operating": 261000.0,
        "Operating Income": -1852000.0,
        "Operating Expense": 5215000.0,
        "Research And Development": 1922000.0,
        "Selling General And Administration": 3293000.0,
        "Selling And Marketing Expense": 1663000.0,
        "General And Administrative Expense": 1630000.0,
        "Other Gand A": 1630000.0,
        "Gross Profit": 3363000.0,
        "Cost Of Revenue": 245000.0,
        "Total Revenue": 3608000.0,
        "Operating Revenue": 3608000.0
    },
    "2025-06-30": {
        "Tax Effect Of Unusual Items": 0.0,
        "Tax Rate For Calcs": 0.21,
        "Normalized EBITDA": -1818000.0,
        "Total Unusual Items": NaN,
        "Total Unusual Items Excluding Goodwill": NaN,
        "Net Income From Continuing Operation Net Minority Interest": -1769000.0,
        "Reconciled Depreciation": 143000.0,
        "Reconciled Cost Of Revenue": 339000.0,
        "EBITDA": -1818000.0,
        "EBIT": -1961000.0,
        "Net Interest Income": 218000.0,
        "Interest Income": 218000.0,
        "Normalized Income": -1769000.0,
        "Net Income From Continuing And Discontinued Operation": -1769000.0,
        "Total Expenses": 5856000.0,
        "Total Operating Income As Reported": -1961000.0,
        "Diluted Average Shares": 21347000.0,
        "Basic Average Shares": 21347000.0,
        "Diluted EPS": -0.08,
        "Basic EPS": -0.08,
        "Diluted NI Availto Com Stockholders": -1769000.0,
        "Net Income Common Stockholders": -1769000.0,
        "Net Income": -1769000.0,
        "Net Income Including Noncontrolling Interests": -1769000.0,
        "Net Income Continuous Operations": -1769000.0,
        "Tax Provision": 26000.0,
        "Pretax Income": -1743000.0,
        "Special Income Charges": NaN,
        "Restructuring And Mergern Acquisition": NaN,
        "Net Non Operating Interest Income Expense": 218000.0,
        "Interest Income Non Operating": 218000.0,
        "Operating Income": -1961000.0,
        "Operating Expense": 5517000.0,
        "Research And Development": 1960000.0,
        "Selling General And Administration": 3557000.0,
        "Selling And Marketing Expense": 1964000.0,
        "General And Administrative Expense": 1593000.0,
        "Other Gand A": 1593000.0,
        "Gross Profit": 3556000.0,
        "Cost Of Revenue": 339000.0,
        "Total Revenue": 3895000.0,
        "Operating Revenue": 3895000.0
    }
}