{
    "2023-06-30": {
        "Tax Effect Of Unusual Items": NaN,
        "Tax Rate For Calcs": NaN,
        "Total Unusual Items": 0.0,
        "Total Unusual Items Excluding Goodwill": 0.0,
        "Net Income From Continuing Operation Net Minority Interest": NaN,
        "Reconciled Depreciation": NaN,
        "Net Interest Income": NaN,
        "Interest Expense": NaN,
        "Interest Income": NaN,
        "Normalized Income": NaN,
        "Net Income From Continuing And Discontinued Operation": NaN,
        "Diluted Average Shares": NaN,
        "Basic Average Shares": NaN,
        "Diluted EPS": NaN,
        "Basic EPS": NaN,
        "Diluted NI Availto Com Stockholders": NaN,
        "Net Income Common Stockholders": NaN,
        "Otherunder Preferred Stock Dividend": NaN,
        "Preferred Stock Dividends": NaN,
        "Net Income": NaN,
        "Net Income Including Noncontrolling Interests": NaN,
        "Net Income Continuous Operations": NaN,
        "Tax Provision": NaN,
        "Pretax Income": NaN,
        "Special Income Charges": 0.0,
        "Gain On Sale Of Business": 0.0,
        "Gain On Sale Of Security": -11000000.0,
        "Selling General And Administration": NaN,
        "Selling And Marketing Expense": NaN,
        "General And Administrative Expense": NaN,
        "Salaries And Wages": NaN,
        "Total Revenue": NaN,
        "Operating Revenue": NaN,
        "Professional Expense And Contract Services Expense": NaN,
        "Other Non Interest Expense": NaN
    },
    "2023-03-31": {
        "Tax Effect Of Unusual Items": NaN,
        "Tax Rate For Calcs": NaN,
        "Total Unusual Items": NaN,
        "Total Unusual Items Excluding Goodwill": NaN,
        "Net Income From Continuing Operation Net Minority Interest": NaN,
        "Reconciled Depreciation": NaN,
        "Net Interest Income": NaN,
        "Interest Expense": NaN,
        "Interest Income": NaN,
        "Normalized Income": NaN,
        "Net Income From Continuing And Discontinued Operation": NaN,
        "Diluted Average Shares": NaN,
        "Basic Average Shares": NaN,
        "Diluted EPS": NaN,
        "Basic EPS": NaN,
        "Diluted NI Availto Com Stockholders": NaN,
        "Net Income Common Stockholders": NaN,
        "Otherunder Preferred Stock Dividend": NaN,
        "Preferred Stock Dividends": NaN,
        "Net Income": NaN,
        "Net Income Including Noncontrolling Interests": NaN,
        "Net Income Continuous Operations": NaN,
        "Tax Provision": NaN,
        "Pretax Income": NaN,
        "Special Income Charges": NaN,
        "Gain On Sale Of Business": NaN,
        "Gain On Sale Of Security": -95000000.0,
        "Selling General And Administration": NaN,
        "Selling And Marketing Expense": NaN,
        "General And Administrative Expense": NaN,
        "Salaries And Wages": NaN,
        "Total Revenue": NaN,
        "Operating Revenue": NaN,
        "Professional Expense And Contract Services Expense": NaN,
        "Other Non Interest Expense": NaN
    },
    "2022-12-31": {
        "Tax Effect Of Unusual Items": NaN,
        "Tax Rate For Calcs": NaN,
        "Total Unusual Items": NaN,
        "Total Unusual Items Excluding Goodwill": NaN,
        "Net Income From Continuing Operation Net Minority Interest": NaN,
        "Reconciled Depreciation": NaN,
        "Net Interest Income": NaN,
        "Interest Expense": NaN,
        "Interest Income": NaN,
        "Normalized Income": NaN,
        "Net Income From Continuing And Discontinued Operation": NaN,
        "Diluted Average Shares": NaN,
        "Basic Average Shares": NaN,
        "Diluted EPS": NaN,
        "Basic EPS": NaN,
        "Diluted NI Availto Com Stockholders": NaN,
        "Net Income Common Stockholders": NaN,
        "Otherunder Preferred Stock Dividend": NaN,
        "Preferred Stock Dividends": NaN,
        "Net Income": NaN,
        "Net Income Including Noncontrolling Interests": NaN,
        "Net Income Continuous Operations": NaN,
        "Tax Provision": NaN,
        "Pretax Income": NaN,
        "Special Income Charges": NaN,
        "Gain On Sale Of Business": NaN,
        "Gain On Sale Of Security": -234000000.0,
        "Selling General And Administration": NaN,
        "Selling And Marketing Expense": NaN,
        "General And Administrative Expense": NaN,
        "Salaries And Wages": NaN,
        "Total Revenue": NaN,
        "Operating Revenue": NaN,
        "Professional Expense And Contract Services Expense": NaN,
        "Other Non Interest Expense": NaN
    },
    "2022-09-30": {
        "Tax Effect Of Unusual Items": 0.0,
        "Tax Rate For Calcs": 0.236,
        "Net Income From Continuing Operation Net Minority Interest": 1879000000.0,
        "Reconciled Depreciation": 413000000.0,
        "Net Interest Income": 2578000000.0,
        "Interest Expense": 796000000.0,
        "Interest Income": 3374000000.0,
        "Normalized Income": 1879000000.0,
        "Net Income From Continuing And Discontinued Operation": 1879000000.0,
        "Diluted Average Shares": 749000000.0,
        "Basic Average Shares": 748000000.0,
        "Diluted EPS": 2.47,
        "Basic EPS": 2.47,
        "Diluted NI Availto Com Stockholders": 1851000000.0,
        "Net Income Common Stockholders": 1851000000.0,
        "Otherunder Preferred Stock Dividend": 14000000.0,
        "Preferred Stock Dividends": 14000000.0,
        "Net Income": 1879000000.0,
        "Net Income Including Noncontrolling Interests": 1879000000.0,
        "Net Income Continuous Operations": 1879000000.0,
        "Tax Provision": 580000000.0,
        "Pretax Income": 2459000000.0,
        "Gain On Sale Of Security": -47000000.0,
        "Selling General And Administration": 3206000000.0,
        "Selling And Marketing Expense": 1458000000.0,
        "General And Administrative Expense": 1748000000.0,
        "Salaries And Wages": 1748000000.0,
        "Total Revenue": 13556000000.0,
        "Operating Revenue": 13556000000.0
    },
    "2022-06-30": {
        "Tax Effect Of Unusual Items": 0.0,
        "Tax Rate For Calcs": 0.228,
        "Net Income From Continuing Operation Net Minority Interest": 1964000000.0,
        "Reconciled Depreciation": 397000000.0,
        "Net Interest Income": 2360000000.0,
        "Interest Expense": 439000000.0,
        "Interest Income": 2799000000.0,
        "Normalized Income": 1964000000.0,
        "Net Income From Continuing And Discontinued Operation": 1964000000.0,
        "Diluted Average Shares": 753000000.0,
        "Basic Average Shares": 752000000.0,
        "Diluted EPS": 2.57,
        "Basic EPS": 2.57,
        "Diluted NI Availto Com Stockholders": 1934000000.0,
        "Net Income Common Stockholders": 1934000000.0,
        "Otherunder Preferred Stock Dividend": 15000000.0,
        "Preferred Stock Dividends": 15000000.0,
        "Net Income": 1964000000.0,
        "Net Income Including Noncontrolling Interests": 1964000000.0,
        "Net Income Continuous Operations": 1964000000.0,
        "Tax Provision": 579000000.0,
        "Pretax Income": 2543000000.0,
        "Gain On Sale Of Security": -10000000.0,
        "Selling General And Administration": 3318000000.0,
        "Selling And Marketing Expense": 1502000000.0,
        "General And Administrative Expense": 1816000000.0,
        "Salaries And Wages": 1816000000.0,
        "Total Revenue": 13395000000.0,
        "Operating Revenue": 13395000000.0
    },
    "2022-03-31": {
        "Diluted EPS": 2.73,
        "Total Revenue": NaN,
        "Gross Profit": NaN,
        "Operating Income": NaN,
        "EBIT": NaN,
        "Net Income": NaN
    },
    "2021-12-31": {
        "Diluted EPS": 2.21,
        "Total Revenue": NaN,
        "Gross Profit": NaN,
        "Operating Income": NaN,
        "EBIT": NaN,
        "Net Income": NaN
    },
    "2021-09-30": {
        "Diluted EPS": 2.27,
        "Total Revenue": NaN,
        "Gross Profit": NaN,
        "Operating Income": NaN,
        "EBIT": NaN,
        "Net Income": NaN
    },
    "2021-06-30": {
        "Diluted EPS": 2.8,
        "Total Revenue": NaN,
        "Gross Profit": NaN,
        "Operating Income": NaN,
        "EBIT": NaN,
        "Net Income": NaN
    },
    "2021-03-31": {
        "Diluted EPS": 2.74,
        "Total Revenue": NaN,
        "Gross Profit": NaN,
        "Operating Income": NaN,
        "EBIT": NaN,
        "Net Income": NaN
    },
    "2020-12-31": {
        "Diluted EPS": 1.77,
        "Total Revenue": NaN,
        "Gross Profit": NaN,
        "Operating Income": NaN,
        "EBIT": NaN,
        "Net Income": NaN
    },
    "2020-09-30": {
        "Diluted EPS": 1.3,
        "Total Revenue": NaN,
        "Gross Profit": NaN,
        "Operating Income": NaN,
        "EBIT": NaN,
        "Net Income": NaN
    },
    "2020-06-30": {
        "Diluted EPS": 0.29,
        "Total Revenue": NaN,
        "Gross Profit": NaN,
        "Operating Income": 622,
        "EBIT": NaN,
        "Net Income": 238
    },
    "2020-03-31": {
        "Diluted EPS": 0.41,
        "Total Revenue": NaN,
        "Gross Profit": NaN,
        "Operating Income": 452,
        "EBIT": NaN,
        "Net Income": 333
    },
    "2019-12-31": {
        "Diluted EPS": 2.04,
        "Total Revenue": NaN,
        "Gross Profit": NaN,
        "Operating Income": NaN,
        "EBIT": NaN,
        "Net Income": NaN
    },
    "2019-09-30": {
        "Diluted EPS": 2.08,
        "Total Revenue": NaN,
        "Gross Profit": NaN,
        "Operating Income": NaN,
        "EBIT": NaN,
        "Net Income": NaN
    },
    "2019-06-30": {
        "Diluted EPS": 2.07,
        "Total Revenue": NaN,
        "Gross Profit": NaN,
        "Operating Income": NaN,
        "EBIT": NaN,
        "Net Income": NaN
    },
    "2019-03-31": {
        "Diluted EPS": 1.8,
        "Total Revenue": NaN,
        "Gross Profit": NaN,
        "Operating Income": NaN,
        "EBIT": NaN,
        "Net Income": NaN
    },
    "2018-12-31": {
        "Diluted EPS": 2.33,
        "Total Revenue": NaN,
        "Gross Profit": NaN,
        "Operating Income": NaN,
        "EBIT": NaN,
        "Net Income": NaN
    },
    "2018-09-30": {
        "Diluted EPS": 1.88,
        "Total Revenue": NaN,
        "Gross Profit": NaN,
        "Operating Income": NaN,
        "EBIT": NaN,
        "Net Income": NaN
    },
    "2018-06-30": {
        "Diluted EPS": 1.84,
        "Total Revenue": NaN,
        "Gross Profit": NaN,
        "Operating Income": NaN,
        "EBIT": NaN,
        "Net Income": NaN
    },
    "2018-03-31": {
        "Diluted EPS": 1.86,
        "Total Revenue": NaN,
        "Gross Profit": NaN,
        "Operating Income": NaN,
        "EBIT": NaN,
        "Net Income": NaN
    },
    "2017-12-31": {
        "Diluted EPS": -1.34,
        "Total Revenue": NaN,
        "Gross Profit": NaN,
        "Operating Income": NaN,
        "EBIT": NaN,
        "Net Income": NaN
    },
    "2017-09-30": {
        "Diluted EPS": 1.51,
        "Total Revenue": NaN,
        "Gross Profit": NaN,
        "Operating Income": NaN,
        "EBIT": NaN,
        "Net Income": NaN
    },
    "2017-06-30": {
        "Diluted EPS": 1.47,
        "Total Revenue": NaN,
        "Gross Profit": NaN,
        "Operating Income": NaN,
        "EBIT": NaN,
        "Net Income": NaN
    },
    "2017-03-31": {
        "Diluted EPS": 1.35,
        "Total Revenue": NaN,
        "Gross Profit": NaN,
        "Operating Income": NaN,
        "EBIT": NaN,
        "Net Income": NaN
    },
    "2016-12-31": {
        "Diluted EPS": 0.86,
        "Total Revenue": NaN,
        "Gross Profit": NaN,
        "Operating Income": NaN,
        "EBIT": NaN,
        "Net Income": 767
    },
    "2016-09-30": {
        "Diluted EPS": 1.2,
        "Total Revenue": NaN,
        "Gross Profit": NaN,
        "Operating Income": NaN,
        "EBIT": NaN,
        "Net Income": NaN
    },
    "2016-06-30": {
        "Diluted EPS": 2.1,
        "Total Revenue": NaN,
        "Gross Profit": NaN,
        "Operating Income": NaN,
        "EBIT": NaN,
        "Net Income": NaN
    },
    "2016-03-31": {
        "Diluted EPS": 1.45,
        "Total Revenue": NaN,
        "Gross Profit": NaN,
        "Operating Income": NaN,
        "EBIT": NaN,
        "Net Income": NaN
    },
    "2015-12-31": {
        "Diluted EPS": 0.91,
        "Total Revenue": NaN,
        "Gross Profit": NaN,
        "Operating Income": NaN,
        "EBIT": NaN,
        "Net Income": 873
    },
    "2015-09-30": {
        "Diluted EPS": 1.24,
        "Total Revenue": NaN,
        "Gross Profit": NaN,
        "Operating Income": NaN,
        "EBIT": NaN,
        "Net Income": NaN
    },
    "2015-06-30": {
        "Diluted EPS": 1.42,
        "Total Revenue": NaN,
        "Gross Profit": NaN,
        "Operating Income": NaN,
        "EBIT": NaN,
        "Net Income": NaN
    },
    "2015-03-31": {
        "Diluted EPS": 1.48,
        "Total Revenue": NaN,
        "Gross Profit": NaN,
        "Operating Income": NaN,
        "EBIT": NaN,
        "Net Income": NaN
    },
    "2014-12-31": {
        "Diluted EPS": 1.4,
        "Total Revenue": NaN,
        "Gross Profit": NaN,
        "Operating Income": NaN,
        "EBIT": NaN,
        "Net Income": NaN
    },
    "2014-09-30": {
        "Diluted EPS": 1.4,
        "Total Revenue": NaN,
        "Gross Profit": NaN,
        "Operating Income": NaN,
        "EBIT": NaN,
        "Net Income": NaN
    },
    "2014-06-30": {
        "Diluted EPS": 1.43,
        "Total Revenue": NaN,
        "Gross Profit": NaN,
        "Operating Income": NaN,
        "EBIT": NaN,
        "Net Income": NaN
    },
    "2014-03-31": {
        "Diluted EPS": 1.33,
        "Total Revenue": NaN,
        "Gross Profit": NaN,
        "Operating Income": NaN,
        "EBIT": NaN,
        "Net Income": NaN
    },
    "2013-12-31": {
        "Diluted EPS": 1.21,
        "Total Revenue": NaN,
        "Gross Profit": NaN,
        "Operating Income": NaN,
        "EBIT": NaN,
        "Net Income": NaN
    },
    "2013-09-30": {
        "Diluted EPS": 1.25,
        "Total Revenue": NaN,
        "Gross Profit": NaN,
        "Operating Income": NaN,
        "EBIT": NaN,
        "Net Income": NaN
    },
    "2013-06-30": {
        "Diluted EPS": 1.27,
        "Total Revenue": NaN,
        "Gross Profit": NaN,
        "Operating Income": NaN,
        "EBIT": NaN,
        "Net Income": NaN
    },
    "2013-03-31": {
        "Diluted EPS": 1.15,
        "Total Revenue": NaN,
        "Gross Profit": NaN,
        "Operating Income": NaN,
        "EBIT": NaN,
        "Net Income": NaN
    },
    "2012-12-31": {
        "Diluted EPS": 0.58,
        "Total Revenue": NaN,
        "Gross Profit": NaN,
        "Operating Income": -408,
        "EBIT": NaN,
        "Net Income": 616
    },
    "2012-09-30": {
        "Diluted EPS": 1.09,
        "Total Revenue": NaN,
        "Gross Profit": NaN,
        "Operating Income": NaN,
        "EBIT": NaN,
        "Net Income": NaN
    },
    "2012-06-30": {
        "Diluted EPS": 1.15,
        "Total Revenue": NaN,
        "Gross Profit": NaN,
        "Operating Income": NaN,
        "EBIT": NaN,
        "Net Income": NaN
    },
    "2012-03-31": {
        "Diluted EPS": 1.07,
        "Total Revenue": NaN,
        "Gross Profit": NaN,
        "Operating Income": NaN,
        "EBIT": NaN,
        "Net Income": NaN
    },
    "2011-12-31": {
        "Diluted EPS": 1.02,
        "Total Revenue": NaN,
        "Gross Profit": NaN,
        "Operating Income": 530,
        "EBIT": NaN,
        "Net Income": NaN
    },
    "2011-09-30": {
        "Diluted EPS": 1.03,
        "Total Revenue": NaN,
        "Gross Profit": NaN,
        "Operating Income": NaN,
        "EBIT": NaN,
        "Net Income": NaN
    },
    "2011-06-30": {
        "Diluted EPS": 1.1,
        "Total Revenue": NaN,
        "Gross Profit": NaN,
        "Operating Income": NaN,
        "EBIT": NaN,
        "Net Income": NaN
    },
    "2011-03-31": {
        "Diluted EPS": 0.97,
        "Total Revenue": NaN,
        "Gross Profit": NaN,
        "Operating Income": NaN,
        "EBIT": NaN,
        "Net Income": NaN
    },
    "2010-12-31": {
        "Diluted EPS": 0.88,
        "Total Revenue": NaN,
        "Gross Profit": NaN,
        "Operating Income": NaN,
        "EBIT": NaN,
        "Net Income": NaN
    },
    "2010-09-30": {
        "Diluted EPS": 0.9,
        "Total Revenue": NaN,
        "Gross Profit": NaN,
        "Operating Income": NaN,
        "EBIT": NaN,
        "Net Income": NaN
    },
    "2010-06-30": {
        "Diluted EPS": 0.84,
        "Total Revenue": NaN,
        "Gross Profit": NaN,
        "Operating Income": NaN,
        "EBIT": NaN,
        "Net Income": NaN
    },
    "2010-03-31": {
        "Diluted EPS": 0.73,
        "Total Revenue": NaN,
        "Gross Profit": NaN,
        "Operating Income": NaN,
        "EBIT": NaN,
        "Net Income": 885
    },
    "2009-12-31": {
        "Diluted EPS": 0.61,
        "Total Revenue": NaN,
        "Gross Profit": NaN,
        "Operating Income": 961,
        "EBIT": NaN,
        "Net Income": NaN
    },
    "2009-09-30": {
        "Diluted EPS": 0.53,
        "Total Revenue": NaN,
        "Gross Profit": NaN,
        "Operating Income": 918,
        "EBIT": NaN,
        "Net Income": 640
    },
    "2009-06-30": {
        "Diluted EPS": 0.09,
        "Total Revenue": NaN,
        "Gross Profit": NaN,
        "Operating Income": 418,
        "EBIT": NaN,
        "Net Income": 102
    },
    "2009-03-31": {
        "Diluted EPS": 0.31,
        "Total Revenue": NaN,
        "Gross Profit": NaN,
        "Operating Income": 544,
        "EBIT": NaN,
        "Net Income": 361
    },
    "2023-09-30": {
        "Tax Effect Of Unusual Items": NaN,
        "Tax Rate For Calcs": NaN,
        "Total Unusual Items": 0.0,
        "Total Unusual Items Excluding Goodwill": 0.0,
        "Net Income From Continuing Operation Net Minority Interest": NaN,
        "Reconciled Depreciation": NaN,
        "Net Interest Income": NaN,
        "Interest Expense": NaN,
        "Interest Income": NaN,
        "Normalized Income": NaN,
        "Net Income From Continuing And Discontinued Operation": NaN,
        "Diluted Average Shares": NaN,
        "Basic Average Shares": NaN,
        "Diluted EPS": NaN,
        "Basic EPS": NaN,
        "Diluted NI Availto Com Stockholders": NaN,
        "Net Income Common Stockholders": NaN,
        "Otherunder Preferred Stock Dividend": NaN,
        "Preferred Stock Dividends": NaN,
        "Net Income": NaN,
        "Net Income Including Noncontrolling Interests": NaN,
        "Net Income Continuous Operations": NaN,
        "Tax Provision": NaN,
        "Pretax Income": NaN,
        "Special Income Charges": 0.0,
        "Gain On Sale Of Business": 0.0,
        "Gain On Sale Of Security": -39000000.0,
        "Selling General And Administration": NaN,
        "Selling And Marketing Expense": NaN,
        "General And Administrative Expense": NaN,
        "Salaries And Wages": NaN,
        "Total Revenue": NaN,
        "Operating Revenue": NaN,
        "Professional Expense And Contract Services Expense": NaN,
        "Other Non Interest Expense": NaN
    },
    "2023-12-31": {
        "Tax Effect Of Unusual Items": NaN,
        "Tax Rate For Calcs": NaN,
        "Total Unusual Items": NaN,
        "Total Unusual Items Excluding Goodwill": NaN,
        "Net Income From Continuing Operation Net Minority Interest": NaN,
        "Reconciled Depreciation": NaN,
        "Net Interest Income": NaN,
        "Interest Expense": NaN,
        "Interest Income": NaN,
        "Normalized Income": NaN,
        "Net Income From Continuing And Discontinued Operation": NaN,
        "Diluted Average Shares": NaN,
        "Basic Average Shares": NaN,
        "Diluted EPS": NaN,
        "Basic EPS": NaN,
        "Diluted NI Availto Com Stockholders": NaN,
        "Net Income Common Stockholders": NaN,
        "Otherunder Preferred Stock Dividend": NaN,
        "Preferred Stock Dividends": NaN,
        "Net Income": NaN,
        "Net Income Including Noncontrolling Interests": NaN,
        "Net Income Continuous Operations": NaN,
        "Tax Provision": NaN,
        "Pretax Income": NaN,
        "Special Income Charges": NaN,
        "Gain On Sale Of Business": NaN,
        "Gain On Sale Of Security": -7000000.0,
        "Selling General And Administration": NaN,
        "Selling And Marketing Expense": NaN,
        "General And Administrative Expense": NaN,
        "Salaries And Wages": NaN,
        "Total Revenue": NaN,
        "Operating Revenue": NaN,
        "Professional Expense And Contract Services Expense": NaN,
        "Other Non Interest Expense": NaN
    },
    "2024-03-31": {
        "Tax Effect Of Unusual Items": 0.0,
        "Tax Rate For Calcs": 0.225,
        "Total Unusual Items": NaN,
        "Total Unusual Items Excluding Goodwill": NaN,
        "Net Income From Continuing Operation Net Minority Interest": 2437000000.0,
        "Reconciled Depreciation": 390000000.0,
        "Net Interest Income": 3769000000.0,
        "Interest Expense": 2006000000.0,
        "Interest Income": 5775000000.0,
        "Normalized Income": 2437000000.0,
        "Net Income From Continuing And Discontinued Operation": 2437000000.0,
        "Diluted Average Shares": 722000000.0,
        "Basic Average Shares": 721000000.0,
        "Diluted EPS": 3.33,
        "Basic EPS": 3.34,
        "Diluted NI Availto Com Stockholders": 2405000000.0,
        "Net Income Common Stockholders": 2405000000.0,
        "Otherunder Preferred Stock Dividend": 18000000.0,
        "Preferred Stock Dividends": 14000000.0,
        "Net Income": 2437000000.0,
        "Net Income Including Noncontrolling Interests": 2437000000.0,
        "Net Income Continuous Operations": 2437000000.0,
        "Tax Provision": 708000000.0,
        "Pretax Income": 3145000000.0,
        "Special Income Charges": NaN,
        "Gain On Sale Of Business": NaN,
        "Gain On Sale Of Security": NaN,
        "Selling General And Administration": 3574000000.0,
        "Selling And Marketing Expense": 1476000000.0,
        "General And Administrative Expense": 2098000000.0,
        "Salaries And Wages": 2098000000.0,
        "Total Revenue": 15801000000.0,
        "Operating Revenue": 15801000000.0,
        "Professional Expense And Contract Services Expense": 455000000.0,
        "Other Non Interest Expense": 7358000000.0
    },
    "2024-06-30": {
        "Tax Effect Of Unusual Items": NaN,
        "Tax Rate For Calcs": NaN,
        "Total Unusual Items": 531000000.0,
        "Total Unusual Items Excluding Goodwill": 531000000.0,
        "Net Income From Continuing Operation Net Minority Interest": NaN,
        "Reconciled Depreciation": NaN,
        "Net Interest Income": NaN,
        "Interest Expense": NaN,
        "Interest Income": NaN,
        "Normalized Income": NaN,
        "Net Income From Continuing And Discontinued Operation": NaN,
        "Diluted Average Shares": NaN,
        "Basic Average Shares": NaN,
        "Diluted EPS": NaN,
        "Basic EPS": NaN,
        "Diluted NI Availto Com Stockholders": NaN,
        "Net Income Common Stockholders": NaN,
        "Otherunder Preferred Stock Dividend": NaN,
        "Preferred Stock Dividends": NaN,
        "Net Income": NaN,
        "Net Income Including Noncontrolling Interests": NaN,
        "Net Income Continuous Operations": NaN,
        "Tax Provision": NaN,
        "Pretax Income": NaN,
        "Special Income Charges": 531000000.0,
        "Gain On Sale Of Business": 531000000.0,
        "Selling General And Administration": NaN,
        "Selling And Marketing Expense": NaN,
        "General And Administrative Expense": NaN,
        "Salaries And Wages": NaN,
        "Total Revenue": NaN,
        "Operating Revenue": NaN,
        "Occupancy And Equipment": NaN,
        "Professional Expense And Contract Services Expense": NaN,
        "Other Non Interest Expense": NaN
    },
    "2024-09-30": {
        "Tax Effect Of Unusual Items": 0.0,
        "Tax Rate For Calcs": 0.218,
        "Total Unusual Items": 0.0,
        "Total Unusual Items Excluding Goodwill": 0.0,
        "Net Income From Continuing Operation Net Minority Interest": 2507000000.0,
        "Reconciled Depreciation": 437000000.0,
        "Net Interest Income": 4006000000.0,
        "Interest Expense": 2143000000.0,
        "Interest Income": 6149000000.0,
        "Normalized Income": 2507000000.0,
        "Net Income From Continuing And Discontinued Operation": 2507000000.0,
        "Diluted Average Shares": NaN,
        "Basic Average Shares": NaN,
        "Diluted EPS": NaN,
        "Basic EPS": NaN,
        "Diluted NI Availto Com Stockholders": 2474000000.0,
        "Net Income Common Stockholders": 2474000000.0,
        "Otherunder Preferred Stock Dividend": 18000000.0,
        "Preferred Stock Dividends": 15000000.0,
        "Net Income": 2507000000.0,
        "Net Income Including Noncontrolling Interests": 2507000000.0,
        "Net Income Continuous Operations": 2507000000.0,
        "Tax Provision": 697000000.0,
        "Pretax Income": 3204000000.0,
        "Special Income Charges": 0.0,
        "Gain On Sale Of Business": 0.0,
        "Selling General And Administration": 3519000000.0,
        "Selling And Marketing Expense": 1470000000.0,
        "General And Administrative Expense": 2049000000.0,
        "Salaries And Wages": 2049000000.0,
        "Total Revenue": 16636000000.0,
        "Operating Revenue": 16636000000.0,
        "Occupancy And Equipment": NaN,
        "Professional Expense And Contract Services Expense": 579000000.0,
        "Other Non Interest Expense": 7978000000.0
    },
    "2024-12-31": {
        "Tax Effect Of Unusual Items": -26153120.464441,
        "Tax Rate For Calcs": 0.212627,
        "Total Unusual Items": -123000000.0,
        "Total Unusual Items Excluding Goodwill": -123000000.0,
        "Net Income From Continuing Operation Net Minority Interest": 2170000000.0,
        "Reconciled Depreciation": 428000000.0,
        "Net Interest Income": 4038000000.0,
        "Interest Expense": 2039000000.0,
        "Interest Income": 6077000000.0,
        "Normalized Income": 2266846879.535559,
        "Net Income From Continuing And Discontinued Operation": 2170000000.0,
        "Diluted Average Shares": 704000000.0,
        "Basic Average Shares": 703000000.0,
        "Diluted EPS": 3.04,
        "Basic EPS": 3.04,
        "Diluted NI Availto Com Stockholders": 2139000000.0,
        "Net Income Common Stockholders": 2139000000.0,
        "Otherunder Preferred Stock Dividend": 17000000.0,
        "Preferred Stock Dividends": 14000000.0,
        "Net Income": 2170000000.0,
        "Net Income Including Noncontrolling Interests": 2170000000.0,
        "Net Income Continuous Operations": 2170000000.0,
        "Tax Provision": 586000000.0,
        "Pretax Income": 2756000000.0,
        "Special Income Charges": -123000000.0,
        "Gain On Sale Of Business": 0.0,
        "Selling General And Administration": 3716000000.0,
        "Selling And Marketing Expense": 1614000000.0,
        "General And Administrative Expense": 2102000000.0,
        "Salaries And Wages": 2102000000.0,
        "Total Revenue": 17179000000.0,
        "Operating Revenue": 17179000000.0,
        "Occupancy And Equipment": NaN,
        "Professional Expense And Contract Services Expense": 698000000.0,
        "Other Non Interest Expense": 8594000000.0
    },
    "2025-03-31": {
        "Tax Effect Of Unusual Items": 0.0,
        "Tax Rate For Calcs": 0.224,
        "Total Unusual Items": NaN,
        "Total Unusual Items Excluding Goodwill": NaN,
        "Net Income From Continuing Operation Net Minority Interest": 2584000000.0,
        "Reconciled Depreciation": 433000000.0,
        "Net Interest Income": 4169000000.0,
        "Interest Expense": 1966000000.0,
        "Interest Income": 6135000000.0,
        "Normalized Income": 2584000000.0,
        "Net Income From Continuing And Discontinued Operation": 2584000000.0,
        "Diluted Average Shares": 702000000.0,
        "Basic Average Shares": 701000000.0,
        "Diluted EPS": 3.64,
        "Basic EPS": 3.64,
        "Diluted NI Availto Com Stockholders": 2552000000.0,
        "Net Income Common Stockholders": 2552000000.0,
        "Otherunder Preferred Stock Dividend": 18000000.0,
        "Preferred Stock Dividends": 14000000.0,
        "Net Income": 2584000000.0,
        "Net Income Including Noncontrolling Interests": 2584000000.0,
        "Net Income Continuous Operations": 2584000000.0,
        "Tax Provision": 746000000.0,
        "Pretax Income": 3330000000.0,
        "Special Income Charges": NaN,
        "Gain On Sale Of Business": NaN,
        "Selling General And Administration": 3606000000.0,
        "Selling And Marketing Expense": 1486000000.0,
        "General And Administrative Expense": 2120000000.0,
        "Salaries And Wages": 2120000000.0,
        "Total Revenue": 16967000000.0,
        "Operating Revenue": 16967000000.0,
        "Occupancy And Equipment": NaN,
        "Professional Expense And Contract Services Expense": 541000000.0,
        "Other Non Interest Expense": 8340000000.0
    },
    "2025-06-30": {
        "Tax Effect Of Unusual Items": 0.0,
        "Tax Rate For Calcs": 0.187,
        "Total Unusual Items": 0.0,
        "Total Unusual Items Excluding Goodwill": 0.0,
        "Net Income From Continuing Operation Net Minority Interest": 2885000000.0,
        "Reconciled Depreciation": 427000000.0,
        "Net Interest Income": 4187000000.0,
        "Interest Expense": 2077000000.0,
        "Interest Income": 6264000000.0,
        "Normalized Income": 2885000000.0,
        "Net Income From Continuing And Discontinued Operation": 2885000000.0,
        "Diluted Average Shares": 699000000.0,
        "Basic Average Shares": 698000000.0,
        "Diluted EPS": 4.08,
        "Basic EPS": 4.08,
        "Diluted NI Availto Com Stockholders": 2852000000.0,
        "Net Income Common Stockholders": 2852000000.0,
        "Otherunder Preferred Stock Dividend": 18000000.0,
        "Preferred Stock Dividends": 15000000.0,
        "Net Income": 2885000000.0,
        "Net Income Including Noncontrolling Interests": 2885000000.0,
        "Net Income Continuous Operations": 2885000000.0,
        "Tax Provision": 665000000.0,
        "Pretax Income": 3550000000.0,
        "Special Income Charges": 0.0,
        "Gain On Sale Of Business": 0.0,
        "Selling General And Administration": 3707000000.0,
        "Selling And Marketing Expense": 1555000000.0,
        "General And Administrative Expense": 2152000000.0,
        "Salaries And Wages": 2152000000.0,
        "Total Revenue": 17856000000.0,
        "Operating Revenue": 17856000000.0,
        "Occupancy And Equipment": NaN,
        "Professional Expense And Contract Services Expense": 591000000.0,
        "Other Non Interest Expense": 8603000000.0
    },
    "2025-09-30": {
        "Tax Effect Of Unusual Items": 0.0,
        "Tax Rate For Calcs": 0.241,
        "Total Unusual Items": 0.0,
        "Total Unusual Items Excluding Goodwill": 0.0,
        "Net Income From Continuing Operation Net Minority Interest": 2902000000.0,
        "Reconciled Depreciation": 455000000.0,
        "Net Interest Income": 4486000000.0,
        "Interest Expense": 2131000000.0,
        "Interest Income": 6617000000.0,
        "Normalized Income": 2902000000.0,
        "Net Income From Continuing And Discontinued Operation": 2902000000.0,
        "Diluted Average Shares": 693000000.0,
        "Basic Average Shares": 692000000.0,
        "Diluted EPS": 4.14,
        "Basic EPS": 4.14,
        "Diluted NI Availto Com Stockholders": 2868000000.0,
        "Net Income Common Stockholders": 2868000000.0,
        "Otherunder Preferred Stock Dividend": 20000000.0,
        "Preferred Stock Dividends": 14000000.0,
        "Net Income": 2902000000.0,
        "Net Income Including Noncontrolling Interests": 2902000000.0,
        "Net Income Continuous Operations": 2902000000.0,
        "Tax Provision": 923000000.0,
        "Pretax Income": 3825000000.0,
        "Special Income Charges": 0.0,
        "Gain On Sale Of Business": 0.0,
        "Selling General And Administration": 3838000000.0,
        "Selling And Marketing Expense": 1599000000.0,
        "General And Administrative Expense": 2239000000.0,
        "Salaries And Wages": 2239000000.0,
        "Total Revenue": 18426000000.0,
        "Operating Revenue": 18426000000.0,
        "Occupancy And Equipment": 751000000.0,
        "Professional Expense And Contract Services Expense": 623000000.0,
        "Other Non Interest Expense": 8102000000.0
    },
    "2025-12-31": {
        "Tax Effect Of Unusual Items": NaN,
        "Tax Rate For Calcs": NaN,
        "Total Unusual Items": NaN,
        "Total Unusual Items Excluding Goodwill": NaN,
        "Net Income From Continuing Operation Net Minority Interest": NaN,
        "Reconciled Depreciation": NaN,
        "Net Interest Income": NaN,
        "Interest Expense": NaN,
        "Interest Income": NaN,
        "Normalized Income": NaN,
        "Net Income From Continuing And Discontinued Operation": NaN,
        "Diluted Average Shares": 688000000.0,
        "Basic Average Shares": 687000000.0,
        "Diluted EPS": 3.53,
        "Basic EPS": 3.53,
        "Diluted NI Availto Com Stockholders": NaN,
        "Net Income Common Stockholders": NaN,
        "Otherunder Preferred Stock Dividend": NaN,
        "Preferred Stock Dividends": NaN,
        "Net Income": NaN,
        "Net Income Including Noncontrolling Interests": NaN,
        "Net Income Continuous Operations": NaN,
        "Tax Provision": NaN,
        "Pretax Income": NaN,
        "Special Income Charges": NaN,
        "Gain On Sale Of Business": NaN,
        "Selling General And Administration": NaN,
        "Selling And Marketing Expense": NaN,
        "General And Administrative Expense": NaN,
        "Salaries And Wages": NaN,
        "Total Revenue": NaN,
        "Operating Revenue": NaN,
        "Occupancy And Equipment": NaN,
        "Professional Expense And Contract Services Expense": NaN,
        "Other Non Interest Expense": NaN
    }
}