{
    "2023-03-31": {
        "Tax Effect Of Unusual Items": 34020.0,
        "Tax Rate For Calcs": 0.21,
        "Normalized EBITDA": -4874000.0,
        "Total Unusual Items": 162000.0,
        "Total Unusual Items Excluding Goodwill": 162000.0,
        "Net Income From Continuing Operation Net Minority Interest": -11218000.0,
        "Reconciled Depreciation": 1662000.0,
        "Reconciled Cost Of Revenue": 7466000.0,
        "EBITDA": -4712000.0,
        "EBIT": -6374000.0,
        "Net Interest Income": -2264000.0,
        "Interest Expense": 2264000.0,
        "Normalized Income": -11345980.0,
        "Net Income From Continuing And Discontinued Operation": -11218000.0,
        "Total Expenses": 101112000.0,
        "Total Operating Income As Reported": -6374000.0,
        "Diluted Average Shares": 43523631.0,
        "Basic Average Shares": 43523631.0,
        "Diluted EPS": -0.26,
        "Basic EPS": -0.26,
        "Diluted NI Availto Com Stockholders": -11218000.0,
        "Net Income Common Stockholders": -11218000.0,
        "Net Income": -11218000.0,
        "Net Income Including Noncontrolling Interests": -11218000.0,
        "Net Income Continuous Operations": -11218000.0,
        "Tax Provision": 2580000.0,
        "Pretax Income": -8638000.0,
        "Other Income Expense": 162000.0,
        "Special Income Charges": 162000.0,
        "Restructuring And Mergern Acquisition": -162000.0,
        "Net Non Operating Interest Income Expense": -2264000.0,
        "Interest Expense Non Operating": 2264000.0,
        "Operating Income": -6536000.0,
        "Operating Expense": 93556000.0,
        "Depreciation Amortization Depletion Income Statement": 1572000.0,
        "Depreciation And Amortization In Income Statement": 1572000.0,
        "Amortization": 1572000.0,
        "Amortization Of Intangibles Income Statement": 1572000.0,
        "Research And Development": 17793000.0,
        "Selling General And Administration": 74191000.0,
        "Gross Profit": 87020000.0,
        "Cost Of Revenue": 7556000.0,
        "Total Revenue": 94576000.0,
        "Operating Revenue": 94576000.0
    },
    "2022-12-31": {
        "Tax Effect Of Unusual Items": 0.0,
        "Tax Rate For Calcs": 0.0,
        "Normalized EBITDA": -53699966.0,
        "Total Unusual Items": -4200350.0,
        "Total Unusual Items Excluding Goodwill": -4200350.0,
        "Net Income From Continuing Operation Net Minority Interest": -61239612.0,
        "Reconciled Depreciation": 2016653.0,
        "Reconciled Cost Of Revenue": 1881064.0,
        "EBITDA": -57900316.0,
        "EBIT": -59916969.0,
        "Net Interest Income": -1322643.0,
        "Interest Expense": 1322643.0,
        "Normalized Income": -57039262.0,
        "Net Income From Continuing And Discontinued Operation": -61239612.0,
        "Total Expenses": 80088147.0,
        "Total Operating Income As Reported": -59916969.0,
        "Diluted Average Shares": 43447309.0,
        "Basic Average Shares": 43447309.0,
        "Diluted EPS": -1.41,
        "Basic EPS": -1.41,
        "Diluted NI Availto Com Stockholders": -61239612.0,
        "Net Income Common Stockholders": -61239612.0,
        "Net Income": -61239612.0,
        "Net Income Including Noncontrolling Interests": -61239612.0,
        "Net Income Continuous Operations": -61239612.0,
        "Tax Provision": NaN,
        "Pretax Income": -61239612.0,
        "Other Income Expense": -4200350.0,
        "Special Income Charges": -4200350.0,
        "Restructuring And Mergern Acquisition": 4200350.0,
        "Net Non Operating Interest Income Expense": -1322643.0,
        "Interest Expense Non Operating": 1322643.0,
        "Operating Income": -55716619.0,
        "Operating Expense": 77797219.0,
        "Depreciation Amortization Depletion Income Statement": 1606789.0,
        "Depreciation And Amortization In Income Statement": 1606789.0,
        "Amortization": 1606789.0,
        "Amortization Of Intangibles Income Statement": 1606789.0,
        "Research And Development": 14693083.0,
        "Selling General And Administration": 61497347.0,
        "Gross Profit": 22080600.0,
        "Cost Of Revenue": 2290928.0,
        "Total Revenue": 24371528.0,
        "Operating Revenue": 24371528.0
    },
    "2022-09-30": {
        "Tax Effect Of Unusual Items": NaN,
        "Tax Rate For Calcs": NaN,
        "Normalized EBITDA": NaN,
        "Total Unusual Items": NaN,
        "Total Unusual Items Excluding Goodwill": NaN,
        "Net Income From Continuing Operation Net Minority Interest": NaN,
        "Reconciled Depreciation": NaN,
        "Reconciled Cost Of Revenue": NaN,
        "EBITDA": NaN,
        "EBIT": NaN,
        "Net Interest Income": NaN,
        "Interest Expense": NaN,
        "Normalized Income": NaN,
        "Net Income From Continuing And Discontinued Operation": NaN,
        "Total Expenses": NaN,
        "Total Operating Income As Reported": NaN,
        "Diluted Average Shares": NaN,
        "Basic Average Shares": NaN,
        "Diluted EPS": NaN,
        "Basic EPS": NaN,
        "Diluted NI Availto Com Stockholders": NaN,
        "Net Income Common Stockholders": NaN,
        "Net Income": NaN,
        "Net Income Including Noncontrolling Interests": NaN,
        "Net Income Continuous Operations": NaN,
        "Tax Provision": NaN,
        "Pretax Income": NaN,
        "Other Income Expense": NaN,
        "Special Income Charges": NaN,
        "Restructuring And Mergern Acquisition": NaN,
        "Net Non Operating Interest Income Expense": NaN,
        "Interest Expense Non Operating": NaN,
        "Operating Income": NaN,
        "Operating Expense": NaN,
        "Depreciation Amortization Depletion Income Statement": NaN,
        "Depreciation And Amortization In Income Statement": NaN,
        "Amortization": NaN,
        "Amortization Of Intangibles Income Statement": NaN,
        "Research And Development": NaN,
        "Selling General And Administration": NaN,
        "General And Administrative Expense": 40892443.0,
        "Other Gand A": 40892443.0,
        "Gross Profit": NaN,
        "Cost Of Revenue": NaN,
        "Total Revenue": NaN,
        "Operating Revenue": NaN
    },
    "2022-06-30": {
        "Tax Effect Of Unusual Items": 0.0,
        "Tax Rate For Calcs": 0.0,
        "Normalized EBITDA": -38768701.0,
        "Total Unusual Items": 860000.0,
        "Total Unusual Items Excluding Goodwill": 860000.0,
        "Net Income From Continuing Operation Net Minority Interest": -41438516.0,
        "Reconciled Depreciation": 1272341.0,
        "Reconciled Cost Of Revenue": 636145.0,
        "EBITDA": -37908701.0,
        "EBIT": -39181042.0,
        "Net Interest Income": -2257474.0,
        "Interest Expense": 2257474.0,
        "Normalized Income": -42298516.0,
        "Net Income From Continuing And Discontinued Operation": -41438516.0,
        "Total Expenses": 48860828.0,
        "Total Operating Income As Reported": -39181042.0,
        "Diluted Average Shares": 39081100.0,
        "Basic Average Shares": 39081100.0,
        "Diluted EPS": -1.06,
        "Basic EPS": -1.06,
        "Diluted NI Availto Com Stockholders": -41438516.0,
        "Net Income Common Stockholders": -41438516.0,
        "Net Income": -41438516.0,
        "Net Income Including Noncontrolling Interests": -41438516.0,
        "Net Income Continuous Operations": -41438516.0,
        "Tax Provision": NaN,
        "Pretax Income": -41438516.0,
        "Other Income Expense": 860000.0,
        "Special Income Charges": 860000.0,
        "Restructuring And Mergern Acquisition": -860000.0,
        "Net Non Operating Interest Income Expense": -2257474.0,
        "Interest Expense Non Operating": 2257474.0,
        "Operating Income": -40041042.0,
        "Operating Expense": 47877992.0,
        "Depreciation Amortization Depletion Income Statement": 925650.0,
        "Depreciation And Amortization In Income Statement": 925650.0,
        "Amortization": 925650.0,
        "Amortization Of Intangibles Income Statement": 925650.0,
        "Research And Development": 15792202.0,
        "Selling General And Administration": 31160140.0,
        "General And Administrative Expense": 31160140.0,
        "Other Gand A": 31160140.0,
        "Gross Profit": 7836950.0,
        "Cost Of Revenue": 982836.0,
        "Total Revenue": 8819786.0,
        "Operating Revenue": 8819786.0
    },
    "2022-03-31": {
        "Diluted EPS": -1.03,
        "Total Revenue": NaN,
        "Gross Profit": NaN,
        "Operating Income": -38,
        "EBIT": -38,
        "Net Income": -40
    },
    "2021-12-31": {
        "Diluted EPS": -0.9,
        "Total Revenue": NaN,
        "Gross Profit": NaN,
        "Operating Income": -33,
        "EBIT": -32,
        "Net Income": -34
    },
    "2021-09-30": {
        "Diluted EPS": -0.93,
        "Total Revenue": NaN,
        "Gross Profit": NaN,
        "Operating Income": -33,
        "EBIT": -33,
        "Net Income": -35
    },
    "2021-06-30": {
        "Diluted EPS": -0.86,
        "Total Revenue": NaN,
        "Gross Profit": NaN,
        "Operating Income": -31,
        "EBIT": -30,
        "Net Income": -32
    },
    "2021-03-31": {
        "Diluted EPS": -0.78,
        "Total Revenue": NaN,
        "Gross Profit": NaN,
        "Operating Income": -28,
        "EBIT": -27,
        "Net Income": -29
    },
    "2020-12-31": {
        "Diluted EPS": -0.79,
        "Total Revenue": NaN,
        "Gross Profit": NaN,
        "Operating Income": -28,
        "EBIT": -27,
        "Net Income": -29
    },
    "2020-09-30": {
        "Diluted EPS": -0.61,
        "Total Revenue": NaN,
        "Gross Profit": NaN,
        "Operating Income": -21,
        "EBIT": -21,
        "Net Income": -23
    },
    "2020-06-30": {
        "Diluted EPS": -0.49,
        "Total Revenue": NaN,
        "Gross Profit": NaN,
        "Operating Income": -18,
        "EBIT": -18,
        "Net Income": -18
    },
    "2020-03-31": {
        "Diluted EPS": -0.88,
        "Total Revenue": NaN,
        "Gross Profit": NaN,
        "Operating Income": -32,
        "EBIT": -32,
        "Net Income": -32
    },
    "2019-12-31": {
        "Diluted EPS": -0.72,
        "Total Revenue": NaN,
        "Gross Profit": NaN,
        "Operating Income": -24,
        "EBIT": -24,
        "Net Income": -25
    },
    "2019-09-30": {
        "Diluted EPS": -0.56,
        "Total Revenue": NaN,
        "Gross Profit": NaN,
        "Operating Income": -19,
        "EBIT": -19,
        "Net Income": -19
    },
    "2019-06-30": {
        "Diluted EPS": -0.41,
        "Total Revenue": NaN,
        "Gross Profit": NaN,
        "Operating Income": -13,
        "EBIT": -13,
        "Net Income": -14
    },
    "2019-03-31": {
        "Diluted EPS": -0.32,
        "Total Revenue": NaN,
        "Gross Profit": NaN,
        "Operating Income": -10,
        "EBIT": -10,
        "Net Income": -11
    },
    "2018-12-31": {
        "Diluted EPS": -0.33,
        "Total Revenue": NaN,
        "Gross Profit": NaN,
        "Operating Income": -9,
        "EBIT": -9,
        "Net Income": -10
    },
    "2018-09-30": {
        "Diluted EPS": -0.31,
        "Total Revenue": NaN,
        "Gross Profit": NaN,
        "Operating Income": -8,
        "EBIT": -8,
        "Net Income": -8
    },
    "2018-06-30": {
        "Diluted EPS": -0.32,
        "Total Revenue": NaN,
        "Gross Profit": NaN,
        "Operating Income": -8,
        "EBIT": -8,
        "Net Income": -8
    },
    "2018-03-31": {
        "Diluted EPS": -0.19,
        "Total Revenue": NaN,
        "Gross Profit": NaN,
        "Operating Income": -7,
        "EBIT": -7,
        "Net Income": -5
    },
    "2017-12-31": {
        "Diluted EPS": -0.29,
        "Total Revenue": NaN,
        "Gross Profit": NaN,
        "Operating Income": -6,
        "EBIT": -6,
        "Net Income": -7
    },
    "2017-09-30": {
        "Diluted EPS": -0.27,
        "Total Revenue": NaN,
        "Gross Profit": NaN,
        "Operating Income": -6,
        "EBIT": -6,
        "Net Income": -6
    },
    "2017-06-30": {
        "Diluted EPS": -0.3,
        "Total Revenue": NaN,
        "Gross Profit": NaN,
        "Operating Income": -7,
        "EBIT": -7,
        "Net Income": -7
    },
    "2017-03-31": {
        "Diluted EPS": -0.41,
        "Total Revenue": NaN,
        "Gross Profit": NaN,
        "Operating Income": -8,
        "EBIT": -8,
        "Net Income": -8
    },
    "2016-12-31": {
        "Diluted EPS": -0.37,
        "Total Revenue": NaN,
        "Gross Profit": NaN,
        "Operating Income": -8,
        "EBIT": -8,
        "Net Income": -7
    },
    "2016-09-30": {
        "Diluted EPS": -0.38,
        "Total Revenue": NaN,
        "Gross Profit": NaN,
        "Operating Income": -7,
        "EBIT": -7,
        "Net Income": -7
    },
    "2016-06-30": {
        "Diluted EPS": -0.36,
        "Total Revenue": NaN,
        "Gross Profit": NaN,
        "Operating Income": -7,
        "EBIT": -7,
        "Net Income": -7
    },
    "2016-03-31": {
        "Diluted EPS": -0.31,
        "Total Revenue": NaN,
        "Gross Profit": NaN,
        "Operating Income": -6,
        "EBIT": -6,
        "Net Income": -6
    },
    "2015-12-31": {
        "Diluted EPS": -0.12,
        "Total Revenue": NaN,
        "Gross Profit": NaN,
        "Operating Income": -3,
        "EBIT": -3,
        "Net Income": -2
    },
    "2015-09-30": {
        "Diluted EPS": -0.41,
        "Total Revenue": NaN,
        "Gross Profit": NaN,
        "Operating Income": -2,
        "EBIT": -2,
        "Net Income": -5
    },
    "2015-06-30": {
        "Diluted EPS": -0.19,
        "Total Revenue": NaN,
        "Gross Profit": NaN,
        "Operating Income": -2,
        "EBIT": -2,
        "Net Income": -2
    },
    "2015-03-31": {
        "Diluted EPS": -0.19,
        "Total Revenue": NaN,
        "Gross Profit": NaN,
        "Operating Income": -2,
        "EBIT": -2,
        "Net Income": -2
    },
    "2014-12-31": {
        "Diluted EPS": 0.0,
        "Total Revenue": NaN,
        "Gross Profit": NaN,
        "Operating Income": NaN,
        "EBIT": NaN,
        "Net Income": NaN
    },
    "2013-12-31": {
        "Diluted EPS": 0.0,
        "Total Revenue": NaN,
        "Gross Profit": NaN,
        "Operating Income": NaN,
        "EBIT": NaN,
        "Net Income": NaN
    },
    "2023-06-30": {
        "Tax Effect Of Unusual Items": -54477.0,
        "Tax Rate For Calcs": 0.009,
        "Normalized EBITDA": -57315000.0,
        "Total Unusual Items": -6053000.0,
        "Total Unusual Items Excluding Goodwill": -6053000.0,
        "Net Income From Continuing Operation Net Minority Interest": -67170000.0,
        "Reconciled Depreciation": 1689000.0,
        "Reconciled Cost Of Revenue": 4499000.0,
        "EBITDA": -63368000.0,
        "EBIT": -65057000.0,
        "Net Interest Income": -2730000.0,
        "Interest Expense": 2730000.0,
        "Normalized Income": -61171477.0,
        "Net Income From Continuing And Discontinued Operation": -67170000.0,
        "Total Expenses": 105704000.0,
        "Total Operating Income As Reported": -65057000.0,
        "Diluted Average Shares": 43669820.0,
        "Basic Average Shares": 43669820.0,
        "Diluted EPS": -1.54,
        "Basic EPS": -1.54,
        "Diluted NI Availto Com Stockholders": -67170000.0,
        "Net Income Common Stockholders": -67170000.0,
        "Net Income": -67170000.0,
        "Net Income Including Noncontrolling Interests": -67170000.0,
        "Net Income Continuous Operations": -67170000.0,
        "Tax Provision": -617000.0,
        "Pretax Income": -67787000.0,
        "Other Income Expense": -6053000.0,
        "Special Income Charges": -6053000.0,
        "Restructuring And Mergern Acquisition": 6053000.0,
        "Net Non Operating Interest Income Expense": -2730000.0,
        "Interest Expense Non Operating": 2730000.0,
        "Operating Income": -59004000.0,
        "Operating Expense": 101105000.0,
        "Depreciation Amortization Depletion Income Statement": 1589000.0,
        "Depreciation And Amortization In Income Statement": 1589000.0,
        "Amortization": 1589000.0,
        "Amortization Of Intangibles Income Statement": 1589000.0,
        "Research And Development": 20581000.0,
        "Selling General And Administration": 78935000.0,
        "Gross Profit": 42101000.0,
        "Cost Of Revenue": 4599000.0,
        "Total Revenue": 46700000.0,
        "Operating Revenue": 46700000.0
    },
    "2023-09-30": {
        "Tax Effect Of Unusual Items": NaN,
        "Tax Rate For Calcs": NaN,
        "Normalized EBITDA": NaN,
        "Total Unusual Items": NaN,
        "Total Unusual Items Excluding Goodwill": NaN,
        "Net Income From Continuing Operation Net Minority Interest": NaN,
        "Reconciled Depreciation": NaN,
        "Reconciled Cost Of Revenue": NaN,
        "EBITDA": NaN,
        "EBIT": NaN,
        "Net Interest Income": NaN,
        "Interest Expense": NaN,
        "Normalized Income": NaN,
        "Net Income From Continuing And Discontinued Operation": NaN,
        "Total Expenses": NaN,
        "Total Operating Income As Reported": NaN,
        "Diluted Average Shares": 47117196.0,
        "Basic Average Shares": 47117196.0,
        "Diluted EPS": -1.32,
        "Basic EPS": -1.32,
        "Diluted NI Availto Com Stockholders": NaN,
        "Net Income Common Stockholders": NaN,
        "Net Income": NaN,
        "Net Income Including Noncontrolling Interests": NaN,
        "Net Income Continuous Operations": NaN,
        "Tax Provision": NaN,
        "Pretax Income": NaN,
        "Other Income Expense": NaN,
        "Special Income Charges": NaN,
        "Restructuring And Mergern Acquisition": NaN,
        "Net Non Operating Interest Income Expense": NaN,
        "Interest Expense Non Operating": NaN,
        "Operating Income": NaN,
        "Operating Expense": NaN,
        "Depreciation Amortization Depletion Income Statement": NaN,
        "Depreciation And Amortization In Income Statement": NaN,
        "Amortization": NaN,
        "Amortization Of Intangibles Income Statement": NaN,
        "Research And Development": NaN,
        "Selling General And Administration": NaN,
        "Gross Profit": NaN,
        "Cost Of Revenue": NaN,
        "Total Revenue": NaN,
        "Operating Revenue": NaN
    },
    "2023-12-31": {
        "Tax Effect Of Unusual Items": -141875.55569,
        "Tax Rate For Calcs": 0.003284,
        "Normalized EBITDA": -53327000.0,
        "Total Unusual Items": -43207000.0,
        "Total Unusual Items Excluding Goodwill": -43207000.0,
        "Net Income From Continuing Operation Net Minority Interest": -98651000.0,
        "Reconciled Depreciation": 1740000.0,
        "Reconciled Cost Of Revenue": 7245000.0,
        "EBITDA": -96534000.0,
        "EBIT": -98274000.0,
        "Net Interest Income": -702000.0,
        "Interest Expense": 702000.0,
        "Normalized Income": -55585875.55569,
        "Net Income From Continuing And Discontinued Operation": -98651000.0,
        "Total Expenses": 126597000.0,
        "Total Operating Income As Reported": -98274000.0,
        "Diluted Average Shares": 47329782.0,
        "Basic Average Shares": 47329782.0,
        "Diluted EPS": -2.08,
        "Basic EPS": -2.08,
        "Diluted NI Availto Com Stockholders": -98651000.0,
        "Net Income Common Stockholders": -98651000.0,
        "Net Income": -98651000.0,
        "Net Income Including Noncontrolling Interests": -98651000.0,
        "Net Income Continuous Operations": -98651000.0,
        "Tax Provision": -325000.0,
        "Pretax Income": -98976000.0,
        "Other Income Expense": -43207000.0,
        "Special Income Charges": -43207000.0,
        "Restructuring And Mergern Acquisition": 43207000.0,
        "Net Non Operating Interest Income Expense": -702000.0,
        "Interest Expense Non Operating": 702000.0,
        "Operating Income": -55067000.0,
        "Operating Expense": 119219000.0,
        "Depreciation Amortization Depletion Income Statement": 1607000.0,
        "Depreciation And Amortization In Income Statement": 1607000.0,
        "Amortization": 1607000.0,
        "Amortization Of Intangibles Income Statement": 1607000.0,
        "Research And Development": 30803000.0,
        "Selling General And Administration": 86809000.0,
        "Gross Profit": 64152000.0,
        "Cost Of Revenue": 7378000.0,
        "Total Revenue": 71530000.0,
        "Operating Revenue": 71530000.0
    },
    "2024-03-31": {
        "Tax Effect Of Unusual Items": 0.0,
        "Tax Rate For Calcs": 0.0,
        "Normalized EBITDA": -66856000.0,
        "Total Unusual Items": 1412000.0,
        "Total Unusual Items Excluding Goodwill": 1412000.0,
        "Net Income From Continuing Operation Net Minority Interest": -68357000.0,
        "Reconciled Depreciation": 1831000.0,
        "Reconciled Cost Of Revenue": 6055000.0,
        "EBITDA": -65444000.0,
        "EBIT": -67275000.0,
        "Net Interest Income": -1082000.0,
        "Interest Expense": 1082000.0,
        "Normalized Income": -69769000.0,
        "Net Income From Continuing And Discontinued Operation": -68357000.0,
        "Total Expenses": 143686000.0,
        "Total Operating Income As Reported": -67275000.0,
        "Diluted Average Shares": 47393563.0,
        "Basic Average Shares": 47393563.0,
        "Diluted EPS": -1.44,
        "Basic EPS": -1.44,
        "Diluted NI Availto Com Stockholders": -68357000.0,
        "Net Income Common Stockholders": -68357000.0,
        "Net Income": -68357000.0,
        "Net Income Including Noncontrolling Interests": -68357000.0,
        "Net Income Continuous Operations": -68357000.0,
        "Tax Provision": 0.0,
        "Pretax Income": -68357000.0,
        "Other Income Expense": 1412000.0,
        "Special Income Charges": 1412000.0,
        "Restructuring And Mergern Acquisition": -1412000.0,
        "Net Non Operating Interest Income Expense": -1082000.0,
        "Interest Expense Non Operating": 1082000.0,
        "Operating Income": -68687000.0,
        "Operating Expense": 137389000.0,
        "Depreciation Amortization Depletion Income Statement": 1589000.0,
        "Depreciation And Amortization In Income Statement": 1589000.0,
        "Amortization": 1589000.0,
        "Amortization Of Intangibles Income Statement": 1589000.0,
        "Research And Development": 36830000.0,
        "Selling General And Administration": 98970000.0,
        "Gross Profit": 68702000.0,
        "Cost Of Revenue": 6297000.0,
        "Total Revenue": 74999000.0,
        "Operating Revenue": 74999000.0
    },
    "2024-06-30": {
        "Tax Effect Of Unusual Items": 0.0,
        "Tax Rate For Calcs": 0.0,
        "Normalized EBITDA": -73893000.0,
        "Total Unusual Items": -2160000.0,
        "Total Unusual Items Excluding Goodwill": -2160000.0,
        "Net Income From Continuing Operation Net Minority Interest": -79345000.0,
        "Reconciled Depreciation": 1993000.0,
        "Reconciled Cost Of Revenue": 7652000.0,
        "EBITDA": -76053000.0,
        "EBIT": -78046000.0,
        "Net Interest Income": -1299000.0,
        "Interest Expense": 1299000.0,
        "Normalized Income": -77185000.0,
        "Net Income From Continuing And Discontinued Operation": -79345000.0,
        "Total Expenses": 163052000.0,
        "Total Operating Income As Reported": -78046000.0,
        "Diluted Average Shares": 47573229.0,
        "Basic Average Shares": 47573229.0,
        "Diluted EPS": -1.67,
        "Basic EPS": -1.67,
        "Diluted NI Availto Com Stockholders": -79345000.0,
        "Net Income Common Stockholders": -79345000.0,
        "Net Income": -79345000.0,
        "Net Income Including Noncontrolling Interests": -79345000.0,
        "Net Income Continuous Operations": -79345000.0,
        "Tax Provision": 0.0,
        "Pretax Income": -79345000.0,
        "Other Income Expense": -2160000.0,
        "Special Income Charges": -2160000.0,
        "Restructuring And Mergern Acquisition": 2160000.0,
        "Net Non Operating Interest Income Expense": -1299000.0,
        "Interest Expense Non Operating": 1299000.0,
        "Operating Income": -75886000.0,
        "Operating Expense": 154997000.0,
        "Depreciation Amortization Depletion Income Statement": 1590000.0,
        "Depreciation And Amortization In Income Statement": 1590000.0,
        "Amortization": 1590000.0,
        "Amortization Of Intangibles Income Statement": 1590000.0,
        "Research And Development": 49853000.0,
        "Selling General And Administration": 103554000.0,
        "Gross Profit": 79111000.0,
        "Cost Of Revenue": 8055000.0,
        "Total Revenue": 87166000.0,
        "Operating Revenue": 87166000.0
    },
    "2024-09-30": {
        "Tax Effect Of Unusual Items": 0.0,
        "Tax Rate For Calcs": 0.0,
        "Normalized EBITDA": -44172000.0,
        "Total Unusual Items": -16391000.0,
        "Total Unusual Items Excluding Goodwill": -16391000.0,
        "Net Income From Continuing Operation Net Minority Interest": -64602000.0,
        "Reconciled Depreciation": 2061000.0,
        "Reconciled Cost Of Revenue": 7982000.0,
        "EBITDA": -60563000.0,
        "EBIT": -62624000.0,
        "Net Interest Income": -1978000.0,
        "Interest Expense": 1978000.0,
        "Normalized Income": -48211000.0,
        "Net Income From Continuing And Discontinued Operation": -64602000.0,
        "Total Expenses": 150995000.0,
        "Total Operating Income As Reported": -62624000.0,
        "Diluted Average Shares": 48140519.0,
        "Basic Average Shares": 48140519.0,
        "Diluted EPS": -1.34,
        "Basic EPS": -1.34,
        "Diluted NI Availto Com Stockholders": -64602000.0,
        "Net Income Common Stockholders": -64602000.0,
        "Net Income": -64602000.0,
        "Net Income Including Noncontrolling Interests": -64602000.0,
        "Net Income Continuous Operations": -64602000.0,
        "Tax Provision": 0.0,
        "Pretax Income": -64602000.0,
        "Other Income Expense": -16391000.0,
        "Special Income Charges": -16391000.0,
        "Restructuring And Mergern Acquisition": 16391000.0,
        "Net Non Operating Interest Income Expense": -1978000.0,
        "Interest Expense Non Operating": 1978000.0,
        "Operating Income": -46233000.0,
        "Operating Expense": 142558000.0,
        "Depreciation Amortization Depletion Income Statement": 1606000.0,
        "Depreciation And Amortization In Income Statement": 1606000.0,
        "Amortization": 1606000.0,
        "Amortization Of Intangibles Income Statement": 1606000.0,
        "Research And Development": 45388000.0,
        "Selling General And Administration": 95564000.0,
        "Gross Profit": 96325000.0,
        "Cost Of Revenue": 8437000.0,
        "Total Revenue": 104762000.0,
        "Operating Revenue": 104762000.0
    },
    "2024-12-31": {
        "Tax Effect Of Unusual Items": -2306850.0,
        "Tax Rate For Calcs": 0.21,
        "Normalized EBITDA": -59559000.0,
        "Total Unusual Items": -10985000.0,
        "Total Unusual Items Excluding Goodwill": -10985000.0,
        "Net Income From Continuing Operation Net Minority Interest": -74912000.0,
        "Reconciled Depreciation": 2073000.0,
        "Reconciled Cost Of Revenue": 10048000.0,
        "EBITDA": -70544000.0,
        "EBIT": -72617000.0,
        "Net Interest Income": -2210000.0,
        "Interest Expense": 2210000.0,
        "Normalized Income": -66233850.0,
        "Net Income From Continuing And Discontinued Operation": -74912000.0,
        "Total Expenses": 180398000.0,
        "Total Operating Income As Reported": -72617000.0,
        "Diluted Average Shares": NaN,
        "Basic Average Shares": NaN,
        "Diluted EPS": NaN,
        "Basic EPS": NaN,
        "Diluted NI Availto Com Stockholders": -74912000.0,
        "Net Income Common Stockholders": -74912000.0,
        "Net Income": -74912000.0,
        "Net Income Including Noncontrolling Interests": -74912000.0,
        "Net Income Continuous Operations": -74912000.0,
        "Tax Provision": 85000.0,
        "Pretax Income": -74827000.0,
        "Other Income Expense": -10985000.0,
        "Special Income Charges": -10985000.0,
        "Restructuring And Mergern Acquisition": 10985000.0,
        "Net Non Operating Interest Income Expense": -2210000.0,
        "Interest Expense Non Operating": 2210000.0,
        "Operating Income": -61632000.0,
        "Operating Expense": 169884000.0,
        "Depreciation Amortization Depletion Income Statement": 1607000.0,
        "Depreciation And Amortization In Income Statement": 1607000.0,
        "Amortization": 1607000.0,
        "Amortization Of Intangibles Income Statement": 1607000.0,
        "Research And Development": 55006000.0,
        "Selling General And Administration": 113271000.0,
        "Gross Profit": 108252000.0,
        "Cost Of Revenue": 10514000.0,
        "Total Revenue": 118766000.0,
        "Operating Revenue": 118766000.0
    }
}