{
    "2023-03-31": {
        "Tax Effect Of Unusual Items": NaN,
        "Tax Rate For Calcs": NaN,
        "Normalized EBITDA": NaN,
        "Total Unusual Items": NaN,
        "Total Unusual Items Excluding Goodwill": NaN,
        "Net Income From Continuing Operation Net Minority Interest": NaN,
        "Reconciled Depreciation": NaN,
        "Reconciled Cost Of Revenue": 49285000.0,
        "EBITDA": NaN,
        "EBIT": NaN,
        "Net Interest Income": NaN,
        "Interest Expense": NaN,
        "Interest Income": NaN,
        "Normalized Income": NaN,
        "Net Income From Continuing And Discontinued Operation": NaN,
        "Total Expenses": NaN,
        "Rent Expense Supplemental": 3650000.0,
        "Total Operating Income As Reported": NaN,
        "Diluted Average Shares": 119712000.0,
        "Basic Average Shares": 116140000.0,
        "Diluted EPS": -0.09,
        "Basic EPS": -0.09,
        "Diluted NI Availto Com Stockholders": NaN,
        "Net Income Common Stockholders": NaN,
        "Net Income": NaN,
        "Minority Interests": NaN,
        "Net Income Including Noncontrolling Interests": NaN,
        "Net Income Continuous Operations": NaN,
        "Tax Provision": NaN,
        "Pretax Income": NaN,
        "Other Income Expense": NaN,
        "Special Income Charges": 7953000.0,
        "Other Special Charges": -7953000.0,
        "Earnings From Equity Interest": NaN,
        "Gain On Sale Of Security": NaN,
        "Net Non Operating Interest Income Expense": NaN,
        "Total Other Finance Cost": NaN,
        "Interest Expense Non Operating": NaN,
        "Interest Income Non Operating": NaN,
        "Operating Income": NaN,
        "Operating Expense": NaN,
        "Other Operating Expenses": NaN,
        "Other Taxes": 3598000.0,
        "Depreciation Amortization Depletion Income Statement": NaN,
        "Depreciation And Amortization In Income Statement": NaN,
        "Selling General And Administration": NaN,
        "General And Administrative Expense": NaN,
        "Other Gand A": 7646000.0,
        "Insurance And Claims": 10698000.0,
        "Rent And Landing Fees": 3650000.0,
        "Salaries And Wages": NaN,
        "Gross Profit": 193224000.0,
        "Cost Of Revenue": 49285000.0,
        "Total Revenue": NaN,
        "Operating Revenue": NaN
    },
    "2022-12-31": {
        "Tax Effect Of Unusual Items": NaN,
        "Tax Rate For Calcs": NaN,
        "Normalized EBITDA": NaN,
        "Total Unusual Items": NaN,
        "Total Unusual Items Excluding Goodwill": NaN,
        "Net Income From Continuing Operation Net Minority Interest": NaN,
        "Reconciled Depreciation": NaN,
        "Reconciled Cost Of Revenue": NaN,
        "EBITDA": NaN,
        "EBIT": NaN,
        "Net Interest Income": NaN,
        "Interest Expense": NaN,
        "Interest Income": NaN,
        "Normalized Income": NaN,
        "Net Income From Continuing And Discontinued Operation": NaN,
        "Total Expenses": NaN,
        "Rent Expense Supplemental": NaN,
        "Total Operating Income As Reported": NaN,
        "Diluted Average Shares": 119402000.0,
        "Basic Average Shares": 116055000.0,
        "Diluted EPS": 0.03,
        "Basic EPS": 0.03,
        "Diluted NI Availto Com Stockholders": NaN,
        "Net Income Common Stockholders": NaN,
        "Net Income": NaN,
        "Minority Interests": NaN,
        "Net Income Including Noncontrolling Interests": NaN,
        "Net Income Continuous Operations": NaN,
        "Tax Provision": NaN,
        "Pretax Income": NaN,
        "Other Income Expense": NaN,
        "Special Income Charges": NaN,
        "Other Special Charges": NaN,
        "Earnings From Equity Interest": NaN,
        "Gain On Sale Of Security": NaN,
        "Net Non Operating Interest Income Expense": NaN,
        "Total Other Finance Cost": NaN,
        "Interest Expense Non Operating": NaN,
        "Interest Income Non Operating": NaN,
        "Operating Income": NaN,
        "Operating Expense": NaN,
        "Other Operating Expenses": NaN,
        "Other Taxes": NaN,
        "Depreciation Amortization Depletion Income Statement": NaN,
        "Depreciation And Amortization In Income Statement": NaN,
        "Selling General And Administration": NaN,
        "General And Administrative Expense": NaN,
        "Other Gand A": NaN,
        "Insurance And Claims": NaN,
        "Rent And Landing Fees": NaN,
        "Salaries And Wages": NaN,
        "Gross Profit": NaN,
        "Cost Of Revenue": NaN,
        "Total Revenue": NaN,
        "Operating Revenue": NaN
    },
    "2022-09-30": {
        "Tax Effect Of Unusual Items": NaN,
        "Tax Rate For Calcs": NaN,
        "Normalized EBITDA": NaN,
        "Total Unusual Items": NaN,
        "Total Unusual Items Excluding Goodwill": NaN,
        "Net Income From Continuing Operation Net Minority Interest": NaN,
        "Reconciled Depreciation": NaN,
        "Reconciled Cost Of Revenue": NaN,
        "EBITDA": NaN,
        "EBIT": NaN,
        "Net Interest Income": NaN,
        "Interest Expense": NaN,
        "Interest Income": NaN,
        "Normalized Income": NaN,
        "Net Income From Continuing And Discontinued Operation": NaN,
        "Total Expenses": NaN,
        "Rent Expense Supplemental": NaN,
        "Total Operating Income As Reported": NaN,
        "Diluted Average Shares": 119769000.0,
        "Basic Average Shares": 115604000.0,
        "Diluted EPS": -0.13,
        "Basic EPS": -0.12,
        "Diluted NI Availto Com Stockholders": NaN,
        "Net Income Common Stockholders": NaN,
        "Net Income": NaN,
        "Minority Interests": NaN,
        "Net Income Including Noncontrolling Interests": NaN,
        "Net Income Continuous Operations": NaN,
        "Tax Provision": NaN,
        "Pretax Income": NaN,
        "Other Income Expense": NaN,
        "Special Income Charges": NaN,
        "Other Special Charges": NaN,
        "Earnings From Equity Interest": NaN,
        "Gain On Sale Of Security": NaN,
        "Net Non Operating Interest Income Expense": NaN,
        "Total Other Finance Cost": NaN,
        "Interest Expense Non Operating": NaN,
        "Interest Income Non Operating": NaN,
        "Operating Income": NaN,
        "Operating Expense": NaN,
        "Other Operating Expenses": NaN,
        "Other Taxes": NaN,
        "Depreciation Amortization Depletion Income Statement": NaN,
        "Depreciation And Amortization In Income Statement": NaN,
        "Selling General And Administration": NaN,
        "General And Administrative Expense": NaN,
        "Other Gand A": NaN,
        "Insurance And Claims": NaN,
        "Rent And Landing Fees": NaN,
        "Salaries And Wages": NaN,
        "Gross Profit": NaN,
        "Cost Of Revenue": NaN,
        "Total Revenue": NaN,
        "Operating Revenue": NaN
    },
    "2022-06-30": {
        "Tax Effect Of Unusual Items": -1610739.966009,
        "Tax Rate For Calcs": 0.325402,
        "Normalized EBITDA": 221920000.0,
        "Total Unusual Items": -4950000.0,
        "Total Unusual Items Excluding Goodwill": -4950000.0,
        "Net Income From Continuing Operation Net Minority Interest": 16112000.0,
        "Reconciled Depreciation": 116884000.0,
        "Reconciled Cost Of Revenue": 57353000.0,
        "EBITDA": 216970000.0,
        "EBIT": 100086000.0,
        "Net Interest Income": -68427000.0,
        "Interest Expense": 69490000.0,
        "Interest Income": 316000.0,
        "Normalized Income": 19451260.033991,
        "Net Income From Continuing And Discontinued Operation": 16112000.0,
        "Total Expenses": 213961000.0,
        "Rent Expense Supplemental": 2780000.0,
        "Total Operating Income As Reported": 95806000.0,
        "Diluted Average Shares": 118693000.0,
        "Basic Average Shares": 114333000.0,
        "Diluted EPS": 0.14,
        "Basic EPS": 0.14,
        "Diluted NI Availto Com Stockholders": 16112000.0,
        "Net Income Common Stockholders": 16112000.0,
        "Net Income": 16112000.0,
        "Minority Interests": -4528000.0,
        "Net Income Including Noncontrolling Interests": 20640000.0,
        "Net Income Continuous Operations": 20640000.0,
        "Tax Provision": 9956000.0,
        "Pretax Income": 30596000.0,
        "Other Income Expense": 5152000.0,
        "Special Income Charges": 1935000.0,
        "Other Special Charges": -1935000.0,
        "Earnings From Equity Interest": 10102000.0,
        "Gain On Sale Of Security": -6885000.0,
        "Net Non Operating Interest Income Expense": -68427000.0,
        "Total Other Finance Cost": -747000.0,
        "Interest Expense Non Operating": 69490000.0,
        "Interest Income Non Operating": 316000.0,
        "Operating Income": 93871000.0,
        "Operating Expense": 156608000.0,
        "Other Operating Expenses": -10858000.0,
        "Other Taxes": 4028000.0,
        "Depreciation Amortization Depletion Income Statement": 116884000.0,
        "Depreciation And Amortization In Income Statement": 116884000.0,
        "Selling General And Administration": 46554000.0,
        "General And Administrative Expense": 46554000.0,
        "Other Gand A": 11115000.0,
        "Insurance And Claims": 12017000.0,
        "Rent And Landing Fees": 2780000.0,
        "Salaries And Wages": 20642000.0,
        "Gross Profit": 250479000.0,
        "Cost Of Revenue": 57353000.0,
        "Total Revenue": 307832000.0,
        "Operating Revenue": 307832000.0
    },
    "2023-06-30": {
        "Tax Effect Of Unusual Items": NaN,
        "Tax Rate For Calcs": NaN,
        "Normalized EBITDA": NaN,
        "Total Unusual Items": NaN,
        "Total Unusual Items Excluding Goodwill": NaN,
        "Net Income From Continuing Operation Net Minority Interest": NaN,
        "Reconciled Depreciation": NaN,
        "Reconciled Cost Of Revenue": 47728000.0,
        "EBITDA": NaN,
        "EBIT": NaN,
        "Net Interest Income": NaN,
        "Interest Expense": NaN,
        "Interest Income": NaN,
        "Normalized Income": NaN,
        "Net Income From Continuing And Discontinued Operation": NaN,
        "Total Expenses": NaN,
        "Rent Expense Supplemental": 2953000.0,
        "Total Operating Income As Reported": NaN,
        "Diluted Average Shares": 119722000.0,
        "Basic Average Shares": 116153000.0,
        "Diluted EPS": 0.31,
        "Basic EPS": 0.31,
        "Diluted NI Availto Com Stockholders": NaN,
        "Net Income Common Stockholders": NaN,
        "Net Income": NaN,
        "Minority Interests": NaN,
        "Net Income Including Noncontrolling Interests": NaN,
        "Net Income Continuous Operations": NaN,
        "Tax Provision": NaN,
        "Pretax Income": NaN,
        "Other Income Expense": NaN,
        "Special Income Charges": 3177000.0,
        "Other Special Charges": -3177000.0,
        "Earnings From Equity Interest": NaN,
        "Gain On Sale Of Security": NaN,
        "Net Non Operating Interest Income Expense": NaN,
        "Total Other Finance Cost": NaN,
        "Interest Expense Non Operating": NaN,
        "Interest Income Non Operating": NaN,
        "Operating Income": NaN,
        "Operating Expense": NaN,
        "Other Operating Expenses": NaN,
        "Other Taxes": 4253000.0,
        "Depreciation Amortization Depletion Income Statement": NaN,
        "Depreciation And Amortization In Income Statement": NaN,
        "Selling General And Administration": NaN,
        "General And Administrative Expense": NaN,
        "Other Gand A": 12850000.0,
        "Insurance And Claims": 10302000.0,
        "Rent And Landing Fees": 2953000.0,
        "Salaries And Wages": NaN,
        "Gross Profit": 264382000.0,
        "Cost Of Revenue": 47728000.0,
        "Total Revenue": NaN,
        "Operating Revenue": NaN
    },
    "2023-09-30": {
        "Tax Effect Of Unusual Items": -29450.0,
        "Tax Rate For Calcs": 0.19,
        "Normalized EBITDA": 215537000.0,
        "Total Unusual Items": -155000.0,
        "Total Unusual Items Excluding Goodwill": -155000.0,
        "Net Income From Continuing Operation Net Minority Interest": 21389000.0,
        "Reconciled Depreciation": 103384000.0,
        "Reconciled Cost Of Revenue": 43962000.0,
        "EBITDA": 215382000.0,
        "EBIT": 111998000.0,
        "Net Interest Income": -78382000.0,
        "Interest Expense": 80138000.0,
        "Interest Income": 6824000.0,
        "Normalized Income": 21514550.0,
        "Net Income From Continuing And Discontinued Operation": 21389000.0,
        "Total Expenses": 189620000.0,
        "Rent Expense Supplemental": 3189000.0,
        "Total Operating Income As Reported": 114344000.0,
        "Diluted Average Shares": 119719000.0,
        "Basic Average Shares": 116154000.0,
        "Diluted EPS": 0.18,
        "Basic EPS": 0.18,
        "Diluted NI Availto Com Stockholders": 21389000.0,
        "Net Income Common Stockholders": 21389000.0,
        "Net Income": 21389000.0,
        "Minority Interests": 3284000.0,
        "Net Income Including Noncontrolling Interests": 18105000.0,
        "Net Income Continuous Operations": 18105000.0,
        "Tax Provision": 13755000.0,
        "Pretax Income": 31860000.0,
        "Other Income Expense": -4102000.0,
        "Special Income Charges": 2200000.0,
        "Other Special Charges": -2200000.0,
        "Earnings From Equity Interest": -3947000.0,
        "Gain On Sale Of Security": -155000.0,
        "Net Non Operating Interest Income Expense": -78382000.0,
        "Total Other Finance Cost": 5068000.0,
        "Interest Expense Non Operating": 80138000.0,
        "Interest Income Non Operating": 6824000.0,
        "Operating Income": 114344000.0,
        "Operating Expense": 189620000.0,
        "Other Operating Expenses": 59720000.0,
        "Other Taxes": 3639000.0,
        "Depreciation Amortization Depletion Income Statement": 103384000.0,
        "Depreciation And Amortization In Income Statement": 103384000.0,
        "Selling General And Administration": 26516000.0,
        "General And Administrative Expense": 26516000.0,
        "Other Gand A": 10847000.0,
        "Insurance And Claims": 10052000.0,
        "Rent And Landing Fees": 3189000.0,
        "Salaries And Wages": 26516000.0,
        "Gross Profit": 260002000.0,
        "Cost Of Revenue": 43962000.0,
        "Total Revenue": 303964000.0,
        "Operating Revenue": 303964000.0
    },
    "2023-12-31": {
        "Tax Effect Of Unusual Items": 11471060.0,
        "Tax Rate For Calcs": 0.19,
        "Normalized EBITDA": 131414000.0,
        "Total Unusual Items": 60374000.0,
        "Total Unusual Items Excluding Goodwill": 60374000.0,
        "Net Income From Continuing Operation Net Minority Interest": -2670000.0,
        "Reconciled Depreciation": 107769000.0,
        "Reconciled Cost Of Revenue": 62669000.0,
        "EBITDA": 191788000.0,
        "EBIT": 84019000.0,
        "Net Interest Income": -104693000.0,
        "Interest Expense": 107264000.0,
        "Interest Income": 7243000.0,
        "Normalized Income": -51572940.0,
        "Net Income From Continuing And Discontinued Operation": -2670000.0,
        "Total Expenses": 226539000.0,
        "Rent Expense Supplemental": 4611000.0,
        "Total Operating Income As Reported": 50503000.0,
        "Diluted Average Shares": NaN,
        "Basic Average Shares": NaN,
        "Diluted EPS": NaN,
        "Basic EPS": NaN,
        "Diluted NI Availto Com Stockholders": -2670000.0,
        "Net Income Common Stockholders": -2670000.0,
        "Net Income": -2670000.0,
        "Minority Interests": 9778000.0,
        "Net Income Including Noncontrolling Interests": -12448000.0,
        "Net Income Continuous Operations": -12448000.0,
        "Tax Provision": -10797000.0,
        "Pretax Income": -23245000.0,
        "Other Income Expense": 66676000.0,
        "Special Income Charges": 22401000.0,
        "Other Special Charges": -22401000.0,
        "Earnings From Equity Interest": 6302000.0,
        "Gain On Sale Of Security": 24643000.0,
        "Net Non Operating Interest Income Expense": -104693000.0,
        "Total Other Finance Cost": 4672000.0,
        "Interest Expense Non Operating": 107264000.0,
        "Interest Income Non Operating": 7243000.0,
        "Operating Income": 14772000.0,
        "Operating Expense": 22895000.0,
        "Other Operating Expenses": -214083000.0,
        "Other Taxes": 3541000.0,
        "Depreciation Amortization Depletion Income Statement": 107769000.0,
        "Depreciation And Amortization In Income Statement": 107769000.0,
        "Selling General And Administration": 114178000.0,
        "General And Administrative Expense": 114178000.0,
        "Other Gand A": -687000.0,
        "Insurance And Claims": 10035000.0,
        "Rent And Landing Fees": 4611000.0,
        "Salaries And Wages": 28032000.0,
        "Gross Profit": 178642000.0,
        "Cost Of Revenue": 62669000.0,
        "Total Revenue": 241311000.0,
        "Operating Revenue": 241311000.0
    },
    "2024-03-31": {
        "Tax Effect Of Unusual Items": 3442750.0,
        "Tax Rate For Calcs": 0.25,
        "Normalized EBITDA": 152270000.0,
        "Total Unusual Items": 13771000.0,
        "Total Unusual Items Excluding Goodwill": 13771000.0,
        "Net Income From Continuing Operation Net Minority Interest": -5392000.0,
        "Reconciled Depreciation": 107036000.0,
        "Reconciled Cost Of Revenue": 53877000.0,
        "EBITDA": 166041000.0,
        "EBIT": 59005000.0,
        "Net Interest Income": -85789000.0,
        "Interest Expense": 87011000.0,
        "Interest Income": 5847000.0,
        "Normalized Income": -15720250.0,
        "Net Income From Continuing And Discontinued Operation": -5392000.0,
        "Total Expenses": 205872000.0,
        "Rent Expense Supplemental": 3668000.0,
        "Total Operating Income As Reported": 44669000.0,
        "Diluted Average Shares": 119768000.0,
        "Basic Average Shares": 116159000.0,
        "Diluted EPS": -0.05,
        "Basic EPS": -0.05,
        "Diluted NI Availto Com Stockholders": -5392000.0,
        "Net Income Common Stockholders": -5392000.0,
        "Net Income": -5392000.0,
        "Minority Interests": -6000.0,
        "Net Income Including Noncontrolling Interests": -5386000.0,
        "Net Income Continuous Operations": -5386000.0,
        "Tax Provision": -22620000.0,
        "Pretax Income": -28006000.0,
        "Other Income Expense": 20722000.0,
        "Special Income Charges": 7608000.0,
        "Other Special Charges": -7608000.0,
        "Earnings From Equity Interest": 6951000.0,
        "Gain On Sale Of Security": 6163000.0,
        "Net Non Operating Interest Income Expense": -85789000.0,
        "Total Other Finance Cost": 4625000.0,
        "Interest Expense Non Operating": 87011000.0,
        "Interest Income Non Operating": 5847000.0,
        "Operating Income": 37061000.0,
        "Operating Expense": 151995000.0,
        "Other Operating Expenses": -10997000.0,
        "Other Taxes": 6030000.0,
        "Depreciation Amortization Depletion Income Statement": 107036000.0,
        "Depreciation And Amortization In Income Statement": 107036000.0,
        "Selling General And Administration": 49926000.0,
        "General And Administrative Expense": 49926000.0,
        "Other Gand A": 7502000.0,
        "Insurance And Claims": 10245000.0,
        "Rent And Landing Fees": 3668000.0,
        "Salaries And Wages": 28511000.0,
        "Gross Profit": 189056000.0,
        "Cost Of Revenue": 53877000.0,
        "Total Revenue": 242933000.0,
        "Operating Revenue": 242933000.0
    },
    "2024-06-30": {
        "Tax Effect Of Unusual Items": -771000.0,
        "Tax Rate For Calcs": 0.25,
        "Normalized EBITDA": 243066000.0,
        "Total Unusual Items": -3084000.0,
        "Total Unusual Items Excluding Goodwill": -3084000.0,
        "Net Income From Continuing Operation Net Minority Interest": 21425000.0,
        "Reconciled Depreciation": 103181000.0,
        "Reconciled Cost Of Revenue": NaN,
        "EBITDA": 239982000.0,
        "EBIT": 136801000.0,
        "Net Interest Income": -83620000.0,
        "Interest Expense": 82580000.0,
        "Interest Income": 5355000.0,
        "Normalized Income": 23738000.0,
        "Net Income From Continuing And Discontinued Operation": 21425000.0,
        "Total Expenses": 195246000.0,
        "Rent Expense Supplemental": NaN,
        "Total Operating Income As Reported": 133016000.0,
        "Diluted Average Shares": 120072000.0,
        "Basic Average Shares": 116159000.0,
        "Diluted EPS": 0.18,
        "Basic EPS": 0.18,
        "Diluted NI Availto Com Stockholders": 21425000.0,
        "Net Income Common Stockholders": 21425000.0,
        "Net Income": 21425000.0,
        "Minority Interests": -6234000.0,
        "Net Income Including Noncontrolling Interests": 27659000.0,
        "Net Income Continuous Operations": 27659000.0,
        "Tax Provision": 26562000.0,
        "Pretax Income": 54221000.0,
        "Other Income Expense": 4825000.0,
        "Special Income Charges": NaN,
        "Other Special Charges": NaN,
        "Earnings From Equity Interest": 7909000.0,
        "Gain On Sale Of Security": -3084000.0,
        "Net Non Operating Interest Income Expense": -83620000.0,
        "Total Other Finance Cost": 6395000.0,
        "Interest Expense Non Operating": 82580000.0,
        "Interest Income Non Operating": 5355000.0,
        "Operating Income": 133016000.0,
        "Operating Expense": 195246000.0,
        "Other Operating Expenses": 63856000.0,
        "Other Taxes": NaN,
        "Depreciation Amortization Depletion Income Statement": 103181000.0,
        "Depreciation And Amortization In Income Statement": 103181000.0,
        "Selling General And Administration": 28209000.0,
        "General And Administrative Expense": 28209000.0,
        "Other Gand A": NaN,
        "Insurance And Claims": NaN,
        "Rent And Landing Fees": NaN,
        "Salaries And Wages": 28209000.0,
        "Gross Profit": NaN,
        "Cost Of Revenue": NaN,
        "Total Revenue": 328262000.0,
        "Operating Revenue": 328262000.0
    },
    "2024-09-30": {
        "Tax Effect Of Unusual Items": 11360000.0,
        "Tax Rate For Calcs": 0.25,
        "Normalized EBITDA": 212412000.0,
        "Total Unusual Items": 45440000.0,
        "Total Unusual Items Excluding Goodwill": 45440000.0,
        "Net Income From Continuing Operation Net Minority Interest": 16643000.0,
        "Reconciled Depreciation": 115361000.0,
        "Reconciled Cost Of Revenue": NaN,
        "EBITDA": 257852000.0,
        "EBIT": 142491000.0,
        "Net Interest Income": -105064000.0,
        "Interest Expense": 100629000.0,
        "Interest Income": 4864000.0,
        "Normalized Income": -17437000.0,
        "Net Income From Continuing And Discontinued Operation": 16643000.0,
        "Total Expenses": 246325000.0,
        "Rent Expense Supplemental": NaN,
        "Total Operating Income As Reported": 129980000.0,
        "Diluted Average Shares": NaN,
        "Basic Average Shares": NaN,
        "Diluted EPS": NaN,
        "Basic EPS": NaN,
        "Diluted NI Availto Com Stockholders": 16643000.0,
        "Net Income Common Stockholders": 16643000.0,
        "Net Income": 16643000.0,
        "Minority Interests": -242000.0,
        "Net Income Including Noncontrolling Interests": 16885000.0,
        "Net Income Continuous Operations": 16885000.0,
        "Tax Provision": 24977000.0,
        "Pretax Income": 41862000.0,
        "Other Income Expense": 45702000.0,
        "Special Income Charges": NaN,
        "Other Special Charges": NaN,
        "Earnings From Equity Interest": 262000.0,
        "Gain On Sale Of Security": 16684000.0,
        "Net Non Operating Interest Income Expense": -105064000.0,
        "Total Other Finance Cost": 9299000.0,
        "Interest Expense Non Operating": 100629000.0,
        "Interest Income Non Operating": 4864000.0,
        "Operating Income": 101224000.0,
        "Operating Expense": 82809000.0,
        "Other Operating Expenses": -154627000.0,
        "Other Taxes": NaN,
        "Depreciation Amortization Depletion Income Statement": 115361000.0,
        "Depreciation And Amortization In Income Statement": 115361000.0,
        "Selling General And Administration": 98408000.0,
        "General And Administrative Expense": 98408000.0,
        "Other Gand A": NaN,
        "Insurance And Claims": NaN,
        "Rent And Landing Fees": NaN,
        "Salaries And Wages": 28454000.0,
        "Gross Profit": NaN,
        "Cost Of Revenue": NaN,
        "Total Revenue": 347549000.0,
        "Operating Revenue": 347549000.0
    }
}