{
    "2023-03-31": {
        "Tax Effect Of Unusual Items": NaN,
        "Tax Rate For Calcs": NaN,
        "Normalized EBITDA": NaN,
        "Total Unusual Items": NaN,
        "Total Unusual Items Excluding Goodwill": NaN,
        "Net Income From Continuing Operation Net Minority Interest": NaN,
        "Reconciled Depreciation": NaN,
        "Reconciled Cost Of Revenue": NaN,
        "EBITDA": NaN,
        "EBIT": NaN,
        "Net Interest Income": NaN,
        "Interest Income": NaN,
        "Normalized Income": NaN,
        "Net Income From Continuing And Discontinued Operation": NaN,
        "Total Expenses": NaN,
        "Total Operating Income As Reported": NaN,
        "Diluted Average Shares": NaN,
        "Basic Average Shares": NaN,
        "Diluted EPS": NaN,
        "Basic EPS": NaN,
        "Diluted NI Availto Com Stockholders": NaN,
        "Average Dilution Earnings": NaN,
        "Net Income Common Stockholders": NaN,
        "Otherunder Preferred Stock Dividend": NaN,
        "Preferred Stock Dividends": NaN,
        "Net Income": NaN,
        "Net Income Including Noncontrolling Interests": NaN,
        "Net Income Continuous Operations": NaN,
        "Tax Provision": NaN,
        "Pretax Income": NaN,
        "Other Income Expense": NaN,
        "Other Non Operating Income Expenses": 61698.0,
        "Gain On Sale Of Security": NaN,
        "Net Non Operating Interest Income Expense": NaN,
        "Interest Income Non Operating": NaN,
        "Operating Income": NaN,
        "Operating Expense": NaN,
        "Research And Development": NaN,
        "Selling General And Administration": NaN,
        "Selling And Marketing Expense": NaN,
        "General And Administrative Expense": NaN,
        "Other Gand A": NaN,
        "Gross Profit": NaN,
        "Cost Of Revenue": NaN,
        "Total Revenue": NaN,
        "Operating Revenue": NaN
    },
    "2022-12-31": {
        "Tax Effect Of Unusual Items": NaN,
        "Tax Rate For Calcs": NaN,
        "Normalized EBITDA": NaN,
        "Total Unusual Items": NaN,
        "Total Unusual Items Excluding Goodwill": NaN,
        "Net Income From Continuing Operation Net Minority Interest": NaN,
        "Reconciled Depreciation": NaN,
        "Reconciled Cost Of Revenue": NaN,
        "EBITDA": NaN,
        "EBIT": NaN,
        "Net Interest Income": NaN,
        "Interest Expense": 0.0,
        "Interest Income": NaN,
        "Normalized Income": NaN,
        "Net Income From Continuing And Discontinued Operation": NaN,
        "Total Expenses": NaN,
        "Total Operating Income As Reported": NaN,
        "Diluted Average Shares": NaN,
        "Basic Average Shares": NaN,
        "Diluted EPS": NaN,
        "Basic EPS": NaN,
        "Diluted NI Availto Com Stockholders": NaN,
        "Average Dilution Earnings": NaN,
        "Net Income Common Stockholders": NaN,
        "Otherunder Preferred Stock Dividend": NaN,
        "Preferred Stock Dividends": NaN,
        "Net Income": NaN,
        "Net Income Including Noncontrolling Interests": NaN,
        "Net Income Continuous Operations": NaN,
        "Tax Provision": NaN,
        "Pretax Income": NaN,
        "Other Income Expense": NaN,
        "Other Non Operating Income Expenses": NaN,
        "Gain On Sale Of Security": NaN,
        "Net Non Operating Interest Income Expense": NaN,
        "Interest Expense Non Operating": 0.0,
        "Interest Income Non Operating": NaN,
        "Operating Income": NaN,
        "Operating Expense": NaN,
        "Research And Development": NaN,
        "Selling General And Administration": NaN,
        "Selling And Marketing Expense": NaN,
        "General And Administrative Expense": NaN,
        "Other Gand A": NaN,
        "Gross Profit": NaN,
        "Cost Of Revenue": NaN,
        "Total Revenue": NaN,
        "Operating Revenue": NaN
    },
    "2022-09-30": {
        "Tax Effect Of Unusual Items": NaN,
        "Tax Rate For Calcs": NaN,
        "Normalized EBITDA": NaN,
        "Total Unusual Items": NaN,
        "Total Unusual Items Excluding Goodwill": NaN,
        "Net Income From Continuing Operation Net Minority Interest": NaN,
        "Reconciled Depreciation": NaN,
        "Reconciled Cost Of Revenue": NaN,
        "EBITDA": NaN,
        "EBIT": NaN,
        "Net Interest Income": NaN,
        "Interest Expense": 0.0,
        "Interest Income": NaN,
        "Normalized Income": NaN,
        "Net Income From Continuing And Discontinued Operation": NaN,
        "Total Expenses": NaN,
        "Total Operating Income As Reported": NaN,
        "Diluted Average Shares": 4636829.0,
        "Basic Average Shares": 4636829.0,
        "Diluted EPS": -1.23,
        "Basic EPS": -1.23,
        "Diluted NI Availto Com Stockholders": NaN,
        "Net Income Common Stockholders": NaN,
        "Otherunder Preferred Stock Dividend": 0.0,
        "Preferred Stock Dividends": NaN,
        "Net Income": NaN,
        "Net Income Including Noncontrolling Interests": NaN,
        "Net Income Continuous Operations": NaN,
        "Pretax Income": NaN,
        "Other Income Expense": NaN,
        "Other Non Operating Income Expenses": 51792.0,
        "Gain On Sale Of Security": NaN,
        "Net Non Operating Interest Income Expense": NaN,
        "Interest Expense Non Operating": 0.0,
        "Interest Income Non Operating": NaN,
        "Operating Income": NaN,
        "Operating Expense": NaN,
        "Research And Development": NaN,
        "Selling General And Administration": NaN,
        "Selling And Marketing Expense": NaN,
        "General And Administrative Expense": NaN,
        "Other Gand A": NaN,
        "Gross Profit": NaN,
        "Cost Of Revenue": NaN,
        "Total Revenue": NaN,
        "Operating Revenue": NaN
    },
    "2022-06-30": {
        "Tax Effect Of Unusual Items": 0.0,
        "Tax Rate For Calcs": 0.0,
        "Normalized EBITDA": -5765162.0,
        "Total Unusual Items": -13479.0,
        "Total Unusual Items Excluding Goodwill": -13479.0,
        "Net Income From Continuing Operation Net Minority Interest": -5974448.0,
        "Reconciled Depreciation": 195807.0,
        "Reconciled Cost Of Revenue": 2827512.0,
        "EBITDA": -5778641.0,
        "EBIT": -5974448.0,
        "Net Interest Income": 0.0,
        "Interest Expense": 0.0,
        "Interest Income": NaN,
        "Normalized Income": -5960969.0,
        "Net Income From Continuing And Discontinued Operation": -5974448.0,
        "Total Expenses": 6953235.0,
        "Total Operating Income As Reported": -5971675.0,
        "Diluted Average Shares": 36982436.0,
        "Basic Average Shares": 36982436.0,
        "Diluted EPS": -0.16,
        "Basic EPS": -0.16,
        "Diluted NI Availto Com Stockholders": -5974448.0,
        "Net Income Common Stockholders": -5974448.0,
        "Net Income": -5974448.0,
        "Net Income Including Noncontrolling Interests": -5974448.0,
        "Net Income Continuous Operations": -5974448.0,
        "Pretax Income": -5974448.0,
        "Other Income Expense": -2773.0,
        "Other Non Operating Income Expenses": 10706.0,
        "Gain On Sale Of Security": -13479.0,
        "Net Non Operating Interest Income Expense": 0.0,
        "Interest Expense Non Operating": 0.0,
        "Interest Income Non Operating": NaN,
        "Operating Income": -5971675.0,
        "Operating Expense": 4125723.0,
        "Research And Development": 1046797.0,
        "Selling General And Administration": 3078926.0,
        "Selling And Marketing Expense": 337226.0,
        "General And Administrative Expense": 2741700.0,
        "Other Gand A": 2741700.0,
        "Gross Profit": -1845952.0,
        "Cost Of Revenue": 2827512.0,
        "Total Revenue": 981560.0,
        "Operating Revenue": 981560.0
    },
    "2022-03-31": {
        "Diluted EPS": -0.12,
        "Total Revenue": 1,
        "Gross Profit": 0,
        "Operating Income": -5,
        "EBIT": -4,
        "Net Income": -5
    },
    "2021-12-31": {
        "Diluted EPS": -0.21,
        "Total Revenue": 1,
        "Gross Profit": -2,
        "Operating Income": -8,
        "EBIT": -8,
        "Net Income": -8
    },
    "2021-09-30": {
        "Diluted EPS": -0.33,
        "Total Revenue": 1,
        "Gross Profit": 0,
        "Operating Income": -12,
        "EBIT": -12,
        "Net Income": -12
    },
    "2021-06-30": {
        "Diluted EPS": -0.22,
        "Total Revenue": 1,
        "Gross Profit": 0,
        "Operating Income": -8,
        "EBIT": -7,
        "Net Income": -8
    },
    "2021-03-31": {
        "Diluted EPS": -0.18,
        "Total Revenue": 1,
        "Gross Profit": 0,
        "Operating Income": -6,
        "EBIT": -5,
        "Net Income": -6
    },
    "2020-12-31": {
        "Diluted EPS": 0.03,
        "Total Revenue": 1,
        "Gross Profit": 0,
        "Operating Income": -5,
        "EBIT": -5,
        "Net Income": -5
    },
    "2020-09-30": {
        "Diluted EPS": -0.13,
        "Total Revenue": 0,
        "Gross Profit": 0,
        "Operating Income": -2,
        "EBIT": -2,
        "Net Income": -3
    },
    "2020-06-30": {
        "Diluted EPS": -0.18,
        "Total Revenue": 0,
        "Gross Profit": 0,
        "Operating Income": -1,
        "EBIT": -1,
        "Net Income": -2
    },
    "2020-03-31": {
        "Diluted EPS": -0.45,
        "Total Revenue": 0,
        "Gross Profit": 0,
        "Operating Income": -2,
        "EBIT": -1,
        "Net Income": -2
    },
    "2019-12-31": {
        "Diluted EPS": 3.12,
        "Total Revenue": 0,
        "Gross Profit": 0,
        "Operating Income": -4,
        "EBIT": -4,
        "Net Income": -3
    },
    "2019-09-30": {
        "Diluted EPS": -0.77,
        "Total Revenue": 0,
        "Gross Profit": 0,
        "Operating Income": -2,
        "EBIT": -2,
        "Net Income": -2
    },
    "2019-06-30": {
        "Diluted EPS": -0.65,
        "Total Revenue": 0,
        "Gross Profit": 0,
        "Operating Income": -2,
        "EBIT": -2,
        "Net Income": -2
    },
    "2019-03-31": {
        "Diluted EPS": -4.65,
        "Total Revenue": NaN,
        "Gross Profit": NaN,
        "Operating Income": -1,
        "EBIT": -1,
        "Net Income": -2
    },
    "2018-12-31": {
        "Diluted EPS": -20.45,
        "Total Revenue": 1,
        "Gross Profit": 0,
        "Operating Income": -3,
        "EBIT": -3,
        "Net Income": -7
    },
    "2018-09-30": {
        "Diluted EPS": -15.15,
        "Total Revenue": 1,
        "Gross Profit": 0,
        "Operating Income": -3,
        "EBIT": -3,
        "Net Income": -4
    },
    "2018-06-30": {
        "Diluted EPS": -16.2,
        "Total Revenue": 2,
        "Gross Profit": -1,
        "Operating Income": -4,
        "EBIT": -4,
        "Net Income": -4
    },
    "2018-03-31": {
        "Diluted EPS": -22.2,
        "Total Revenue": 2,
        "Gross Profit": -1,
        "Operating Income": -4,
        "EBIT": -3,
        "Net Income": -4
    },
    "2017-12-31": {
        "Diluted EPS": -34.1,
        "Total Revenue": 1,
        "Gross Profit": 0,
        "Operating Income": -2,
        "EBIT": -1,
        "Net Income": -3
    },
    "2017-10-31": {
        "Diluted EPS": -40.79,
        "Total Revenue": 4,
        "Gross Profit": 1,
        "Operating Income": 0,
        "EBIT": 0,
        "Net Income": -1
    },
    "2017-09-30": {
        "Diluted EPS": -41.35,
        "Total Revenue": 1,
        "Gross Profit": 0,
        "Operating Income": -3,
        "EBIT": -3,
        "Net Income": -3
    },
    "2017-07-31": {
        "Diluted EPS": -15.6,
        "Total Revenue": 4,
        "Gross Profit": 1,
        "Operating Income": 0,
        "EBIT": -1,
        "Net Income": 0
    },
    "2017-06-30": {
        "Diluted EPS": -30.4,
        "Total Revenue": 1,
        "Gross Profit": 0,
        "Operating Income": -1,
        "EBIT": -1,
        "Net Income": -2
    },
    "2017-04-30": {
        "Diluted EPS": 0.0,
        "Total Revenue": NaN,
        "Gross Profit": NaN,
        "Operating Income": NaN,
        "EBIT": NaN,
        "Net Income": NaN
    },
    "2017-03-31": {
        "Diluted EPS": -7.2,
        "Total Revenue": 1,
        "Gross Profit": 0,
        "Operating Income": 0,
        "EBIT": 0,
        "Net Income": 0
    },
    "2017-01-31": {
        "Diluted EPS": -39.59,
        "Total Revenue": 4,
        "Gross Profit": 1,
        "Operating Income": 0,
        "EBIT": 0,
        "Net Income": -1
    },
    "2016-10-31": {
        "Diluted EPS": -18.0,
        "Total Revenue": 5,
        "Gross Profit": 1,
        "Operating Income": -1,
        "EBIT": -1,
        "Net Income": 0
    },
    "2016-07-31": {
        "Diluted EPS": 16.8,
        "Total Revenue": 3,
        "Gross Profit": 1,
        "Operating Income": -1,
        "EBIT": -1,
        "Net Income": 1
    },
    "2016-04-30": {
        "Diluted EPS": 0.0,
        "Total Revenue": NaN,
        "Gross Profit": NaN,
        "Operating Income": NaN,
        "EBIT": NaN,
        "Net Income": NaN
    },
    "2016-01-31": {
        "Diluted EPS": -56.39,
        "Total Revenue": 3,
        "Gross Profit": 1,
        "Operating Income": -1,
        "EBIT": -1,
        "Net Income": -1
    },
    "2015-10-31": {
        "Diluted EPS": -98.38,
        "Total Revenue": 4,
        "Gross Profit": 1,
        "Operating Income": -2,
        "EBIT": -2,
        "Net Income": -2
    },
    "2015-07-31": {
        "Diluted EPS": -340.73,
        "Total Revenue": 4,
        "Gross Profit": 1,
        "Operating Income": 0,
        "EBIT": 0,
        "Net Income": -4
    },
    "2015-04-30": {
        "Diluted EPS": 0.0,
        "Total Revenue": NaN,
        "Gross Profit": NaN,
        "Operating Income": NaN,
        "EBIT": NaN,
        "Net Income": NaN
    },
    "2015-01-31": {
        "Diluted EPS": -653.87,
        "Total Revenue": 5,
        "Gross Profit": 1,
        "Operating Income": 0,
        "EBIT": 0,
        "Net Income": -3
    },
    "2014-10-31": {
        "Diluted EPS": -727.06,
        "Total Revenue": 6,
        "Gross Profit": 1,
        "Operating Income": 0,
        "EBIT": 1,
        "Net Income": -4
    },
    "2014-07-31": {
        "Diluted EPS": -439.11,
        "Total Revenue": 6,
        "Gross Profit": 1,
        "Operating Income": 0,
        "EBIT": 0,
        "Net Income": -2
    },
    "2014-04-30": {
        "Diluted EPS": -237.84,
        "Total Revenue": 6,
        "Gross Profit": 1,
        "Operating Income": -1,
        "EBIT": 3,
        "Net Income": -1
    },
    "2014-01-31": {
        "Diluted EPS": NaN,
        "Total Revenue": 6,
        "Gross Profit": 1,
        "Operating Income": 0,
        "EBIT": 1,
        "Net Income": -4
    },
    "2013-10-31": {
        "Diluted EPS": NaN,
        "Total Revenue": 5,
        "Gross Profit": 1,
        "Operating Income": 0,
        "EBIT": 3,
        "Net Income": 0
    },
    "2013-07-31": {
        "Diluted EPS": NaN,
        "Total Revenue": 4,
        "Gross Profit": 1,
        "Operating Income": -2,
        "EBIT": -2,
        "Net Income": -6
    },
    "2013-04-30": {
        "Diluted EPS": NaN,
        "Total Revenue": NaN,
        "Gross Profit": NaN,
        "Operating Income": 0,
        "EBIT": NaN,
        "Net Income": -6
    },
    "2013-01-31": {
        "Diluted EPS": NaN,
        "Total Revenue": 8,
        "Gross Profit": 2,
        "Operating Income": 0,
        "EBIT": 4,
        "Net Income": -1
    },
    "2012-10-31": {
        "Diluted EPS": NaN,
        "Total Revenue": 8,
        "Gross Profit": 3,
        "Operating Income": 1,
        "EBIT": 2,
        "Net Income": 0
    },
    "2012-07-31": {
        "Diluted EPS": NaN,
        "Total Revenue": 13,
        "Gross Profit": 3,
        "Operating Income": 0,
        "EBIT": 0,
        "Net Income": 1
    },
    "2012-04-30": {
        "Diluted EPS": 0.0,
        "Total Revenue": NaN,
        "Gross Profit": NaN,
        "Operating Income": NaN,
        "EBIT": NaN,
        "Net Income": NaN
    },
    "2012-01-31": {
        "Diluted EPS": NaN,
        "Total Revenue": 13,
        "Gross Profit": -2,
        "Operating Income": -6,
        "EBIT": -5,
        "Net Income": -10
    },
    "2011-10-31": {
        "Diluted EPS": NaN,
        "Total Revenue": 22,
        "Gross Profit": 3,
        "Operating Income": 0,
        "EBIT": 1,
        "Net Income": -2
    },
    "2011-07-31": {
        "Diluted EPS": -184.93,
        "Total Revenue": 19,
        "Gross Profit": 4,
        "Operating Income": 1,
        "EBIT": 1,
        "Net Income": 0
    },
    "2011-04-30": {
        "Diluted EPS": 0.0,
        "Total Revenue": NaN,
        "Gross Profit": NaN,
        "Operating Income": NaN,
        "EBIT": NaN,
        "Net Income": NaN
    },
    "2011-01-31": {
        "Diluted EPS": NaN,
        "Total Revenue": 21,
        "Gross Profit": 4,
        "Operating Income": -4,
        "EBIT": -2,
        "Net Income": -3
    },
    "2010-10-31": {
        "Diluted EPS": NaN,
        "Total Revenue": 23,
        "Gross Profit": 4,
        "Operating Income": -7,
        "EBIT": -1,
        "Net Income": -6
    },
    "2010-07-31": {
        "Diluted EPS": -924.65,
        "Total Revenue": 29,
        "Gross Profit": 6,
        "Operating Income": -1,
        "EBIT": -1,
        "Net Income": 0
    },
    "2010-04-30": {
        "Diluted EPS": 0.0,
        "Total Revenue": NaN,
        "Gross Profit": NaN,
        "Operating Income": NaN,
        "EBIT": NaN,
        "Net Income": NaN
    },
    "2010-01-31": {
        "Diluted EPS": 184.93,
        "Total Revenue": 27,
        "Gross Profit": 6,
        "Operating Income": 0,
        "EBIT": 6,
        "Net Income": 0
    },
    "2009-10-31": {
        "Diluted EPS": 924.65,
        "Total Revenue": 24,
        "Gross Profit": 8,
        "Operating Income": 1,
        "EBIT": 2,
        "Net Income": 0
    },
    "2009-07-31": {
        "Diluted EPS": NaN,
        "Total Revenue": 25,
        "Gross Profit": 7,
        "Operating Income": 1,
        "EBIT": 1,
        "Net Income": 0
    },
    "2009-04-30": {
        "Diluted EPS": 0.0,
        "Total Revenue": NaN,
        "Gross Profit": NaN,
        "Operating Income": NaN,
        "EBIT": NaN,
        "Net Income": NaN
    },
    "2009-01-31": {
        "Diluted EPS": 554.79,
        "Total Revenue": 25,
        "Gross Profit": 7,
        "Operating Income": 0,
        "EBIT": 2,
        "Net Income": 0
    },
    "2023-06-30": {
        "Tax Effect Of Unusual Items": NaN,
        "Tax Rate For Calcs": NaN,
        "Normalized EBITDA": NaN,
        "Total Unusual Items": NaN,
        "Total Unusual Items Excluding Goodwill": NaN,
        "Net Income From Continuing Operation Net Minority Interest": NaN,
        "Reconciled Depreciation": NaN,
        "Reconciled Cost Of Revenue": NaN,
        "EBITDA": NaN,
        "EBIT": NaN,
        "Net Interest Income": NaN,
        "Interest Income": NaN,
        "Normalized Income": NaN,
        "Net Income From Continuing And Discontinued Operation": NaN,
        "Total Expenses": NaN,
        "Total Operating Income As Reported": NaN,
        "Diluted Average Shares": 4684606.0,
        "Basic Average Shares": 4684606.0,
        "Diluted EPS": -1.28,
        "Basic EPS": -1.28,
        "Diluted NI Availto Com Stockholders": NaN,
        "Average Dilution Earnings": 0.0,
        "Net Income Common Stockholders": NaN,
        "Otherunder Preferred Stock Dividend": NaN,
        "Preferred Stock Dividends": NaN,
        "Net Income": NaN,
        "Net Income Including Noncontrolling Interests": NaN,
        "Net Income Continuous Operations": NaN,
        "Tax Provision": 0.0,
        "Pretax Income": NaN,
        "Other Income Expense": NaN,
        "Other Non Operating Income Expenses": -9166.0,
        "Gain On Sale Of Security": NaN,
        "Net Non Operating Interest Income Expense": NaN,
        "Interest Income Non Operating": NaN,
        "Operating Income": NaN,
        "Operating Expense": NaN,
        "Research And Development": NaN,
        "Selling General And Administration": NaN,
        "Selling And Marketing Expense": NaN,
        "General And Administrative Expense": NaN,
        "Other Gand A": NaN,
        "Gross Profit": NaN,
        "Cost Of Revenue": NaN,
        "Total Revenue": NaN,
        "Operating Revenue": NaN
    },
    "2023-09-30": {
        "Tax Effect Of Unusual Items": NaN,
        "Tax Rate For Calcs": NaN,
        "Normalized EBITDA": NaN,
        "Total Unusual Items": NaN,
        "Total Unusual Items Excluding Goodwill": NaN,
        "Net Income From Continuing Operation Net Minority Interest": NaN,
        "Reconciled Depreciation": NaN,
        "Reconciled Cost Of Revenue": NaN,
        "EBITDA": NaN,
        "EBIT": NaN,
        "Net Interest Income": NaN,
        "Interest Income": NaN,
        "Normalized Income": NaN,
        "Net Income From Continuing And Discontinued Operation": NaN,
        "Total Expenses": NaN,
        "Total Operating Income As Reported": NaN,
        "Diluted Average Shares": 4744229.0,
        "Basic Average Shares": 4744229.0,
        "Diluted EPS": -2.99,
        "Basic EPS": -2.99,
        "Diluted NI Availto Com Stockholders": NaN,
        "Average Dilution Earnings": NaN,
        "Net Income Common Stockholders": NaN,
        "Otherunder Preferred Stock Dividend": 199000.0,
        "Preferred Stock Dividends": NaN,
        "Net Income": NaN,
        "Net Income Including Noncontrolling Interests": NaN,
        "Net Income Continuous Operations": NaN,
        "Tax Provision": 0.0,
        "Pretax Income": NaN,
        "Other Income Expense": NaN,
        "Other Non Operating Income Expenses": NaN,
        "Gain On Sale Of Security": NaN,
        "Net Non Operating Interest Income Expense": NaN,
        "Interest Income Non Operating": NaN,
        "Operating Income": NaN,
        "Operating Expense": NaN,
        "Research And Development": NaN,
        "Selling General And Administration": NaN,
        "Selling And Marketing Expense": NaN,
        "General And Administrative Expense": NaN,
        "Other Gand A": NaN,
        "Gross Profit": NaN,
        "Cost Of Revenue": NaN,
        "Total Revenue": NaN,
        "Operating Revenue": NaN
    },
    "2023-12-31": {
        "Tax Effect Of Unusual Items": 0.0,
        "Tax Rate For Calcs": 0.0,
        "Normalized EBITDA": -9205553.0,
        "Total Unusual Items": -311065.0,
        "Total Unusual Items Excluding Goodwill": -311065.0,
        "Net Income From Continuing Operation Net Minority Interest": -10091879.0,
        "Reconciled Depreciation": 335252.0,
        "Reconciled Cost Of Revenue": 4350340.0,
        "EBITDA": -9516618.0,
        "EBIT": -9851870.0,
        "Net Interest Income": 71056.0,
        "Interest Income": 71056.0,
        "Normalized Income": -9780814.0,
        "Net Income From Continuing And Discontinued Operation": -10091879.0,
        "Total Expenses": 10009764.0,
        "Total Operating Income As Reported": -9851870.0,
        "Diluted Average Shares": NaN,
        "Basic Average Shares": NaN,
        "Diluted EPS": NaN,
        "Basic EPS": NaN,
        "Diluted NI Availto Com Stockholders": -13360509.0,
        "Average Dilution Earnings": NaN,
        "Net Income Common Stockholders": -13360509.0,
        "Otherunder Preferred Stock Dividend": 0.0,
        "Preferred Stock Dividends": 3268630.0,
        "Net Income": -10091879.0,
        "Net Income Including Noncontrolling Interests": -10091879.0,
        "Net Income Continuous Operations": -10091879.0,
        "Tax Provision": NaN,
        "Pretax Income": -10091879.0,
        "Other Income Expense": -311065.0,
        "Other Non Operating Income Expenses": NaN,
        "Gain On Sale Of Security": -311065.0,
        "Net Non Operating Interest Income Expense": 71056.0,
        "Interest Income Non Operating": 71056.0,
        "Operating Income": -9851870.0,
        "Operating Expense": 5659424.0,
        "Research And Development": 1547471.0,
        "Selling General And Administration": 4111953.0,
        "Selling And Marketing Expense": 191554.0,
        "General And Administrative Expense": 3920399.0,
        "Other Gand A": 3920399.0,
        "Gross Profit": -4192446.0,
        "Cost Of Revenue": 4350340.0,
        "Total Revenue": 157894.0,
        "Operating Revenue": 157894.0
    },
    "2024-03-31": {
        "Tax Effect Of Unusual Items": 0.0,
        "Tax Rate For Calcs": 0.0,
        "Normalized EBITDA": -6251988.0,
        "Total Unusual Items": 1423904.0,
        "Total Unusual Items Excluding Goodwill": 1423904.0,
        "Net Income From Continuing Operation Net Minority Interest": -3638752.0,
        "Reconciled Depreciation": 387870.0,
        "Reconciled Cost Of Revenue": 1183207.0,
        "EBITDA": -4828084.0,
        "EBIT": -5215954.0,
        "Net Interest Income": 153298.0,
        "Interest Income": 153298.0,
        "Normalized Income": -5062656.0,
        "Net Income From Continuing And Discontinued Operation": -3638752.0,
        "Total Expenses": 5274305.0,
        "Total Operating Income As Reported": -5215954.0,
        "Diluted Average Shares": 4929490.0,
        "Basic Average Shares": 4929490.0,
        "Diluted EPS": -1.46,
        "Basic EPS": -1.46,
        "Diluted NI Availto Com Stockholders": -7186311.0,
        "Average Dilution Earnings": NaN,
        "Net Income Common Stockholders": -7186311.0,
        "Otherunder Preferred Stock Dividend": NaN,
        "Preferred Stock Dividends": 3547559.0,
        "Net Income": -3638752.0,
        "Net Income Including Noncontrolling Interests": -3638752.0,
        "Net Income Continuous Operations": -3638752.0,
        "Tax Provision": NaN,
        "Pretax Income": -3638752.0,
        "Other Income Expense": 1423904.0,
        "Other Non Operating Income Expenses": NaN,
        "Gain On Sale Of Security": 1423904.0,
        "Net Non Operating Interest Income Expense": 153298.0,
        "Interest Income Non Operating": 153298.0,
        "Operating Income": -5215954.0,
        "Operating Expense": 4091098.0,
        "Research And Development": 760417.0,
        "Selling General And Administration": 3330681.0,
        "Selling And Marketing Expense": 268355.0,
        "General And Administrative Expense": 3062326.0,
        "Other Gand A": 3062326.0,
        "Gross Profit": -1124856.0,
        "Cost Of Revenue": 1183207.0,
        "Total Revenue": 58351.0,
        "Operating Revenue": 58351.0
    },
    "2024-06-30": {
        "Tax Effect Of Unusual Items": 0.0,
        "Tax Rate For Calcs": 0.0,
        "Normalized EBITDA": -14282413.0,
        "Total Unusual Items": 10932419.0,
        "Total Unusual Items Excluding Goodwill": 10932419.0,
        "Net Income From Continuing Operation Net Minority Interest": 6914620.0,
        "Reconciled Depreciation": 609862.0,
        "Reconciled Cost Of Revenue": 1074896.0,
        "EBITDA": -3349994.0,
        "EBIT": -3959856.0,
        "Net Interest Income": 140567.0,
        "Interest Income": 140567.0,
        "Normalized Income": -4017799.0,
        "Net Income From Continuing And Discontinued Operation": 6914620.0,
        "Total Expenses": 3959856.0,
        "Total Operating Income As Reported": -3959856.0,
        "Diluted Average Shares": 16638755.0,
        "Basic Average Shares": 5615725.0,
        "Diluted EPS": 0.14,
        "Basic EPS": 0.78,
        "Diluted NI Availto Com Stockholders": 2255622.0,
        "Average Dilution Earnings": -2113214.0,
        "Net Income Common Stockholders": 4368836.0,
        "Otherunder Preferred Stock Dividend": NaN,
        "Preferred Stock Dividends": 2545784.0,
        "Net Income": 6914620.0,
        "Net Income Including Noncontrolling Interests": 6914620.0,
        "Net Income Continuous Operations": 6914620.0,
        "Tax Provision": 0.0,
        "Pretax Income": 6914620.0,
        "Other Income Expense": 10733909.0,
        "Other Non Operating Income Expenses": -198510.0,
        "Gain On Sale Of Security": 10932419.0,
        "Net Non Operating Interest Income Expense": 140567.0,
        "Interest Income Non Operating": 140567.0,
        "Operating Income": -3959856.0,
        "Operating Expense": 2884960.0,
        "Research And Development": 622567.0,
        "Selling General And Administration": 2262393.0,
        "Selling And Marketing Expense": 285035.0,
        "General And Administrative Expense": 1977358.0,
        "Other Gand A": 1977358.0,
        "Gross Profit": -1074896.0,
        "Cost Of Revenue": 1074896.0,
        "Total Revenue": 0.0,
        "Operating Revenue": 0.0
    },
    "2024-09-30": {
        "Tax Effect Of Unusual Items": 0.0,
        "Tax Rate For Calcs": 0.0,
        "Normalized EBITDA": -4329862.0,
        "Total Unusual Items": 2856484.0,
        "Total Unusual Items Excluding Goodwill": 2856484.0,
        "Net Income From Continuing Operation Net Minority Interest": 550557.0,
        "Reconciled Depreciation": 452631.0,
        "Reconciled Cost Of Revenue": 286028.0,
        "EBITDA": -1473378.0,
        "EBIT": -1926009.0,
        "Net Interest Income": 89060.0,
        "Interest Income": 89060.0,
        "Normalized Income": -2305927.0,
        "Net Income From Continuing And Discontinued Operation": 550557.0,
        "Total Expenses": 1931435.0,
        "Total Operating Income As Reported": -1926009.0,
        "Diluted Average Shares": 6863234.0,
        "Basic Average Shares": 6863234.0,
        "Diluted EPS": -0.25,
        "Basic EPS": -0.25,
        "Diluted NI Availto Com Stockholders": -1697594.0,
        "Average Dilution Earnings": NaN,
        "Net Income Common Stockholders": -1697594.0,
        "Otherunder Preferred Stock Dividend": 0.0,
        "Preferred Stock Dividends": 2248151.0,
        "Net Income": 550557.0,
        "Net Income Including Noncontrolling Interests": 550557.0,
        "Net Income Continuous Operations": 550557.0,
        "Tax Provision": 0.0,
        "Pretax Income": 550557.0,
        "Other Income Expense": 2387506.0,
        "Other Non Operating Income Expenses": -468978.0,
        "Gain On Sale Of Security": 2856484.0,
        "Net Non Operating Interest Income Expense": 89060.0,
        "Interest Income Non Operating": 89060.0,
        "Operating Income": -1926009.0,
        "Operating Expense": 1645407.0,
        "Research And Development": 14776.0,
        "Selling General And Administration": 1630631.0,
        "Selling And Marketing Expense": 216605.0,
        "General And Administrative Expense": 1414026.0,
        "Other Gand A": 1414026.0,
        "Gross Profit": -280602.0,
        "Cost Of Revenue": 286028.0,
        "Total Revenue": 5426.0,
        "Operating Revenue": 5426.0
    },
    "2024-12-31": {
        "Tax Effect Of Unusual Items": 0.0,
        "Tax Rate For Calcs": 0.0,
        "Normalized EBITDA": -6462137.0,
        "Total Unusual Items": 303859.0,
        "Total Unusual Items Excluding Goodwill": 303859.0,
        "Net Income From Continuing Operation Net Minority Interest": -5581904.0,
        "Reconciled Depreciation": 457079.0,
        "Reconciled Cost Of Revenue": 4106848.0,
        "EBITDA": -6158278.0,
        "EBIT": -6615357.0,
        "Net Interest Income": 101400.0,
        "Interest Income": 101400.0,
        "Normalized Income": -5885763.0,
        "Net Income From Continuing And Discontinued Operation": -5581904.0,
        "Total Expenses": 6615357.0,
        "Total Operating Income As Reported": -8275192.0,
        "Diluted Average Shares": NaN,
        "Basic Average Shares": NaN,
        "Diluted EPS": NaN,
        "Basic EPS": NaN,
        "Diluted NI Availto Com Stockholders": -7921159.0,
        "Average Dilution Earnings": NaN,
        "Net Income Common Stockholders": -7921159.0,
        "Otherunder Preferred Stock Dividend": 0.0,
        "Preferred Stock Dividends": 2339255.0,
        "Net Income": -5581904.0,
        "Net Income Including Noncontrolling Interests": -5581904.0,
        "Net Income Continuous Operations": -5581904.0,
        "Tax Provision": 0.0,
        "Pretax Income": -5581904.0,
        "Other Income Expense": 932053.0,
        "Other Non Operating Income Expenses": 628194.0,
        "Gain On Sale Of Security": 3707749.0,
        "Net Non Operating Interest Income Expense": 101400.0,
        "Interest Income Non Operating": 101400.0,
        "Operating Income": -6615357.0,
        "Operating Expense": 2508509.0,
        "Research And Development": 95442.0,
        "Selling General And Administration": 2413067.0,
        "Selling And Marketing Expense": 220476.0,
        "General And Administrative Expense": 2192591.0,
        "Other Gand A": 2192591.0,
        "Gross Profit": -4106848.0,
        "Cost Of Revenue": 4106848.0,
        "Total Revenue": 0.0,
        "Operating Revenue": 0.0
    }
}