{
    "2023-03-31": {
        "Tax Effect Of Unusual Items": NaN,
        "Tax Rate For Calcs": NaN,
        "Normalized EBITDA": NaN,
        "Total Unusual Items": NaN,
        "Total Unusual Items Excluding Goodwill": NaN,
        "Net Income From Continuing Operation Net Minority Interest": NaN,
        "Reconciled Depreciation": NaN,
        "Reconciled Cost Of Revenue": NaN,
        "EBITDA": NaN,
        "EBIT": NaN,
        "Net Interest Income": NaN,
        "Interest Expense": NaN,
        "Normalized Income": NaN,
        "Net Income From Continuing And Discontinued Operation": NaN,
        "Total Expenses": NaN,
        "Total Operating Income As Reported": NaN,
        "Diluted Average Shares": NaN,
        "Basic Average Shares": NaN,
        "Diluted EPS": NaN,
        "Basic EPS": NaN,
        "Diluted NI Availto Com Stockholders": NaN,
        "Average Dilution Earnings": NaN,
        "Net Income Common Stockholders": NaN,
        "Net Income": NaN,
        "Net Income Including Noncontrolling Interests": NaN,
        "Net Income Discontinuous Operations": NaN,
        "Net Income Continuous Operations": NaN,
        "Tax Provision": NaN,
        "Pretax Income": NaN,
        "Other Income Expense": NaN,
        "Other Non Operating Income Expenses": NaN,
        "Special Income Charges": NaN,
        "Write Off": NaN,
        "Impairment Of Capital Assets": 0.0,
        "Restructuring And Mergern Acquisition": NaN,
        "Gain On Sale Of Security": NaN,
        "Net Non Operating Interest Income Expense": NaN,
        "Interest Expense Non Operating": NaN,
        "Operating Income": NaN,
        "Operating Expense": NaN,
        "Depreciation Amortization Depletion Income Statement": NaN,
        "Depreciation And Amortization In Income Statement": NaN,
        "Amortization": NaN,
        "Amortization Of Intangibles Income Statement": NaN,
        "Research And Development": NaN,
        "Selling General And Administration": NaN,
        "Selling And Marketing Expense": NaN,
        "General And Administrative Expense": NaN,
        "Other Gand A": NaN,
        "Gross Profit": NaN,
        "Cost Of Revenue": NaN,
        "Total Revenue": NaN,
        "Operating Revenue": NaN
    },
    "2022-12-31": {
        "Tax Effect Of Unusual Items": NaN,
        "Tax Rate For Calcs": NaN,
        "Normalized EBITDA": NaN,
        "Total Unusual Items": NaN,
        "Total Unusual Items Excluding Goodwill": NaN,
        "Net Income From Continuing Operation Net Minority Interest": NaN,
        "Reconciled Depreciation": NaN,
        "Reconciled Cost Of Revenue": NaN,
        "EBITDA": NaN,
        "EBIT": NaN,
        "Normalized Income": NaN,
        "Net Income From Continuing And Discontinued Operation": NaN,
        "Total Expenses": NaN,
        "Total Operating Income As Reported": NaN,
        "Diluted Average Shares": NaN,
        "Basic Average Shares": NaN,
        "Diluted EPS": NaN,
        "Basic EPS": NaN,
        "Diluted NI Availto Com Stockholders": NaN,
        "Net Income Common Stockholders": NaN,
        "Net Income": NaN,
        "Net Income Including Noncontrolling Interests": NaN,
        "Net Income Continuous Operations": NaN,
        "Tax Provision": NaN,
        "Pretax Income": NaN,
        "Other Income Expense": NaN,
        "Other Non Operating Income Expenses": NaN,
        "Special Income Charges": NaN,
        "Write Off": 2600000.0,
        "Impairment Of Capital Assets": NaN,
        "Restructuring And Mergern Acquisition": NaN,
        "Gain On Sale Of Security": NaN,
        "Operating Income": NaN,
        "Operating Expense": NaN,
        "Depreciation Amortization Depletion Income Statement": NaN,
        "Depreciation And Amortization In Income Statement": NaN,
        "Amortization": NaN,
        "Amortization Of Intangibles Income Statement": NaN,
        "Research And Development": NaN,
        "Selling General And Administration": NaN,
        "Selling And Marketing Expense": NaN,
        "General And Administrative Expense": NaN,
        "Other Gand A": NaN,
        "Gross Profit": NaN,
        "Cost Of Revenue": NaN,
        "Total Revenue": NaN,
        "Operating Revenue": NaN
    },
    "2022-09-30": {
        "Tax Effect Of Unusual Items": NaN,
        "Tax Rate For Calcs": NaN,
        "Normalized EBITDA": NaN,
        "Total Unusual Items": NaN,
        "Total Unusual Items Excluding Goodwill": NaN,
        "Net Income From Continuing Operation Net Minority Interest": NaN,
        "Reconciled Depreciation": NaN,
        "Reconciled Cost Of Revenue": NaN,
        "EBITDA": NaN,
        "EBIT": NaN,
        "Normalized Income": NaN,
        "Net Income From Continuing And Discontinued Operation": NaN,
        "Total Expenses": NaN,
        "Total Operating Income As Reported": NaN,
        "Diluted Average Shares": NaN,
        "Basic Average Shares": NaN,
        "Diluted EPS": NaN,
        "Basic EPS": NaN,
        "Diluted NI Availto Com Stockholders": NaN,
        "Net Income Common Stockholders": NaN,
        "Net Income": NaN,
        "Net Income Including Noncontrolling Interests": NaN,
        "Net Income Continuous Operations": NaN,
        "Tax Provision": NaN,
        "Pretax Income": NaN,
        "Other Income Expense": NaN,
        "Other Non Operating Income Expenses": NaN,
        "Special Income Charges": NaN,
        "Write Off": 0.0,
        "Impairment Of Capital Assets": 0.0,
        "Restructuring And Mergern Acquisition": NaN,
        "Gain On Sale Of Security": NaN,
        "Operating Income": NaN,
        "Operating Expense": NaN,
        "Depreciation Amortization Depletion Income Statement": NaN,
        "Depreciation And Amortization In Income Statement": NaN,
        "Amortization": NaN,
        "Amortization Of Intangibles Income Statement": NaN,
        "Research And Development": NaN,
        "Selling General And Administration": NaN,
        "Selling And Marketing Expense": NaN,
        "General And Administrative Expense": NaN,
        "Other Gand A": NaN,
        "Gross Profit": NaN,
        "Cost Of Revenue": NaN,
        "Total Revenue": NaN,
        "Operating Revenue": NaN
    },
    "2022-06-30": {
        "Tax Effect Of Unusual Items": 0.0,
        "Tax Rate For Calcs": 0.0,
        "Normalized EBITDA": 3559000.0,
        "Total Unusual Items": -9810000.0,
        "Total Unusual Items Excluding Goodwill": -9810000.0,
        "Net Income From Continuing Operation Net Minority Interest": -17701000.0,
        "Reconciled Depreciation": 853000.0,
        "Reconciled Cost Of Revenue": 12606000.0,
        "EBITDA": -6251000.0,
        "EBIT": -7104000.0,
        "Normalized Income": -7891000.0,
        "Net Income From Continuing And Discontinued Operation": -17701000.0,
        "Total Expenses": 34552000.0,
        "Total Operating Income As Reported": -17913000.0,
        "Diluted Average Shares": 1797745.0,
        "Basic Average Shares": 1797745.0,
        "Diluted EPS": -9.8,
        "Basic EPS": -9.8,
        "Diluted NI Availto Com Stockholders": -17701000.0,
        "Net Income Common Stockholders": -17701000.0,
        "Net Income": -17701000.0,
        "Net Income Including Noncontrolling Interests": -17701000.0,
        "Net Income Continuous Operations": -17701000.0,
        "Tax Provision": 0.0,
        "Pretax Income": -17701000.0,
        "Other Income Expense": -10597000.0,
        "Other Non Operating Income Expenses": -787000.0,
        "Special Income Charges": -9810000.0,
        "Other Special Charges": 0.0,
        "Write Off": 10809000.0,
        "Impairment Of Capital Assets": 13158000.0,
        "Restructuring And Mergern Acquisition": -999000.0,
        "Gain On Sale Of Security": 0.0,
        "Operating Income": -7104000.0,
        "Operating Expense": 21946000.0,
        "Depreciation Amortization Depletion Income Statement": 853000.0,
        "Depreciation And Amortization In Income Statement": 853000.0,
        "Amortization": 853000.0,
        "Amortization Of Intangibles Income Statement": 853000.0,
        "Research And Development": 3697000.0,
        "Selling General And Administration": 17396000.0,
        "Selling And Marketing Expense": 10013000.0,
        "General And Administrative Expense": 7383000.0,
        "Other Gand A": 7383000.0,
        "Gross Profit": 14842000.0,
        "Cost Of Revenue": 12606000.0,
        "Total Revenue": 27448000.0,
        "Operating Revenue": 27448000.0
    },
    "2022-03-31": {
        "Diluted EPS": -35.9,
        "Total Revenue": 24,
        "Gross Profit": 13,
        "Operating Income": -53,
        "EBIT": -6,
        "Net Income": -53
    },
    "2021-12-31": {
        "Diluted EPS": -8.74,
        "Total Revenue": 23,
        "Gross Profit": 12,
        "Operating Income": -11,
        "EBIT": -9,
        "Net Income": -12
    },
    "2021-09-30": {
        "Diluted EPS": -21.76,
        "Total Revenue": 22,
        "Gross Profit": 12,
        "Operating Income": -28,
        "EBIT": -6,
        "Net Income": -28
    },
    "2021-06-30": {
        "Diluted EPS": -20.0,
        "Total Revenue": 23,
        "Gross Profit": 11,
        "Operating Income": -24,
        "EBIT": -12,
        "Net Income": -19
    },
    "2021-03-31": {
        "Diluted EPS": -28.2,
        "Total Revenue": 13,
        "Gross Profit": 0,
        "Operating Income": -26,
        "EBIT": -19,
        "Net Income": -25
    },
    "2020-12-31": {
        "Diluted EPS": -14.4,
        "Total Revenue": 15,
        "Gross Profit": 9,
        "Operating Income": -6,
        "EBIT": -4,
        "Net Income": -10
    },
    "2020-09-30": {
        "Diluted EPS": -7.0,
        "Total Revenue": 14,
        "Gross Profit": 9,
        "Operating Income": -4,
        "EBIT": -1,
        "Net Income": -4
    },
    "2020-06-30": {
        "Diluted EPS": 36.4,
        "Total Revenue": 15,
        "Gross Profit": 10,
        "Operating Income": -7,
        "EBIT": -4,
        "Net Income": -3
    },
    "2020-03-31": {
        "Diluted EPS": -30.2,
        "Total Revenue": 8,
        "Gross Profit": 6,
        "Operating Income": -5,
        "EBIT": -3,
        "Net Income": -5
    },
    "2019-12-31": {
        "Diluted EPS": -2.4,
        "Total Revenue": 3,
        "Gross Profit": 3,
        "Operating Income": -5,
        "EBIT": -4,
        "Net Income": 0
    },
    "2019-09-30": {
        "Diluted EPS": -64.0,
        "Total Revenue": 1,
        "Gross Profit": 1,
        "Operating Income": -5,
        "EBIT": -4,
        "Net Income": -5
    },
    "2019-06-30": {
        "Diluted EPS": -60.0,
        "Total Revenue": 2,
        "Gross Profit": 1,
        "Operating Income": -5,
        "EBIT": -4,
        "Net Income": -15
    },
    "2019-03-31": {
        "Diluted EPS": -100.0,
        "Total Revenue": 2,
        "Gross Profit": 2,
        "Operating Income": -4,
        "EBIT": -4,
        "Net Income": -4
    },
    "2018-12-31": {
        "Diluted EPS": -144.0,
        "Total Revenue": 2,
        "Gross Profit": 1,
        "Operating Income": -5,
        "EBIT": -4,
        "Net Income": -5
    },
    "2018-09-30": {
        "Diluted EPS": -392.0,
        "Total Revenue": 1,
        "Gross Profit": 1,
        "Operating Income": -3,
        "EBIT": -3,
        "Net Income": -3
    },
    "2018-06-30": {
        "Diluted EPS": NaN,
        "Total Revenue": 1,
        "Gross Profit": 1,
        "Operating Income": -4,
        "EBIT": -3,
        "Net Income": 1
    },
    "2018-03-31": {
        "Diluted EPS": -950.0,
        "Total Revenue": 1,
        "Gross Profit": -1,
        "Operating Income": -8,
        "EBIT": -7,
        "Net Income": -3
    },
    "2017-12-31": {
        "Diluted EPS": NaN,
        "Total Revenue": 1,
        "Gross Profit": 1,
        "Operating Income": -4,
        "EBIT": -3,
        "Net Income": -4
    },
    "2017-09-30": {
        "Diluted EPS": NaN,
        "Total Revenue": 1,
        "Gross Profit": 1,
        "Operating Income": -4,
        "EBIT": -4,
        "Net Income": -4
    },
    "2017-06-30": {
        "Diluted EPS": NaN,
        "Total Revenue": 1,
        "Gross Profit": 0,
        "Operating Income": -5,
        "EBIT": -3,
        "Net Income": -7
    },
    "2017-03-31": {
        "Diluted EPS": NaN,
        "Total Revenue": 1,
        "Gross Profit": 1,
        "Operating Income": -5,
        "EBIT": -4,
        "Net Income": -5
    },
    "2016-12-31": {
        "Diluted EPS": NaN,
        "Total Revenue": 1,
        "Gross Profit": 0,
        "Operating Income": -4,
        "EBIT": -3,
        "Net Income": -5
    },
    "2016-09-30": {
        "Diluted EPS": NaN,
        "Total Revenue": 1,
        "Gross Profit": 1,
        "Operating Income": -6,
        "EBIT": -5,
        "Net Income": -6
    },
    "2016-06-30": {
        "Diluted EPS": NaN,
        "Total Revenue": 1,
        "Gross Profit": 1,
        "Operating Income": -13,
        "EBIT": -12,
        "Net Income": -15
    },
    "2016-03-31": {
        "Diluted EPS": NaN,
        "Total Revenue": 1,
        "Gross Profit": 0,
        "Operating Income": -3,
        "EBIT": 1,
        "Net Income": -7
    },
    "2015-12-31": {
        "Diluted EPS": NaN,
        "Total Revenue": 0,
        "Gross Profit": 0,
        "Operating Income": -3,
        "EBIT": -3,
        "Net Income": -3
    },
    "2015-09-30": {
        "Diluted EPS": NaN,
        "Total Revenue": 0,
        "Gross Profit": 0,
        "Operating Income": -2,
        "EBIT": -2,
        "Net Income": -2
    },
    "2015-06-30": {
        "Diluted EPS": NaN,
        "Total Revenue": 0,
        "Gross Profit": 0,
        "Operating Income": -2,
        "EBIT": -2,
        "Net Income": -4
    },
    "2015-03-31": {
        "Diluted EPS": -0.23,
        "Total Revenue": 0,
        "Gross Profit": 0,
        "Operating Income": -2,
        "EBIT": -2,
        "Net Income": -2
    },
    "2015-02-28": {
        "Diluted EPS": 0.0,
        "Total Revenue": NaN,
        "Gross Profit": NaN,
        "Operating Income": 0,
        "EBIT": 0,
        "Net Income": 0
    },
    "2014-12-31": {
        "Diluted EPS": -0.21,
        "Total Revenue": 0,
        "Gross Profit": 0,
        "Operating Income": -2,
        "EBIT": -2,
        "Net Income": -2
    },
    "2014-11-30": {
        "Diluted EPS": 0.0,
        "Total Revenue": NaN,
        "Gross Profit": NaN,
        "Operating Income": 0,
        "EBIT": 0,
        "Net Income": 0
    },
    "2014-09-30": {
        "Diluted EPS": -0.27,
        "Total Revenue": 0,
        "Gross Profit": 0,
        "Operating Income": -2,
        "EBIT": -2,
        "Net Income": -2
    },
    "2014-08-31": {
        "Diluted EPS": 0.03,
        "Total Revenue": 0,
        "Gross Profit": 0,
        "Operating Income": 2,
        "EBIT": 2,
        "Net Income": 0
    },
    "2014-06-30": {
        "Diluted EPS": -0.76,
        "Total Revenue": 0,
        "Gross Profit": 0,
        "Operating Income": -4,
        "EBIT": -4,
        "Net Income": -6
    },
    "2014-05-31": {
        "Diluted EPS": 0.0,
        "Total Revenue": 0,
        "Gross Profit": 0,
        "Operating Income": 0,
        "EBIT": 0,
        "Net Income": 0
    },
    "2014-03-31": {
        "Diluted EPS": -0.04,
        "Total Revenue": 0,
        "Gross Profit": 0,
        "Operating Income": -2,
        "EBIT": -2,
        "Net Income": -2
    },
    "2014-02-28": {
        "Diluted EPS": 0.0,
        "Total Revenue": NaN,
        "Gross Profit": NaN,
        "Operating Income": 0,
        "EBIT": 0,
        "Net Income": 0
    },
    "2013-11-30": {
        "Diluted EPS": 0.0,
        "Total Revenue": NaN,
        "Gross Profit": NaN,
        "Operating Income": 0,
        "EBIT": 0,
        "Net Income": 0
    },
    "2013-08-31": {
        "Diluted EPS": 0.0,
        "Total Revenue": NaN,
        "Gross Profit": NaN,
        "Operating Income": 0,
        "EBIT": 0,
        "Net Income": 0
    },
    "2013-05-31": {
        "Diluted EPS": 0.0,
        "Total Revenue": 0,
        "Gross Profit": 0,
        "Operating Income": 0,
        "EBIT": 0,
        "Net Income": 0
    },
    "2013-02-28": {
        "Diluted EPS": 0.0,
        "Total Revenue": NaN,
        "Gross Profit": NaN,
        "Operating Income": 0,
        "EBIT": 0,
        "Net Income": 0
    },
    "2012-11-30": {
        "Diluted EPS": 0.0,
        "Total Revenue": NaN,
        "Gross Profit": NaN,
        "Operating Income": 0,
        "EBIT": 0,
        "Net Income": 0
    },
    "2012-08-31": {
        "Diluted EPS": 0.0,
        "Total Revenue": NaN,
        "Gross Profit": NaN,
        "Operating Income": 0,
        "EBIT": 0,
        "Net Income": 0
    },
    "2012-05-31": {
        "Diluted EPS": 0.0,
        "Total Revenue": NaN,
        "Gross Profit": NaN,
        "Operating Income": 0,
        "EBIT": 0,
        "Net Income": 0
    },
    "2012-02-29": {
        "Diluted EPS": 0.0,
        "Total Revenue": NaN,
        "Gross Profit": NaN,
        "Operating Income": 0,
        "EBIT": 0,
        "Net Income": 0
    },
    "2011-11-30": {
        "Diluted EPS": 0.0,
        "Total Revenue": NaN,
        "Gross Profit": NaN,
        "Operating Income": 0,
        "EBIT": 0,
        "Net Income": 0
    },
    "2011-08-31": {
        "Diluted EPS": -0.01,
        "Total Revenue": NaN,
        "Gross Profit": NaN,
        "Operating Income": 0,
        "EBIT": 0,
        "Net Income": 0
    },
    "2011-05-31": {
        "Diluted EPS": 0.0,
        "Total Revenue": NaN,
        "Gross Profit": NaN,
        "Operating Income": 0,
        "EBIT": 0,
        "Net Income": 0
    },
    "2011-02-28": {
        "Diluted EPS": -0.01,
        "Total Revenue": NaN,
        "Gross Profit": NaN,
        "Operating Income": 0,
        "EBIT": 0,
        "Net Income": 0
    },
    "2010-11-30": {
        "Diluted EPS": -0.01,
        "Total Revenue": NaN,
        "Gross Profit": NaN,
        "Operating Income": 0,
        "EBIT": 0,
        "Net Income": 0
    },
    "2010-08-31": {
        "Diluted EPS": -0.01,
        "Total Revenue": NaN,
        "Gross Profit": NaN,
        "Operating Income": 0,
        "EBIT": 0,
        "Net Income": 0
    },
    "2010-05-31": {
        "Diluted EPS": 0.0,
        "Total Revenue": NaN,
        "Gross Profit": NaN,
        "Operating Income": 0,
        "EBIT": 0,
        "Net Income": 0
    },
    "2010-02-28": {
        "Diluted EPS": 0.0,
        "Total Revenue": NaN,
        "Gross Profit": NaN,
        "Operating Income": 0,
        "EBIT": 0,
        "Net Income": 0
    },
    "2009-11-30": {
        "Diluted EPS": -0.01,
        "Total Revenue": NaN,
        "Gross Profit": NaN,
        "Operating Income": 0,
        "EBIT": 0,
        "Net Income": 0
    },
    "2009-08-31": {
        "Diluted EPS": -0.01,
        "Total Revenue": NaN,
        "Gross Profit": NaN,
        "Operating Income": 0,
        "EBIT": 0,
        "Net Income": 0
    },
    "2009-05-31": {
        "Diluted EPS": 0.0,
        "Total Revenue": 0,
        "Gross Profit": 0,
        "Operating Income": 0,
        "EBIT": 0,
        "Net Income": 0
    },
    "2009-02-28": {
        "Diluted EPS": 0.0,
        "Total Revenue": NaN,
        "Gross Profit": NaN,
        "Operating Income": 0,
        "EBIT": 0,
        "Net Income": 0
    },
    "2023-06-30": {
        "Tax Effect Of Unusual Items": NaN,
        "Tax Rate For Calcs": NaN,
        "Normalized EBITDA": NaN,
        "Total Unusual Items": NaN,
        "Total Unusual Items Excluding Goodwill": NaN,
        "Net Income From Continuing Operation Net Minority Interest": NaN,
        "Reconciled Depreciation": NaN,
        "Reconciled Cost Of Revenue": NaN,
        "EBITDA": NaN,
        "EBIT": NaN,
        "Net Interest Income": NaN,
        "Interest Expense": NaN,
        "Normalized Income": NaN,
        "Net Income From Continuing And Discontinued Operation": NaN,
        "Total Expenses": NaN,
        "Total Operating Income As Reported": NaN,
        "Diluted Average Shares": NaN,
        "Basic Average Shares": NaN,
        "Diluted EPS": NaN,
        "Basic EPS": NaN,
        "Diluted NI Availto Com Stockholders": NaN,
        "Average Dilution Earnings": NaN,
        "Net Income Common Stockholders": NaN,
        "Net Income": NaN,
        "Net Income Including Noncontrolling Interests": NaN,
        "Net Income Discontinuous Operations": NaN,
        "Net Income Continuous Operations": NaN,
        "Tax Provision": NaN,
        "Pretax Income": NaN,
        "Other Income Expense": NaN,
        "Other Non Operating Income Expenses": NaN,
        "Special Income Charges": NaN,
        "Write Off": NaN,
        "Impairment Of Capital Assets": -2600000.0,
        "Restructuring And Mergern Acquisition": NaN,
        "Gain On Sale Of Security": NaN,
        "Net Non Operating Interest Income Expense": NaN,
        "Interest Expense Non Operating": NaN,
        "Operating Income": NaN,
        "Operating Expense": NaN,
        "Depreciation Amortization Depletion Income Statement": NaN,
        "Depreciation And Amortization In Income Statement": NaN,
        "Amortization": NaN,
        "Amortization Of Intangibles Income Statement": NaN,
        "Research And Development": NaN,
        "Selling General And Administration": NaN,
        "Selling And Marketing Expense": NaN,
        "General And Administrative Expense": NaN,
        "Other Gand A": NaN,
        "Gross Profit": NaN,
        "Cost Of Revenue": NaN,
        "Total Revenue": NaN,
        "Operating Revenue": NaN
    },
    "2023-09-30": {
        "Tax Effect Of Unusual Items": NaN,
        "Tax Rate For Calcs": NaN,
        "Normalized EBITDA": NaN,
        "Total Unusual Items": NaN,
        "Total Unusual Items Excluding Goodwill": NaN,
        "Net Income From Continuing Operation Net Minority Interest": NaN,
        "Reconciled Depreciation": NaN,
        "Reconciled Cost Of Revenue": NaN,
        "EBITDA": NaN,
        "EBIT": NaN,
        "Net Interest Income": -1283000.0,
        "Interest Expense": 1283000.0,
        "Normalized Income": NaN,
        "Net Income From Continuing And Discontinued Operation": NaN,
        "Total Expenses": NaN,
        "Total Operating Income As Reported": NaN,
        "Diluted Average Shares": 5482037.0,
        "Basic Average Shares": 5482037.0,
        "Diluted EPS": -1.48,
        "Basic EPS": -1.48,
        "Diluted NI Availto Com Stockholders": NaN,
        "Average Dilution Earnings": 0.0,
        "Net Income Common Stockholders": NaN,
        "Net Income": NaN,
        "Net Income Including Noncontrolling Interests": NaN,
        "Net Income Discontinuous Operations": -647000.0,
        "Net Income Continuous Operations": NaN,
        "Tax Provision": NaN,
        "Pretax Income": NaN,
        "Other Income Expense": NaN,
        "Other Non Operating Income Expenses": NaN,
        "Special Income Charges": NaN,
        "Write Off": NaN,
        "Impairment Of Capital Assets": NaN,
        "Restructuring And Mergern Acquisition": NaN,
        "Gain On Sale Of Security": NaN,
        "Net Non Operating Interest Income Expense": -1283000.0,
        "Interest Expense Non Operating": 1283000.0,
        "Operating Income": NaN,
        "Operating Expense": NaN,
        "Depreciation Amortization Depletion Income Statement": NaN,
        "Depreciation And Amortization In Income Statement": NaN,
        "Amortization": NaN,
        "Amortization Of Intangibles Income Statement": NaN,
        "Research And Development": NaN,
        "Selling General And Administration": NaN,
        "Selling And Marketing Expense": NaN,
        "General And Administrative Expense": NaN,
        "Other Gand A": NaN,
        "Gross Profit": NaN,
        "Cost Of Revenue": NaN,
        "Total Revenue": NaN,
        "Operating Revenue": NaN
    },
    "2023-12-31": {
        "Tax Effect Of Unusual Items": -121170.0,
        "Tax Rate For Calcs": 0.21,
        "Normalized EBITDA": 5033000.0,
        "Total Unusual Items": -577000.0,
        "Total Unusual Items Excluding Goodwill": -577000.0,
        "Net Income From Continuing Operation Net Minority Interest": 619000.0,
        "Reconciled Depreciation": 1791000.0,
        "Reconciled Cost Of Revenue": 3272000.0,
        "EBITDA": 4456000.0,
        "EBIT": 2665000.0,
        "Net Interest Income": -1266000.0,
        "Interest Expense": 1266000.0,
        "Normalized Income": 1074830.0,
        "Net Income From Continuing And Discontinued Operation": -220000.0,
        "Total Expenses": 15602000.0,
        "Total Operating Income As Reported": 3146000.0,
        "Diluted Average Shares": 5517670.0,
        "Basic Average Shares": 5517670.0,
        "Diluted EPS": -0.04,
        "Basic EPS": -0.04,
        "Diluted NI Availto Com Stockholders": -220000.0,
        "Average Dilution Earnings": 0.0,
        "Net Income Common Stockholders": -220000.0,
        "Net Income": -220000.0,
        "Net Income Including Noncontrolling Interests": -220000.0,
        "Net Income Discontinuous Operations": -839000.0,
        "Net Income Continuous Operations": 619000.0,
        "Tax Provision": 780000.0,
        "Pretax Income": 1399000.0,
        "Other Income Expense": -481000.0,
        "Other Non Operating Income Expenses": 96000.0,
        "Special Income Charges": 0.0,
        "Write Off": 0.0,
        "Impairment Of Capital Assets": NaN,
        "Restructuring And Mergern Acquisition": 0.0,
        "Gain On Sale Of Security": -577000.0,
        "Net Non Operating Interest Income Expense": -1266000.0,
        "Interest Expense Non Operating": 1266000.0,
        "Operating Income": 3146000.0,
        "Operating Expense": 11457000.0,
        "Depreciation Amortization Depletion Income Statement": 918000.0,
        "Depreciation And Amortization In Income Statement": 918000.0,
        "Amortization": 918000.0,
        "Amortization Of Intangibles Income Statement": 918000.0,
        "Research And Development": 521000.0,
        "Selling General And Administration": 10018000.0,
        "Selling And Marketing Expense": 5218000.0,
        "General And Administrative Expense": 4800000.0,
        "Other Gand A": 4800000.0,
        "Gross Profit": 14603000.0,
        "Cost Of Revenue": 4145000.0,
        "Total Revenue": 18748000.0,
        "Operating Revenue": 18748000.0
    },
    "2024-03-31": {
        "Tax Effect Of Unusual Items": 162330.0,
        "Tax Rate For Calcs": 0.21,
        "Normalized EBITDA": -299000.0,
        "Total Unusual Items": 773000.0,
        "Total Unusual Items Excluding Goodwill": 773000.0,
        "Net Income From Continuing Operation Net Minority Interest": -2887000.0,
        "Reconciled Depreciation": 2694000.0,
        "Reconciled Cost Of Revenue": 4909000.0,
        "EBITDA": 474000.0,
        "EBIT": -2220000.0,
        "Net Interest Income": NaN,
        "Interest Expense": NaN,
        "Normalized Income": -3497670.0,
        "Net Income From Continuing And Discontinued Operation": -2887000.0,
        "Total Expenses": 20213000.0,
        "Total Operating Income As Reported": -2464000.0,
        "Diluted Average Shares": 5533555.0,
        "Basic Average Shares": 5533555.0,
        "Diluted EPS": -0.52,
        "Basic EPS": -0.52,
        "Diluted NI Availto Com Stockholders": -2887000.0,
        "Average Dilution Earnings": NaN,
        "Net Income Common Stockholders": -2887000.0,
        "Net Income": -2887000.0,
        "Net Income Including Noncontrolling Interests": -2887000.0,
        "Net Income Discontinuous Operations": NaN,
        "Net Income Continuous Operations": -2887000.0,
        "Tax Provision": 245000.0,
        "Pretax Income": -2642000.0,
        "Other Income Expense": -422000.0,
        "Other Non Operating Income Expenses": -1195000.0,
        "Special Income Charges": -244000.0,
        "Write Off": NaN,
        "Impairment Of Capital Assets": 0.0,
        "Restructuring And Mergern Acquisition": 244000.0,
        "Gain On Sale Of Security": 1017000.0,
        "Net Non Operating Interest Income Expense": NaN,
        "Interest Expense Non Operating": NaN,
        "Operating Income": -2220000.0,
        "Operating Expense": 13913000.0,
        "Depreciation Amortization Depletion Income Statement": 1303000.0,
        "Depreciation And Amortization In Income Statement": 1303000.0,
        "Amortization": 1303000.0,
        "Amortization Of Intangibles Income Statement": 1303000.0,
        "Research And Development": 619000.0,
        "Selling General And Administration": 11991000.0,
        "Selling And Marketing Expense": 6549000.0,
        "General And Administrative Expense": 5442000.0,
        "Other Gand A": 5442000.0,
        "Gross Profit": 11693000.0,
        "Cost Of Revenue": 6300000.0,
        "Total Revenue": 17993000.0,
        "Operating Revenue": 17993000.0
    },
    "2024-06-30": {
        "Tax Effect Of Unusual Items": -262920.0,
        "Tax Rate For Calcs": 0.21,
        "Normalized EBITDA": -4728000.0,
        "Total Unusual Items": -1252000.0,
        "Total Unusual Items Excluding Goodwill": -1252000.0,
        "Net Income From Continuing Operation Net Minority Interest": -4617000.0,
        "Reconciled Depreciation": 1944000.0,
        "Reconciled Cost Of Revenue": 5429000.0,
        "EBITDA": -5980000.0,
        "EBIT": -7924000.0,
        "Net Interest Income": NaN,
        "Interest Expense": NaN,
        "Normalized Income": -3627920.0,
        "Net Income From Continuing And Discontinued Operation": -4617000.0,
        "Total Expenses": 19505000.0,
        "Total Operating Income As Reported": -3650000.0,
        "Diluted Average Shares": NaN,
        "Basic Average Shares": NaN,
        "Diluted EPS": NaN,
        "Basic EPS": NaN,
        "Diluted NI Availto Com Stockholders": -4617000.0,
        "Average Dilution Earnings": NaN,
        "Net Income Common Stockholders": -4617000.0,
        "Net Income": -4617000.0,
        "Net Income Including Noncontrolling Interests": -4617000.0,
        "Net Income Discontinuous Operations": NaN,
        "Net Income Continuous Operations": -4617000.0,
        "Tax Provision": 695000.0,
        "Pretax Income": -3922000.0,
        "Other Income Expense": 2399000.0,
        "Other Non Operating Income Expenses": 3651000.0,
        "Special Income Charges": -2715000.0,
        "Write Off": NaN,
        "Impairment Of Capital Assets": NaN,
        "Restructuring And Mergern Acquisition": 2121000.0,
        "Gain On Sale Of Security": 1463000.0,
        "Net Non Operating Interest Income Expense": NaN,
        "Interest Expense Non Operating": NaN,
        "Operating Income": -1529000.0,
        "Operating Expense": 13435000.0,
        "Depreciation Amortization Depletion Income Statement": 1303000.0,
        "Depreciation And Amortization In Income Statement": 1303000.0,
        "Amortization": 1303000.0,
        "Amortization Of Intangibles Income Statement": 1303000.0,
        "Research And Development": 1044000.0,
        "Selling General And Administration": 11088000.0,
        "Selling And Marketing Expense": 6411000.0,
        "General And Administrative Expense": 4677000.0,
        "Other Gand A": 4677000.0,
        "Gross Profit": 11906000.0,
        "Cost Of Revenue": 6070000.0,
        "Total Revenue": 17976000.0,
        "Operating Revenue": 17976000.0
    },
    "2024-09-30": {
        "Tax Effect Of Unusual Items": 565920.0,
        "Tax Rate For Calcs": 0.27,
        "Normalized EBITDA": 1823000.0,
        "Total Unusual Items": 2096000.0,
        "Total Unusual Items Excluding Goodwill": 2096000.0,
        "Net Income From Continuing Operation Net Minority Interest": 1093000.0,
        "Reconciled Depreciation": 1427000.0,
        "Reconciled Cost Of Revenue": 4083000.0,
        "EBITDA": 3919000.0,
        "EBIT": 2492000.0,
        "Net Interest Income": -994000.0,
        "Interest Expense": 994000.0,
        "Normalized Income": -437080.0,
        "Net Income From Continuing And Discontinued Operation": 1474000.0,
        "Total Expenses": 16720000.0,
        "Total Operating Income As Reported": -930000.0,
        "Diluted Average Shares": 9099601.0,
        "Basic Average Shares": 6068019.0,
        "Diluted EPS": -0.15,
        "Basic EPS": 0.24,
        "Diluted NI Availto Com Stockholders": -1406000.0,
        "Average Dilution Earnings": -2880000.0,
        "Net Income Common Stockholders": 1474000.0,
        "Net Income": 1474000.0,
        "Net Income Including Noncontrolling Interests": 1474000.0,
        "Net Income Discontinuous Operations": 381000.0,
        "Net Income Continuous Operations": 1093000.0,
        "Tax Provision": 405000.0,
        "Pretax Income": 1498000.0,
        "Other Income Expense": 2638000.0,
        "Other Non Operating Income Expenses": 542000.0,
        "Special Income Charges": -784000.0,
        "Write Off": NaN,
        "Impairment Of Capital Assets": NaN,
        "Restructuring And Mergern Acquisition": 784000.0,
        "Gain On Sale Of Security": 2880000.0,
        "Net Non Operating Interest Income Expense": -994000.0,
        "Interest Expense Non Operating": 994000.0,
        "Operating Income": -146000.0,
        "Operating Expense": 12131000.0,
        "Depreciation Amortization Depletion Income Statement": 921000.0,
        "Depreciation And Amortization In Income Statement": 921000.0,
        "Amortization": 921000.0,
        "Amortization Of Intangibles Income Statement": 921000.0,
        "Research And Development": 426000.0,
        "Selling General And Administration": 10784000.0,
        "Selling And Marketing Expense": 5659000.0,
        "General And Administrative Expense": 5125000.0,
        "Other Gand A": 5125000.0,
        "Gross Profit": 11985000.0,
        "Cost Of Revenue": 4589000.0,
        "Total Revenue": 16574000.0,
        "Operating Revenue": 16574000.0
    },
    "2024-12-31": {
        "Tax Effect Of Unusual Items": 356790.0,
        "Tax Rate For Calcs": 0.21,
        "Normalized EBITDA": 935000.0,
        "Total Unusual Items": 1699000.0,
        "Total Unusual Items Excluding Goodwill": 1699000.0,
        "Net Income From Continuing Operation Net Minority Interest": 665000.0,
        "Reconciled Depreciation": 1173000.0,
        "Reconciled Cost Of Revenue": 5183000.0,
        "EBITDA": 2634000.0,
        "EBIT": 1461000.0,
        "Net Interest Income": -1079000.0,
        "Interest Expense": 1079000.0,
        "Normalized Income": -677210.0,
        "Net Income From Continuing And Discontinued Operation": 788000.0,
        "Total Expenses": 16599000.0,
        "Total Operating Income As Reported": -1695000.0,
        "Diluted Average Shares": 8485112.0,
        "Basic Average Shares": 6132060.0,
        "Diluted EPS": -0.26,
        "Basic EPS": 0.13,
        "Diluted NI Availto Com Stockholders": -2228000.0,
        "Average Dilution Earnings": -3016000.0,
        "Net Income Common Stockholders": 788000.0,
        "Net Income": 788000.0,
        "Net Income Including Noncontrolling Interests": 788000.0,
        "Net Income Discontinuous Operations": 123000.0,
        "Net Income Continuous Operations": 665000.0,
        "Tax Provision": -283000.0,
        "Pretax Income": 382000.0,
        "Other Income Expense": 1839000.0,
        "Other Non Operating Income Expenses": 140000.0,
        "Special Income Charges": -1317000.0,
        "Write Off": NaN,
        "Impairment Of Capital Assets": NaN,
        "Restructuring And Mergern Acquisition": 1317000.0,
        "Gain On Sale Of Security": 3016000.0,
        "Net Non Operating Interest Income Expense": -1079000.0,
        "Interest Expense Non Operating": 1079000.0,
        "Operating Income": -378000.0,
        "Operating Expense": 11164000.0,
        "Depreciation Amortization Depletion Income Statement": 921000.0,
        "Depreciation And Amortization In Income Statement": 921000.0,
        "Amortization": 921000.0,
        "Amortization Of Intangibles Income Statement": 921000.0,
        "Research And Development": 522000.0,
        "Selling General And Administration": 9721000.0,
        "Selling And Marketing Expense": 5272000.0,
        "General And Administrative Expense": 4449000.0,
        "Other Gand A": 4449000.0,
        "Gross Profit": 10786000.0,
        "Cost Of Revenue": 5435000.0,
        "Total Revenue": 16221000.0,
        "Operating Revenue": 16221000.0
    }
}