{
    "2023-06-30": {
        "Tax Effect Of Unusual Items": NaN,
        "Tax Rate For Calcs": NaN,
        "Normalized EBITDA": NaN,
        "Total Unusual Items": NaN,
        "Total Unusual Items Excluding Goodwill": NaN,
        "Net Income From Continuing Operation Net Minority Interest": NaN,
        "Reconciled Depreciation": NaN,
        "Reconciled Cost Of Revenue": NaN,
        "EBITDA": NaN,
        "EBIT": NaN,
        "Net Interest Income": NaN,
        "Interest Expense": NaN,
        "Interest Income": NaN,
        "Normalized Income": NaN,
        "Net Income From Continuing And Discontinued Operation": NaN,
        "Total Expenses": NaN,
        "Total Operating Income As Reported": NaN,
        "Diluted Average Shares": NaN,
        "Basic Average Shares": NaN,
        "Diluted EPS": NaN,
        "Basic EPS": NaN,
        "Diluted NI Availto Com Stockholders": NaN,
        "Net Income Common Stockholders": NaN,
        "Otherunder Preferred Stock Dividend": NaN,
        "Net Income": NaN,
        "Minority Interests": NaN,
        "Net Income Including Noncontrolling Interests": NaN,
        "Net Income Continuous Operations": NaN,
        "Tax Provision": NaN,
        "Pretax Income": NaN,
        "Special Income Charges": NaN,
        "Other Special Charges": NaN,
        "Net Non Operating Interest Income Expense": NaN,
        "Interest Expense Non Operating": NaN,
        "Interest Income Non Operating": NaN,
        "Operating Income": NaN,
        "Operating Expense": NaN,
        "Other Operating Expenses": NaN,
        "Research And Development": NaN,
        "Selling General And Administration": NaN,
        "Selling And Marketing Expense": NaN,
        "General And Administrative Expense": 4986000000.0,
        "Gross Profit": NaN,
        "Cost Of Revenue": NaN,
        "Total Revenue": NaN,
        "Operating Revenue": NaN
    },
    "2023-03-31": {
        "Tax Effect Of Unusual Items": NaN,
        "Tax Rate For Calcs": NaN,
        "Normalized EBITDA": NaN,
        "Total Unusual Items": 241000000.0,
        "Total Unusual Items Excluding Goodwill": 241000000.0,
        "Net Income From Continuing Operation Net Minority Interest": NaN,
        "Reconciled Depreciation": NaN,
        "Reconciled Cost Of Revenue": NaN,
        "EBITDA": NaN,
        "EBIT": NaN,
        "Net Interest Income": NaN,
        "Interest Expense": NaN,
        "Interest Income": NaN,
        "Normalized Income": NaN,
        "Net Income From Continuing And Discontinued Operation": NaN,
        "Total Expenses": NaN,
        "Total Operating Income As Reported": NaN,
        "Diluted Average Shares": NaN,
        "Basic Average Shares": NaN,
        "Diluted EPS": NaN,
        "Basic EPS": NaN,
        "Diluted NI Availto Com Stockholders": NaN,
        "Net Income Common Stockholders": NaN,
        "Otherunder Preferred Stock Dividend": NaN,
        "Net Income": NaN,
        "Minority Interests": NaN,
        "Net Income Including Noncontrolling Interests": NaN,
        "Net Income Continuous Operations": NaN,
        "Tax Provision": NaN,
        "Pretax Income": NaN,
        "Special Income Charges": 241000000.0,
        "Other Special Charges": -241000000.0,
        "Net Non Operating Interest Income Expense": NaN,
        "Interest Expense Non Operating": NaN,
        "Interest Income Non Operating": NaN,
        "Operating Income": NaN,
        "Operating Expense": NaN,
        "Other Operating Expenses": NaN,
        "Research And Development": NaN,
        "Selling General And Administration": NaN,
        "Selling And Marketing Expense": NaN,
        "General And Administrative Expense": NaN,
        "Gross Profit": NaN,
        "Cost Of Revenue": NaN,
        "Total Revenue": NaN,
        "Operating Revenue": NaN
    },
    "2022-12-31": {
        "Tax Effect Of Unusual Items": NaN,
        "Tax Rate For Calcs": NaN,
        "Normalized EBITDA": NaN,
        "Total Unusual Items": 779000000.0,
        "Total Unusual Items Excluding Goodwill": 779000000.0,
        "Net Income From Continuing Operation Net Minority Interest": NaN,
        "Reconciled Depreciation": NaN,
        "Reconciled Cost Of Revenue": NaN,
        "EBITDA": NaN,
        "EBIT": NaN,
        "Net Interest Income": NaN,
        "Interest Expense": NaN,
        "Interest Income": NaN,
        "Normalized Income": NaN,
        "Net Income From Continuing And Discontinued Operation": NaN,
        "Total Expenses": NaN,
        "Total Operating Income As Reported": NaN,
        "Diluted Average Shares": NaN,
        "Basic Average Shares": NaN,
        "Diluted EPS": NaN,
        "Basic EPS": NaN,
        "Diluted NI Availto Com Stockholders": NaN,
        "Net Income Common Stockholders": NaN,
        "Otherunder Preferred Stock Dividend": NaN,
        "Net Income": NaN,
        "Minority Interests": NaN,
        "Net Income Including Noncontrolling Interests": NaN,
        "Net Income Continuous Operations": NaN,
        "Tax Provision": NaN,
        "Pretax Income": NaN,
        "Special Income Charges": 765000000.0,
        "Other Special Charges": -624000000.0,
        "Restructuring And Mergern Acquisition": -141000000.0,
        "Net Non Operating Interest Income Expense": NaN,
        "Interest Expense Non Operating": NaN,
        "Interest Income Non Operating": NaN,
        "Operating Income": NaN,
        "Operating Expense": NaN,
        "Other Operating Expenses": NaN,
        "Research And Development": NaN,
        "Selling General And Administration": NaN,
        "Selling And Marketing Expense": NaN,
        "General And Administrative Expense": NaN,
        "Gross Profit": NaN,
        "Cost Of Revenue": NaN,
        "Total Revenue": NaN,
        "Operating Revenue": NaN
    },
    "2022-09-30": {
        "Tax Effect Of Unusual Items": NaN,
        "Tax Rate For Calcs": NaN,
        "Normalized EBITDA": NaN,
        "Total Unusual Items": -164000000.0,
        "Total Unusual Items Excluding Goodwill": -164000000.0,
        "Net Income From Continuing Operation Net Minority Interest": NaN,
        "Reconciled Depreciation": NaN,
        "Reconciled Cost Of Revenue": NaN,
        "EBITDA": NaN,
        "EBIT": NaN,
        "Net Interest Income": NaN,
        "Interest Expense": NaN,
        "Interest Income": NaN,
        "Normalized Income": NaN,
        "Net Income From Continuing And Discontinued Operation": NaN,
        "Total Expenses": NaN,
        "Total Operating Income As Reported": NaN,
        "Diluted Average Shares": NaN,
        "Basic Average Shares": NaN,
        "Diluted EPS": NaN,
        "Basic EPS": NaN,
        "Diluted NI Availto Com Stockholders": NaN,
        "Net Income Common Stockholders": NaN,
        "Otherunder Preferred Stock Dividend": NaN,
        "Net Income": NaN,
        "Minority Interests": NaN,
        "Net Income Including Noncontrolling Interests": NaN,
        "Net Income Continuous Operations": NaN,
        "Tax Provision": NaN,
        "Pretax Income": NaN,
        "Special Income Charges": -164000000.0,
        "Other Special Charges": 68000000.0,
        "Restructuring And Mergern Acquisition": 96000000.0,
        "Net Non Operating Interest Income Expense": NaN,
        "Interest Expense Non Operating": NaN,
        "Interest Income Non Operating": NaN,
        "Operating Income": NaN,
        "Operating Expense": NaN,
        "Other Operating Expenses": -106000000.0,
        "Depreciation And Amortization In Income Statement": 1056000000.0,
        "Amortization": 1056000000.0,
        "Depreciation Income Statement": 0.0,
        "Research And Development": NaN,
        "Selling General And Administration": NaN,
        "Selling And Marketing Expense": NaN,
        "General And Administrative Expense": 4277000000.0,
        "Gross Profit": NaN,
        "Cost Of Revenue": NaN,
        "Total Revenue": NaN,
        "Operating Revenue": NaN
    },
    "2022-06-30": {
        "Tax Effect Of Unusual Items": 0.0,
        "Tax Rate For Calcs": 0.4,
        "Normalized EBITDA": 1915000000.0,
        "Total Unusual Items": NaN,
        "Total Unusual Items Excluding Goodwill": NaN,
        "Net Income From Continuing Operation Net Minority Interest": 360000000.0,
        "Reconciled Depreciation": 1357000000.0,
        "Reconciled Cost Of Revenue": 2998000000.0,
        "EBITDA": 1915000000.0,
        "EBIT": 558000000.0,
        "Net Interest Income": -293000000.0,
        "Interest Expense": 311000000.0,
        "Interest Income": 18000000.0,
        "Normalized Income": 360000000.0,
        "Net Income From Continuing And Discontinued Operation": 360000000.0,
        "Total Expenses": 10232000000.0,
        "Total Operating Income As Reported": 539000000.0,
        "Diluted Average Shares": 3120000000.0,
        "Basic Average Shares": 3098000000.0,
        "Diluted EPS": 0.115,
        "Basic EPS": 0.115,
        "Diluted NI Availto Com Stockholders": 360000000.0,
        "Net Income Common Stockholders": 360000000.0,
        "Otherunder Preferred Stock Dividend": 0.0,
        "Net Income": 360000000.0,
        "Minority Interests": 0.0,
        "Net Income Including Noncontrolling Interests": 360000000.0,
        "Net Income Continuous Operations": 360000000.0,
        "Tax Provision": -113000000.0,
        "Pretax Income": 247000000.0,
        "Special Income Charges": NaN,
        "Other Special Charges": NaN,
        "Restructuring And Mergern Acquisition": NaN,
        "Net Non Operating Interest Income Expense": -293000000.0,
        "Interest Expense Non Operating": 311000000.0,
        "Interest Income Non Operating": 18000000.0,
        "Operating Income": 539000000.0,
        "Operating Expense": 7234000000.0,
        "Other Operating Expenses": NaN,
        "Depreciation And Amortization In Income Statement": NaN,
        "Amortization": NaN,
        "Depreciation Income Statement": NaN,
        "Research And Development": 2546000000.0,
        "Selling General And Administration": 4810000000.0,
        "Selling And Marketing Expense": 4810000000.0,
        "Gross Profit": 7773000000.0,
        "Cost Of Revenue": 2998000000.0,
        "Total Revenue": 10771000000.0,
        "Operating Revenue": 10771000000.0
    },
    "2022-03-31": {
        "Diluted EPS": 0.13,
        "Total Revenue": NaN,
        "Gross Profit": NaN,
        "Operating Income": 878,
        "EBIT": NaN,
        "Net Income": 386
    },
    "2021-12-31": {
        "Diluted EPS": -0.22,
        "Total Revenue": NaN,
        "Gross Profit": NaN,
        "Operating Income": -292,
        "EBIT": NaN,
        "Net Income": -347
    },
    "2021-09-30": {
        "Diluted EPS": -0.55,
        "Total Revenue": NaN,
        "Gross Profit": NaN,
        "Operating Income": NaN,
        "EBIT": NaN,
        "Net Income": NaN
    },
    "2021-06-30": {
        "Diluted EPS": 0.21,
        "Total Revenue": NaN,
        "Gross Profit": NaN,
        "Operating Income": NaN,
        "EBIT": NaN,
        "Net Income": 550
    },
    "2021-03-31": {
        "Diluted EPS": 0.6,
        "Total Revenue": NaN,
        "Gross Profit": NaN,
        "Operating Income": NaN,
        "EBIT": NaN,
        "Net Income": NaN
    },
    "2020-12-31": {
        "Diluted EPS": 0.39,
        "Total Revenue": NaN,
        "Gross Profit": NaN,
        "Operating Income": NaN,
        "EBIT": NaN,
        "Net Income": NaN
    },
    "2020-09-30": {
        "Diluted EPS": 0.25,
        "Total Revenue": NaN,
        "Gross Profit": NaN,
        "Operating Income": NaN,
        "EBIT": NaN,
        "Net Income": 648
    },
    "2020-06-30": {
        "Diluted EPS": 0.29,
        "Total Revenue": NaN,
        "Gross Profit": NaN,
        "Operating Income": NaN,
        "EBIT": NaN,
        "Net Income": 756
    },
    "2020-03-31": {
        "Diluted EPS": 0.3,
        "Total Revenue": NaN,
        "Gross Profit": NaN,
        "Operating Income": NaN,
        "EBIT": NaN,
        "Net Income": 780
    },
    "2019-12-31": {
        "Diluted EPS": 0.12,
        "Total Revenue": NaN,
        "Gross Profit": NaN,
        "Operating Income": 577,
        "EBIT": NaN,
        "Net Income": 313
    },
    "2019-09-30": {
        "Diluted EPS": 0.12,
        "Total Revenue": NaN,
        "Gross Profit": NaN,
        "Operating Income": 757,
        "EBIT": NaN,
        "Net Income": 299
    },
    "2019-06-30": {
        "Diluted EPS": 0.05,
        "Total Revenue": NaN,
        "Gross Profit": NaN,
        "Operating Income": 493,
        "EBIT": NaN,
        "Net Income": 130
    },
    "2019-03-31": {
        "Diluted EPS": 0.24,
        "Total Revenue": NaN,
        "Gross Profit": NaN,
        "Operating Income": NaN,
        "EBIT": NaN,
        "Net Income": 593
    },
    "2018-12-31": {
        "Diluted EPS": 0.41,
        "Total Revenue": NaN,
        "Gross Profit": NaN,
        "Operating Income": NaN,
        "EBIT": NaN,
        "Net Income": NaN
    },
    "2018-09-30": {
        "Diluted EPS": 0.17,
        "Total Revenue": NaN,
        "Gross Profit": NaN,
        "Operating Income": 851,
        "EBIT": NaN,
        "Net Income": 431
    },
    "2018-06-30": {
        "Diluted EPS": 0.14,
        "Total Revenue": NaN,
        "Gross Profit": NaN,
        "Operating Income": 763,
        "EBIT": NaN,
        "Net Income": 350
    },
    "2018-03-31": {
        "Diluted EPS": 0.14,
        "Total Revenue": NaN,
        "Gross Profit": NaN,
        "Operating Income": 696,
        "EBIT": NaN,
        "Net Income": 340
    },
    "2017-12-31": {
        "Diluted EPS": 0.51,
        "Total Revenue": NaN,
        "Gross Profit": NaN,
        "Operating Income": 686,
        "EBIT": NaN,
        "Net Income": NaN
    },
    "2017-09-30": {
        "Diluted EPS": 0.27,
        "Total Revenue": NaN,
        "Gross Profit": NaN,
        "Operating Income": NaN,
        "EBIT": NaN,
        "Net Income": 686
    },
    "2017-06-30": {
        "Diluted EPS": 0.19,
        "Total Revenue": NaN,
        "Gross Profit": NaN,
        "Operating Income": 925,
        "EBIT": NaN,
        "Net Income": 477
    },
    "2017-03-31": {
        "Diluted EPS": 0.21,
        "Total Revenue": NaN,
        "Gross Profit": NaN,
        "Operating Income": 917,
        "EBIT": NaN,
        "Net Income": 537
    },
    "2016-12-31": {
        "Diluted EPS": 0.73,
        "Total Revenue": NaN,
        "Gross Profit": NaN,
        "Operating Income": NaN,
        "EBIT": NaN,
        "Net Income": NaN
    },
    "2016-09-30": {
        "Diluted EPS": 0.4,
        "Total Revenue": NaN,
        "Gross Profit": NaN,
        "Operating Income": NaN,
        "EBIT": NaN,
        "Net Income": NaN
    },
    "2016-06-30": {
        "Diluted EPS": 0.0,
        "Total Revenue": NaN,
        "Gross Profit": NaN,
        "Operating Income": 303,
        "EBIT": 890,
        "Net Income": -3
    },
    "2016-03-31": {
        "Diluted EPS": 0.26,
        "Total Revenue": NaN,
        "Gross Profit": NaN,
        "Operating Income": NaN,
        "EBIT": NaN,
        "Net Income": 646
    },
    "2015-12-31": {
        "Diluted EPS": 0.32,
        "Total Revenue": NaN,
        "Gross Profit": NaN,
        "Operating Income": NaN,
        "EBIT": NaN,
        "Net Income": 808
    },
    "2015-09-30": {
        "Diluted EPS": 0.3,
        "Total Revenue": NaN,
        "Gross Profit": NaN,
        "Operating Income": NaN,
        "EBIT": NaN,
        "Net Income": 770
    },
    "2015-06-30": {
        "Diluted EPS": 0.28,
        "Total Revenue": NaN,
        "Gross Profit": NaN,
        "Operating Income": 923,
        "EBIT": NaN,
        "Net Income": 697
    },
    "2015-03-31": {
        "Diluted EPS": 0.22,
        "Total Revenue": NaN,
        "Gross Profit": NaN,
        "Operating Income": 933,
        "EBIT": NaN,
        "Net Income": 550
    },
    "2014-12-31": {
        "Diluted EPS": -0.13,
        "Total Revenue": NaN,
        "Gross Profit": NaN,
        "Operating Income": -349,
        "EBIT": 672,
        "Net Income": -321
    },
    "2014-09-30": {
        "Diluted EPS": 0.1,
        "Total Revenue": NaN,
        "Gross Profit": NaN,
        "Operating Income": 541,
        "EBIT": NaN,
        "Net Income": 254
    },
    "2014-06-30": {
        "Diluted EPS": 0.32,
        "Total Revenue": NaN,
        "Gross Profit": NaN,
        "Operating Income": NaN,
        "EBIT": NaN,
        "Net Income": 796
    },
    "2014-03-31": {
        "Diluted EPS": 0.2,
        "Total Revenue": NaN,
        "Gross Profit": NaN,
        "Operating Income": 836,
        "EBIT": NaN,
        "Net Income": 504
    },
    "2013-12-31": {
        "Diluted EPS": -0.21,
        "Total Revenue": NaN,
        "Gross Profit": NaN,
        "Operating Income": -591,
        "EBIT": NaN,
        "Net Income": -524
    },
    "2013-09-30": {
        "Diluted EPS": 0.5,
        "Total Revenue": NaN,
        "Gross Profit": NaN,
        "Operating Income": NaN,
        "EBIT": NaN,
        "Net Income": NaN
    },
    "2013-06-30": {
        "Diluted EPS": 0.33,
        "Total Revenue": NaN,
        "Gross Profit": NaN,
        "Operating Income": NaN,
        "EBIT": NaN,
        "Net Income": 823
    },
    "2013-03-31": {
        "Diluted EPS": 0.41,
        "Total Revenue": NaN,
        "Gross Profit": NaN,
        "Operating Income": NaN,
        "EBIT": NaN,
        "Net Income": NaN
    },
    "2012-12-31": {
        "Diluted EPS": 0.61,
        "Total Revenue": NaN,
        "Gross Profit": NaN,
        "Operating Income": NaN,
        "EBIT": NaN,
        "Net Income": NaN
    },
    "2012-09-30": {
        "Diluted EPS": 0.6,
        "Total Revenue": NaN,
        "Gross Profit": NaN,
        "Operating Income": NaN,
        "EBIT": NaN,
        "Net Income": NaN
    },
    "2012-06-30": {
        "Diluted EPS": 0.63,
        "Total Revenue": NaN,
        "Gross Profit": NaN,
        "Operating Income": NaN,
        "EBIT": NaN,
        "Net Income": NaN
    },
    "2012-03-31": {
        "Diluted EPS": 0.64,
        "Total Revenue": NaN,
        "Gross Profit": NaN,
        "Operating Income": NaN,
        "EBIT": NaN,
        "Net Income": NaN
    },
    "2011-12-31": {
        "Diluted EPS": 0.58,
        "Total Revenue": NaN,
        "Gross Profit": NaN,
        "Operating Income": NaN,
        "EBIT": NaN,
        "Net Income": NaN
    },
    "2011-09-30": {
        "Diluted EPS": 1.27,
        "Total Revenue": NaN,
        "Gross Profit": NaN,
        "Operating Income": NaN,
        "EBIT": NaN,
        "Net Income": NaN
    },
    "2011-06-30": {
        "Diluted EPS": 0.77,
        "Total Revenue": NaN,
        "Gross Profit": NaN,
        "Operating Income": NaN,
        "EBIT": NaN,
        "Net Income": NaN
    },
    "2011-03-31": {
        "Diluted EPS": 1.04,
        "Total Revenue": NaN,
        "Gross Profit": NaN,
        "Operating Income": NaN,
        "EBIT": NaN,
        "Net Income": NaN
    },
    "2010-12-31": {
        "Diluted EPS": 0.57,
        "Total Revenue": NaN,
        "Gross Profit": NaN,
        "Operating Income": NaN,
        "EBIT": NaN,
        "Net Income": NaN
    },
    "2010-09-30": {
        "Diluted EPS": 0.54,
        "Total Revenue": NaN,
        "Gross Profit": NaN,
        "Operating Income": NaN,
        "EBIT": NaN,
        "Net Income": NaN
    },
    "2010-06-30": {
        "Diluted EPS": 0.73,
        "Total Revenue": NaN,
        "Gross Profit": NaN,
        "Operating Income": NaN,
        "EBIT": NaN,
        "Net Income": NaN
    },
    "2010-03-31": {
        "Diluted EPS": 0.96,
        "Total Revenue": NaN,
        "Gross Profit": NaN,
        "Operating Income": NaN,
        "EBIT": NaN,
        "Net Income": NaN
    },
    "2009-12-31": {
        "Diluted EPS": 0.54,
        "Total Revenue": NaN,
        "Gross Profit": NaN,
        "Operating Income": NaN,
        "EBIT": NaN,
        "Net Income": NaN
    },
    "2009-09-30": {
        "Diluted EPS": 0.73,
        "Total Revenue": NaN,
        "Gross Profit": NaN,
        "Operating Income": NaN,
        "EBIT": NaN,
        "Net Income": NaN
    },
    "2009-06-30": {
        "Diluted EPS": 0.59,
        "Total Revenue": NaN,
        "Gross Profit": NaN,
        "Operating Income": NaN,
        "EBIT": NaN,
        "Net Income": NaN
    },
    "2009-03-31": {
        "Diluted EPS": 0.74,
        "Total Revenue": NaN,
        "Gross Profit": NaN,
        "Operating Income": NaN,
        "EBIT": NaN,
        "Net Income": NaN
    },
    "2023-09-30": {
        "Tax Effect Of Unusual Items": NaN,
        "Tax Rate For Calcs": NaN,
        "Normalized EBITDA": NaN,
        "Total Unusual Items": NaN,
        "Total Unusual Items Excluding Goodwill": NaN,
        "Net Income From Continuing Operation Net Minority Interest": NaN,
        "Reconciled Depreciation": NaN,
        "Reconciled Cost Of Revenue": NaN,
        "EBITDA": NaN,
        "EBIT": NaN,
        "Net Interest Income": NaN,
        "Interest Expense": NaN,
        "Interest Income": NaN,
        "Normalized Income": NaN,
        "Net Income From Continuing And Discontinued Operation": NaN,
        "Total Expenses": NaN,
        "Total Operating Income As Reported": NaN,
        "Diluted Average Shares": NaN,
        "Basic Average Shares": NaN,
        "Diluted EPS": NaN,
        "Basic EPS": NaN,
        "Diluted NI Availto Com Stockholders": NaN,
        "Net Income Common Stockholders": NaN,
        "Otherunder Preferred Stock Dividend": NaN,
        "Net Income": NaN,
        "Minority Interests": NaN,
        "Net Income Including Noncontrolling Interests": NaN,
        "Net Income Continuous Operations": NaN,
        "Tax Provision": NaN,
        "Pretax Income": NaN,
        "Special Income Charges": NaN,
        "Other Special Charges": NaN,
        "Net Non Operating Interest Income Expense": NaN,
        "Interest Expense Non Operating": NaN,
        "Interest Income Non Operating": NaN,
        "Operating Income": NaN,
        "Operating Expense": NaN,
        "Other Operating Expenses": -70000000.0,
        "Research And Development": NaN,
        "Selling General And Administration": NaN,
        "Selling And Marketing Expense": NaN,
        "General And Administrative Expense": NaN,
        "Gross Profit": NaN,
        "Cost Of Revenue": NaN,
        "Total Revenue": NaN,
        "Operating Revenue": NaN
    },
    "2023-12-31": {
        "Tax Effect Of Unusual Items": NaN,
        "Tax Rate For Calcs": NaN,
        "Normalized EBITDA": NaN,
        "Total Unusual Items": -730000000.0,
        "Total Unusual Items Excluding Goodwill": -730000000.0,
        "Net Income From Continuing Operation Net Minority Interest": NaN,
        "Reconciled Depreciation": NaN,
        "Reconciled Cost Of Revenue": NaN,
        "EBITDA": NaN,
        "EBIT": NaN,
        "Net Interest Income": NaN,
        "Interest Expense": NaN,
        "Interest Income": NaN,
        "Normalized Income": NaN,
        "Net Income From Continuing And Discontinued Operation": NaN,
        "Total Expenses": NaN,
        "Total Operating Income As Reported": NaN,
        "Diluted Average Shares": NaN,
        "Basic Average Shares": NaN,
        "Diluted EPS": NaN,
        "Basic EPS": NaN,
        "Diluted NI Availto Com Stockholders": NaN,
        "Net Income Common Stockholders": NaN,
        "Otherunder Preferred Stock Dividend": NaN,
        "Net Income": NaN,
        "Minority Interests": NaN,
        "Net Income Including Noncontrolling Interests": NaN,
        "Net Income Continuous Operations": NaN,
        "Tax Provision": NaN,
        "Pretax Income": NaN,
        "Special Income Charges": -770000000.0,
        "Other Special Charges": 250000000.0,
        "Net Non Operating Interest Income Expense": NaN,
        "Interest Expense Non Operating": NaN,
        "Interest Income Non Operating": NaN,
        "Operating Income": NaN,
        "Operating Expense": NaN,
        "Other Operating Expenses": -107000000.0,
        "Research And Development": NaN,
        "Selling General And Administration": NaN,
        "Selling And Marketing Expense": NaN,
        "General And Administrative Expense": NaN,
        "Gross Profit": NaN,
        "Cost Of Revenue": NaN,
        "Total Revenue": NaN,
        "Operating Revenue": NaN
    },
    "2024-03-31": {
        "Tax Effect Of Unusual Items": NaN,
        "Tax Rate For Calcs": NaN,
        "Normalized EBITDA": NaN,
        "Total Unusual Items": 0.0,
        "Total Unusual Items Excluding Goodwill": 0.0,
        "Net Income From Continuing Operation Net Minority Interest": NaN,
        "Reconciled Depreciation": NaN,
        "Reconciled Cost Of Revenue": NaN,
        "EBITDA": NaN,
        "EBIT": NaN,
        "Net Interest Income": NaN,
        "Interest Expense": NaN,
        "Interest Income": NaN,
        "Normalized Income": NaN,
        "Net Income From Continuing And Discontinued Operation": NaN,
        "Total Expenses": NaN,
        "Total Operating Income As Reported": NaN,
        "Diluted Average Shares": NaN,
        "Basic Average Shares": NaN,
        "Diluted EPS": NaN,
        "Basic EPS": NaN,
        "Diluted NI Availto Com Stockholders": NaN,
        "Net Income Common Stockholders": NaN,
        "Otherunder Preferred Stock Dividend": NaN,
        "Net Income": NaN,
        "Minority Interests": NaN,
        "Net Income Including Noncontrolling Interests": NaN,
        "Net Income Continuous Operations": NaN,
        "Tax Provision": NaN,
        "Pretax Income": NaN,
        "Special Income Charges": 0.0,
        "Net Non Operating Interest Income Expense": NaN,
        "Interest Expense Non Operating": NaN,
        "Interest Income Non Operating": NaN,
        "Operating Income": NaN,
        "Operating Expense": NaN,
        "Other Operating Expenses": NaN,
        "Research And Development": NaN,
        "Selling General And Administration": NaN,
        "Selling And Marketing Expense": NaN,
        "General And Administrative Expense": NaN,
        "Gross Profit": NaN,
        "Cost Of Revenue": NaN,
        "Total Revenue": NaN,
        "Operating Revenue": NaN
    },
    "2024-06-30": {
        "Tax Effect Of Unusual Items": NaN,
        "Tax Rate For Calcs": NaN,
        "Normalized EBITDA": NaN,
        "Net Income From Continuing Operation Net Minority Interest": NaN,
        "Reconciled Depreciation": NaN,
        "Reconciled Cost Of Revenue": NaN,
        "EBITDA": NaN,
        "EBIT": NaN,
        "Net Interest Income": NaN,
        "Interest Expense": NaN,
        "Interest Income": NaN,
        "Normalized Income": NaN,
        "Net Income From Continuing And Discontinued Operation": NaN,
        "Total Expenses": NaN,
        "Total Operating Income As Reported": NaN,
        "Diluted Average Shares": 1560000000.0,
        "Basic Average Shares": 1550000000.0,
        "Diluted EPS": 1.24,
        "Basic EPS": 1.24,
        "Diluted NI Availto Com Stockholders": NaN,
        "Net Income Common Stockholders": NaN,
        "Otherunder Preferred Stock Dividend": NaN,
        "Net Income": NaN,
        "Minority Interests": NaN,
        "Net Income Including Noncontrolling Interests": NaN,
        "Net Income Continuous Operations": NaN,
        "Tax Provision": NaN,
        "Pretax Income": NaN,
        "Net Non Operating Interest Income Expense": NaN,
        "Interest Expense Non Operating": NaN,
        "Interest Income Non Operating": NaN,
        "Operating Income": NaN,
        "Operating Expense": NaN,
        "Other Operating Expenses": -60000000.0,
        "Research And Development": NaN,
        "Selling General And Administration": NaN,
        "Selling And Marketing Expense": NaN,
        "General And Administrative Expense": NaN,
        "Gross Profit": NaN,
        "Cost Of Revenue": NaN,
        "Total Revenue": NaN,
        "Operating Revenue": NaN
    },
    "2024-09-30": {
        "Tax Effect Of Unusual Items": 0.0,
        "Tax Rate For Calcs": 0.22,
        "Normalized EBITDA": 4102000000.0,
        "Net Income From Continuing Operation Net Minority Interest": 1429000000.0,
        "Reconciled Depreciation": 1817000000.0,
        "Reconciled Cost Of Revenue": 3081000000.0,
        "EBITDA": 4102000000.0,
        "EBIT": 2285000000.0,
        "Net Interest Income": -274000000.0,
        "Interest Expense": 457000000.0,
        "Interest Income": 183000000.0,
        "Normalized Income": 1429000000.0,
        "Net Income From Continuing And Discontinued Operation": 1429000000.0,
        "Total Expenses": 11459000000.0,
        "Total Operating Income As Reported": 2106000000.0,
        "Diluted Average Shares": 1562000000.0,
        "Basic Average Shares": 1550000000.0,
        "Diluted EPS": 0.91,
        "Basic EPS": 0.92,
        "Diluted NI Availto Com Stockholders": 1429000000.0,
        "Net Income Common Stockholders": 1429000000.0,
        "Otherunder Preferred Stock Dividend": 0.0,
        "Net Income": 1429000000.0,
        "Minority Interests": -4000000.0,
        "Net Income Including Noncontrolling Interests": 1433000000.0,
        "Net Income Continuous Operations": 1433000000.0,
        "Tax Provision": 395000000.0,
        "Pretax Income": 1828000000.0,
        "Net Non Operating Interest Income Expense": -274000000.0,
        "Interest Expense Non Operating": 457000000.0,
        "Interest Income Non Operating": 183000000.0,
        "Operating Income": 2106000000.0,
        "Operating Expense": 8378000000.0,
        "Other Operating Expenses": NaN,
        "Research And Development": 3115000000.0,
        "Selling General And Administration": 5288000000.0,
        "Selling And Marketing Expense": 145000000.0,
        "General And Administrative Expense": 5143000000.0,
        "Gross Profit": 10484000000.0,
        "Cost Of Revenue": 3081000000.0,
        "Total Revenue": 13565000000.0,
        "Operating Revenue": 13565000000.0
    },
    "2024-12-31": {
        "Tax Effect Of Unusual Items": 0.0,
        "Tax Rate For Calcs": 0.1,
        "Normalized EBITDA": 2809000000.0,
        "Net Income From Continuing Operation Net Minority Interest": 1500000000.0,
        "Reconciled Depreciation": 714000000.0,
        "Reconciled Cost Of Revenue": 2725000000.0,
        "EBITDA": 2809000000.0,
        "EBIT": 2095000000.0,
        "Net Interest Income": -365000000.0,
        "Interest Expense": 429000000.0,
        "Interest Income": 64000000.0,
        "Normalized Income": 1500000000.0,
        "Net Income From Continuing And Discontinued Operation": 1500000000.0,
        "Total Expenses": 12855000000.0,
        "Total Operating Income As Reported": 2036000000.0,
        "Diluted Average Shares": 1562000000.0,
        "Basic Average Shares": 1550000000.0,
        "Diluted EPS": 0.96,
        "Basic EPS": 0.97,
        "Diluted NI Availto Com Stockholders": 1500000000.0,
        "Net Income Common Stockholders": 1500000000.0,
        "Otherunder Preferred Stock Dividend": 0.0,
        "Net Income": 1500000000.0,
        "Minority Interests": 0.0,
        "Net Income Including Noncontrolling Interests": 1500000000.0,
        "Net Income Continuous Operations": 1500000000.0,
        "Tax Provision": 166000000.0,
        "Pretax Income": 1666000000.0,
        "Net Non Operating Interest Income Expense": -365000000.0,
        "Interest Expense Non Operating": 429000000.0,
        "Interest Income Non Operating": 64000000.0,
        "Operating Income": 2036000000.0,
        "Operating Expense": 10130000000.0,
        "Other Operating Expenses": NaN,
        "Research And Development": 4677000000.0,
        "Selling General And Administration": 5553000000.0,
        "Selling And Marketing Expense": 143000000.0,
        "General And Administrative Expense": 5410000000.0,
        "Gross Profit": 12166000000.0,
        "Cost Of Revenue": 2725000000.0,
        "Total Revenue": 14891000000.0,
        "Operating Revenue": 14891000000.0
    },
    "2025-03-31": {
        "Tax Effect Of Unusual Items": 0.0,
        "Tax Rate For Calcs": 0.14,
        "Normalized EBITDA": 5035000000.0,
        "Net Income From Continuing Operation Net Minority Interest": 2916000000.0,
        "Reconciled Depreciation": 1284000000.0,
        "Reconciled Cost Of Revenue": 2241000000.0,
        "EBITDA": 5035000000.0,
        "EBIT": 3751000000.0,
        "Net Interest Income": -265000000.0,
        "Interest Expense": 349000000.0,
        "Interest Income": 84000000.0,
        "Normalized Income": 2916000000.0,
        "Net Income From Continuing And Discontinued Operation": 2916000000.0,
        "Total Expenses": 9914000000.0,
        "Total Operating Income As Reported": 3674000000.0,
        "Diluted Average Shares": 1561000000.0,
        "Basic Average Shares": 1550000000.0,
        "Diluted EPS": 1.87,
        "Basic EPS": 1.88,
        "Diluted NI Availto Com Stockholders": 2916000000.0,
        "Net Income Common Stockholders": 2916000000.0,
        "Otherunder Preferred Stock Dividend": 0.0,
        "Net Income": 2916000000.0,
        "Minority Interests": -5000000.0,
        "Net Income Including Noncontrolling Interests": 2921000000.0,
        "Net Income Continuous Operations": 2921000000.0,
        "Tax Provision": 481000000.0,
        "Pretax Income": 3402000000.0,
        "Net Non Operating Interest Income Expense": -265000000.0,
        "Interest Expense Non Operating": 349000000.0,
        "Interest Income Non Operating": 84000000.0,
        "Operating Income": 3674000000.0,
        "Operating Expense": 7673000000.0,
        "Other Operating Expenses": NaN,
        "Research And Development": 3159000000.0,
        "Selling General And Administration": 4627000000.0,
        "Selling And Marketing Expense": 135000000.0,
        "General And Administrative Expense": 4492000000.0,
        "Gross Profit": 11347000000.0,
        "Cost Of Revenue": 2241000000.0,
        "Total Revenue": 13588000000.0,
        "Operating Revenue": 13588000000.0
    },
    "2025-06-30": {
        "Tax Effect Of Unusual Items": 0.0,
        "Tax Rate For Calcs": 0.22,
        "Normalized EBITDA": 4955000000.0,
        "Net Income From Continuing Operation Net Minority Interest": 2450000000.0,
        "Reconciled Depreciation": 1389000000.0,
        "Reconciled Cost Of Revenue": 2473000000.0,
        "EBITDA": 4955000000.0,
        "EBIT": 3566000000.0,
        "Net Interest Income": -371000000.0,
        "Interest Expense": 439000000.0,
        "Interest Income": 68000000.0,
        "Normalized Income": 2450000000.0,
        "Net Income From Continuing And Discontinued Operation": 2450000000.0,
        "Total Expenses": 10949000000.0,
        "Total Operating Income As Reported": 3508000000.0,
        "Diluted Average Shares": 1559000000.0,
        "Basic Average Shares": 1550000000.0,
        "Diluted EPS": 1.57,
        "Basic EPS": 1.58,
        "Diluted NI Availto Com Stockholders": 2450000000.0,
        "Net Income Common Stockholders": 2450000000.0,
        "Otherunder Preferred Stock Dividend": 0.0,
        "Net Income": 2450000000.0,
        "Minority Interests": 2000000.0,
        "Net Income Including Noncontrolling Interests": 2448000000.0,
        "Net Income Continuous Operations": 2448000000.0,
        "Tax Provision": 679000000.0,
        "Pretax Income": 3127000000.0,
        "Net Non Operating Interest Income Expense": -371000000.0,
        "Interest Expense Non Operating": 439000000.0,
        "Interest Income Non Operating": 68000000.0,
        "Operating Income": 3508000000.0,
        "Operating Expense": 8476000000.0,
        "Other Operating Expenses": -79000000.0,
        "Research And Development": 3548000000.0,
        "Selling General And Administration": 5007000000.0,
        "Selling And Marketing Expense": 143000000.0,
        "General And Administrative Expense": 4864000000.0,
        "Gross Profit": 11984000000.0,
        "Cost Of Revenue": 2473000000.0,
        "Total Revenue": 14457000000.0,
        "Operating Revenue": 14457000000.0
    },
    "2025-09-30": {
        "Tax Effect Of Unusual Items": 0.0,
        "Tax Rate For Calcs": 0.22,
        "Normalized EBITDA": 5227000000.0,
        "Net Income From Continuing Operation Net Minority Interest": 2533000000.0,
        "Reconciled Depreciation": 1549000000.0,
        "Reconciled Cost Of Revenue": 2801000000.0,
        "EBITDA": 5227000000.0,
        "EBIT": 3678000000.0,
        "Net Interest Income": -349000000.0,
        "Interest Expense": 434000000.0,
        "Interest Income": 85000000.0,
        "Normalized Income": 2533000000.0,
        "Net Income From Continuing And Discontinued Operation": 2533000000.0,
        "Total Expenses": 11608000000.0,
        "Total Operating Income As Reported": 3583000000.0,
        "Diluted Average Shares": NaN,
        "Basic Average Shares": NaN,
        "Diluted EPS": NaN,
        "Basic EPS": NaN,
        "Diluted NI Availto Com Stockholders": 2533000000.0,
        "Net Income Common Stockholders": 2533000000.0,
        "Otherunder Preferred Stock Dividend": 0.0,
        "Net Income": 2533000000.0,
        "Minority Interests": -2000000.0,
        "Net Income Including Noncontrolling Interests": 2535000000.0,
        "Net Income Continuous Operations": 2535000000.0,
        "Tax Provision": 709000000.0,
        "Pretax Income": 3244000000.0,
        "Net Non Operating Interest Income Expense": -349000000.0,
        "Interest Expense Non Operating": 434000000.0,
        "Interest Income Non Operating": 85000000.0,
        "Operating Income": 3583000000.0,
        "Operating Expense": 8807000000.0,
        "Other Operating Expenses": -89000000.0,
        "Research And Development": 3663000000.0,
        "Selling General And Administration": 5233000000.0,
        "Selling And Marketing Expense": 148000000.0,
        "General And Administrative Expense": 5085000000.0,
        "Gross Profit": 12390000000.0,
        "Cost Of Revenue": 2801000000.0,
        "Total Revenue": 15191000000.0,
        "Operating Revenue": 15191000000.0
    }
}