{
    "2023-06-30": {
        "Tax Effect Of Unusual Items": NaN,
        "Tax Rate For Calcs": NaN,
        "Normalized EBITDA": NaN,
        "Total Unusual Items": 0.0,
        "Total Unusual Items Excluding Goodwill": 0.0,
        "Net Income From Continuing Operation Net Minority Interest": NaN,
        "Reconciled Depreciation": NaN,
        "Reconciled Cost Of Revenue": NaN,
        "EBITDA": NaN,
        "EBIT": NaN,
        "Net Interest Income": NaN,
        "Interest Expense": NaN,
        "Normalized Income": NaN,
        "Net Income From Continuing And Discontinued Operation": NaN,
        "Total Expenses": NaN,
        "Total Operating Income As Reported": NaN,
        "Diluted Average Shares": 51225545.0,
        "Basic Average Shares": 51051780.0,
        "Diluted EPS": 0.34,
        "Basic EPS": 0.34,
        "Diluted NI Availto Com Stockholders": NaN,
        "Net Income Common Stockholders": NaN,
        "Net Income": NaN,
        "Net Income Including Noncontrolling Interests": NaN,
        "Net Income Continuous Operations": NaN,
        "Tax Provision": NaN,
        "Pretax Income": NaN,
        "Other Income Expense": NaN,
        "Other Non Operating Income Expenses": NaN,
        "Special Income Charges": 0.0,
        "Gain On Sale Of Business": 0.0,
        "Impairment Of Capital Assets": 0.0,
        "Net Non Operating Interest Income Expense": NaN,
        "Interest Expense Non Operating": NaN,
        "Operating Income": NaN,
        "Operating Expense": NaN,
        "Selling General And Administration": NaN,
        "Gross Profit": NaN,
        "Cost Of Revenue": NaN,
        "Total Revenue": NaN,
        "Operating Revenue": NaN
    },
    "2023-03-31": {
        "Tax Effect Of Unusual Items": NaN,
        "Tax Rate For Calcs": NaN,
        "Normalized EBITDA": NaN,
        "Total Unusual Items": NaN,
        "Total Unusual Items Excluding Goodwill": NaN,
        "Net Income From Continuing Operation Net Minority Interest": NaN,
        "Reconciled Depreciation": NaN,
        "Reconciled Cost Of Revenue": NaN,
        "EBITDA": NaN,
        "EBIT": NaN,
        "Net Interest Income": NaN,
        "Interest Expense": NaN,
        "Normalized Income": NaN,
        "Net Income From Continuing And Discontinued Operation": NaN,
        "Total Expenses": NaN,
        "Total Operating Income As Reported": NaN,
        "Diluted Average Shares": 51264435.0,
        "Basic Average Shares": 50989169.0,
        "Diluted EPS": 0.26,
        "Basic EPS": 0.26,
        "Diluted NI Availto Com Stockholders": NaN,
        "Net Income Common Stockholders": NaN,
        "Net Income": NaN,
        "Net Income Including Noncontrolling Interests": NaN,
        "Net Income Continuous Operations": NaN,
        "Tax Provision": NaN,
        "Pretax Income": NaN,
        "Other Income Expense": NaN,
        "Other Non Operating Income Expenses": NaN,
        "Special Income Charges": NaN,
        "Gain On Sale Of Business": NaN,
        "Impairment Of Capital Assets": NaN,
        "Net Non Operating Interest Income Expense": NaN,
        "Interest Expense Non Operating": NaN,
        "Operating Income": NaN,
        "Operating Expense": NaN,
        "Selling General And Administration": NaN,
        "Gross Profit": NaN,
        "Cost Of Revenue": NaN,
        "Total Revenue": NaN,
        "Operating Revenue": NaN
    },
    "2022-12-31": {
        "Tax Effect Of Unusual Items": NaN,
        "Tax Rate For Calcs": NaN,
        "Normalized EBITDA": NaN,
        "Total Unusual Items": 0.0,
        "Total Unusual Items Excluding Goodwill": 0.0,
        "Net Income From Continuing Operation Net Minority Interest": NaN,
        "Reconciled Depreciation": NaN,
        "Reconciled Cost Of Revenue": NaN,
        "EBITDA": NaN,
        "EBIT": NaN,
        "Net Interest Income": NaN,
        "Interest Expense": NaN,
        "Normalized Income": NaN,
        "Net Income From Continuing And Discontinued Operation": NaN,
        "Total Expenses": NaN,
        "Total Operating Income As Reported": NaN,
        "Diluted Average Shares": NaN,
        "Basic Average Shares": NaN,
        "Diluted EPS": NaN,
        "Basic EPS": NaN,
        "Diluted NI Availto Com Stockholders": NaN,
        "Net Income Common Stockholders": NaN,
        "Net Income": NaN,
        "Net Income Including Noncontrolling Interests": NaN,
        "Net Income Continuous Operations": NaN,
        "Tax Provision": NaN,
        "Pretax Income": NaN,
        "Other Income Expense": NaN,
        "Other Non Operating Income Expenses": NaN,
        "Special Income Charges": 0.0,
        "Gain On Sale Of Business": NaN,
        "Impairment Of Capital Assets": 0.0,
        "Net Non Operating Interest Income Expense": NaN,
        "Interest Expense Non Operating": NaN,
        "Operating Income": NaN,
        "Operating Expense": NaN,
        "Selling General And Administration": NaN,
        "Gross Profit": NaN,
        "Cost Of Revenue": NaN,
        "Total Revenue": NaN,
        "Operating Revenue": NaN
    },
    "2022-09-30": {
        "Tax Effect Of Unusual Items": NaN,
        "Tax Rate For Calcs": NaN,
        "Normalized EBITDA": NaN,
        "Total Unusual Items": 0.0,
        "Total Unusual Items Excluding Goodwill": 0.0,
        "Net Income From Continuing Operation Net Minority Interest": NaN,
        "Reconciled Depreciation": NaN,
        "Reconciled Cost Of Revenue": NaN,
        "EBITDA": NaN,
        "EBIT": NaN,
        "Net Interest Income": NaN,
        "Interest Expense": NaN,
        "Normalized Income": NaN,
        "Net Income From Continuing And Discontinued Operation": NaN,
        "Total Expenses": NaN,
        "Total Operating Income As Reported": NaN,
        "Diluted Average Shares": NaN,
        "Basic Average Shares": NaN,
        "Diluted EPS": NaN,
        "Basic EPS": NaN,
        "Diluted NI Availto Com Stockholders": NaN,
        "Net Income Common Stockholders": NaN,
        "Net Income": NaN,
        "Net Income Including Noncontrolling Interests": NaN,
        "Net Income Continuous Operations": NaN,
        "Tax Provision": NaN,
        "Pretax Income": NaN,
        "Other Income Expense": NaN,
        "Other Non Operating Income Expenses": NaN,
        "Special Income Charges": 0.0,
        "Impairment Of Capital Assets": 0.0,
        "Net Non Operating Interest Income Expense": NaN,
        "Interest Expense Non Operating": NaN,
        "Operating Income": NaN,
        "Operating Expense": NaN,
        "Selling General And Administration": NaN,
        "Gross Profit": NaN,
        "Cost Of Revenue": NaN,
        "Total Revenue": NaN,
        "Operating Revenue": NaN
    },
    "2022-06-30": {
        "Tax Effect Of Unusual Items": -27277600.0,
        "Tax Rate For Calcs": 0.4,
        "Normalized EBITDA": 62970000.0,
        "Total Unusual Items": -68194000.0,
        "Total Unusual Items Excluding Goodwill": -68194000.0,
        "Net Income From Continuing Operation Net Minority Interest": -39552000.0,
        "Reconciled Depreciation": 22560000.0,
        "Reconciled Cost Of Revenue": 212754000.0,
        "EBITDA": -5224000.0,
        "EBIT": -27784000.0,
        "Net Interest Income": -3325000.0,
        "Interest Expense": 3325000.0,
        "Normalized Income": 1364400.0,
        "Net Income From Continuing And Discontinued Operation": -39552000.0,
        "Total Expenses": 281261000.0,
        "Total Operating Income As Reported": -28187000.0,
        "Diluted Average Shares": 51004375.0,
        "Basic Average Shares": 51004375.0,
        "Diluted EPS": -0.78,
        "Basic EPS": -0.78,
        "Diluted NI Availto Com Stockholders": -39552000.0,
        "Net Income Common Stockholders": -39552000.0,
        "Net Income": -39552000.0,
        "Net Income Including Noncontrolling Interests": -39552000.0,
        "Net Income Continuous Operations": -39552000.0,
        "Tax Provision": 8443000.0,
        "Pretax Income": -31109000.0,
        "Other Income Expense": -67791000.0,
        "Other Non Operating Income Expenses": 403000.0,
        "Special Income Charges": -68194000.0,
        "Impairment Of Capital Assets": 68194000.0,
        "Net Non Operating Interest Income Expense": -3325000.0,
        "Interest Expense Non Operating": 3325000.0,
        "Operating Income": 40007000.0,
        "Operating Expense": 68507000.0,
        "Selling General And Administration": 68507000.0,
        "Gross Profit": 108514000.0,
        "Cost Of Revenue": 212754000.0,
        "Total Revenue": 321268000.0,
        "Operating Revenue": 321268000.0
    },
    "2023-09-30": {
        "Tax Effect Of Unusual Items": NaN,
        "Tax Rate For Calcs": NaN,
        "Normalized EBITDA": NaN,
        "Total Unusual Items": NaN,
        "Total Unusual Items Excluding Goodwill": NaN,
        "Net Income From Continuing Operation Net Minority Interest": NaN,
        "Reconciled Depreciation": NaN,
        "Reconciled Cost Of Revenue": NaN,
        "EBITDA": NaN,
        "EBIT": NaN,
        "Net Interest Income": NaN,
        "Interest Expense": NaN,
        "Interest Income": NaN,
        "Normalized Income": NaN,
        "Net Income From Continuing And Discontinued Operation": NaN,
        "Total Expenses": NaN,
        "Diluted Average Shares": 1755000000.0,
        "Basic Average Shares": 1755000000.0,
        "Diluted EPS": 0.21,
        "Basic EPS": 0.21,
        "Diluted NI Availto Com Stockholders": NaN,
        "Net Income Common Stockholders": NaN,
        "Net Income": NaN,
        "Minority Interests": NaN,
        "Net Income Including Noncontrolling Interests": NaN,
        "Net Income Continuous Operations": NaN,
        "Tax Provision": NaN,
        "Pretax Income": NaN,
        "Other Income Expense": NaN,
        "Other Non Operating Income Expenses": NaN,
        "Special Income Charges": NaN,
        "Gain On Sale Of Ppe": NaN,
        "Other Special Charges": NaN,
        "Write Off": NaN,
        "Impairment Of Capital Assets": 0.0,
        "Earnings From Equity Interest": NaN,
        "Gain On Sale Of Security": NaN,
        "Net Non Operating Interest Income Expense": NaN,
        "Total Other Finance Cost": NaN,
        "Interest Expense Non Operating": NaN,
        "Interest Income Non Operating": NaN,
        "Operating Income": NaN,
        "Operating Expense": NaN,
        "Other Operating Expenses": NaN,
        "Selling General And Administration": NaN,
        "General And Administrative Expense": NaN,
        "Other Gand A": NaN,
        "Salaries And Wages": NaN,
        "Gross Profit": NaN,
        "Cost Of Revenue": NaN,
        "Total Revenue": NaN,
        "Operating Revenue": NaN
    },
    "2023-12-31": {
        "Tax Effect Of Unusual Items": NaN,
        "Tax Rate For Calcs": NaN,
        "Normalized EBITDA": NaN,
        "Total Unusual Items": NaN,
        "Total Unusual Items Excluding Goodwill": NaN,
        "Net Income From Continuing Operation Net Minority Interest": NaN,
        "Reconciled Depreciation": NaN,
        "Reconciled Cost Of Revenue": NaN,
        "EBITDA": NaN,
        "EBIT": NaN,
        "Net Interest Income": NaN,
        "Interest Expense": NaN,
        "Interest Income": NaN,
        "Normalized Income": NaN,
        "Net Income From Continuing And Discontinued Operation": NaN,
        "Total Expenses": NaN,
        "Diluted Average Shares": NaN,
        "Basic Average Shares": NaN,
        "Diluted EPS": NaN,
        "Basic EPS": NaN,
        "Diluted NI Availto Com Stockholders": NaN,
        "Net Income Common Stockholders": NaN,
        "Net Income": NaN,
        "Minority Interests": NaN,
        "Net Income Including Noncontrolling Interests": NaN,
        "Net Income Continuous Operations": NaN,
        "Tax Provision": NaN,
        "Pretax Income": NaN,
        "Other Income Expense": NaN,
        "Other Non Operating Income Expenses": NaN,
        "Special Income Charges": NaN,
        "Gain On Sale Of Ppe": NaN,
        "Gain On Sale Of Business": NaN,
        "Other Special Charges": NaN,
        "Write Off": -25000000.0,
        "Impairment Of Capital Assets": 289000000.0,
        "Earnings From Equity Interest": NaN,
        "Gain On Sale Of Security": NaN,
        "Net Non Operating Interest Income Expense": NaN,
        "Total Other Finance Cost": NaN,
        "Interest Expense Non Operating": NaN,
        "Interest Income Non Operating": NaN,
        "Operating Income": NaN,
        "Operating Expense": NaN,
        "Other Operating Expenses": NaN,
        "Selling General And Administration": NaN,
        "General And Administrative Expense": NaN,
        "Other Gand A": NaN,
        "Salaries And Wages": NaN,
        "Gross Profit": NaN,
        "Cost Of Revenue": NaN,
        "Total Revenue": NaN,
        "Operating Revenue": NaN
    },
    "2024-03-31": {
        "Tax Effect Of Unusual Items": NaN,
        "Tax Rate For Calcs": NaN,
        "Normalized EBITDA": NaN,
        "Total Unusual Items": NaN,
        "Total Unusual Items Excluding Goodwill": NaN,
        "Net Income From Continuing Operation Net Minority Interest": NaN,
        "Reconciled Depreciation": NaN,
        "Reconciled Cost Of Revenue": NaN,
        "EBITDA": NaN,
        "EBIT": NaN,
        "Net Interest Income": NaN,
        "Interest Expense": NaN,
        "Interest Income": NaN,
        "Normalized Income": NaN,
        "Net Income From Continuing And Discontinued Operation": NaN,
        "Total Expenses": NaN,
        "Diluted Average Shares": NaN,
        "Basic Average Shares": NaN,
        "Diluted EPS": NaN,
        "Basic EPS": NaN,
        "Diluted NI Availto Com Stockholders": NaN,
        "Net Income Common Stockholders": NaN,
        "Net Income": NaN,
        "Minority Interests": NaN,
        "Net Income Including Noncontrolling Interests": NaN,
        "Net Income Continuous Operations": NaN,
        "Tax Provision": NaN,
        "Pretax Income": NaN,
        "Other Income Expense": NaN,
        "Other Non Operating Income Expenses": NaN,
        "Special Income Charges": NaN,
        "Gain On Sale Of Ppe": NaN,
        "Gain On Sale Of Business": NaN,
        "Other Special Charges": NaN,
        "Write Off": 17000000.0,
        "Impairment Of Capital Assets": 17000000.0,
        "Restructuring And Mergern Acquisition": NaN,
        "Earnings From Equity Interest": NaN,
        "Gain On Sale Of Security": NaN,
        "Net Non Operating Interest Income Expense": NaN,
        "Total Other Finance Cost": NaN,
        "Interest Expense Non Operating": NaN,
        "Interest Income Non Operating": NaN,
        "Operating Income": NaN,
        "Operating Expense": NaN,
        "Other Operating Expenses": NaN,
        "Selling General And Administration": NaN,
        "General And Administrative Expense": NaN,
        "Other Gand A": NaN,
        "Salaries And Wages": NaN,
        "Gross Profit": NaN,
        "Cost Of Revenue": NaN,
        "Total Revenue": NaN,
        "Operating Revenue": NaN
    },
    "2024-06-30": {
        "Tax Effect Of Unusual Items": NaN,
        "Tax Rate For Calcs": NaN,
        "Normalized EBITDA": NaN,
        "Total Unusual Items": NaN,
        "Total Unusual Items Excluding Goodwill": NaN,
        "Net Income From Continuing Operation Net Minority Interest": NaN,
        "Reconciled Depreciation": NaN,
        "Reconciled Cost Of Revenue": NaN,
        "EBITDA": NaN,
        "EBIT": NaN,
        "Net Interest Income": NaN,
        "Interest Expense": NaN,
        "Interest Income": NaN,
        "Normalized Income": NaN,
        "Net Income From Continuing And Discontinued Operation": NaN,
        "Total Expenses": NaN,
        "Diluted Average Shares": 1755000000.0,
        "Basic Average Shares": 1755000000.0,
        "Diluted EPS": 0.21,
        "Basic EPS": 0.21,
        "Diluted NI Availto Com Stockholders": NaN,
        "Net Income Common Stockholders": NaN,
        "Net Income": NaN,
        "Minority Interests": NaN,
        "Net Income Including Noncontrolling Interests": NaN,
        "Net Income Continuous Operations": NaN,
        "Tax Provision": NaN,
        "Pretax Income": NaN,
        "Other Income Expense": NaN,
        "Other Non Operating Income Expenses": NaN,
        "Special Income Charges": NaN,
        "Gain On Sale Of Ppe": 5000000.0,
        "Gain On Sale Of Business": 0.0,
        "Other Special Charges": NaN,
        "Write Off": 1000000.0,
        "Impairment Of Capital Assets": 1000000.0,
        "Restructuring And Mergern Acquisition": NaN,
        "Earnings From Equity Interest": NaN,
        "Gain On Sale Of Security": NaN,
        "Net Non Operating Interest Income Expense": NaN,
        "Total Other Finance Cost": NaN,
        "Interest Expense Non Operating": NaN,
        "Interest Income Non Operating": NaN,
        "Operating Income": NaN,
        "Operating Expense": NaN,
        "Other Operating Expenses": NaN,
        "Selling General And Administration": NaN,
        "General And Administrative Expense": NaN,
        "Other Gand A": NaN,
        "Salaries And Wages": NaN,
        "Gross Profit": NaN,
        "Cost Of Revenue": NaN,
        "Total Revenue": NaN,
        "Operating Revenue": NaN
    },
    "2024-09-30": {
        "Tax Effect Of Unusual Items": -2151219.512195,
        "Tax Rate For Calcs": 0.239024,
        "Normalized EBITDA": 1668000000.0,
        "Total Unusual Items": -9000000.0,
        "Total Unusual Items Excluding Goodwill": -9000000.0,
        "Net Income From Continuing Operation Net Minority Interest": 483000000.0,
        "Reconciled Depreciation": 477000000.0,
        "Reconciled Cost Of Revenue": 2051000000.0,
        "EBITDA": 1659000000.0,
        "EBIT": 1182000000.0,
        "Net Interest Income": -78000000.0,
        "Interest Expense": 157000000.0,
        "Interest Income": 6000000.0,
        "Normalized Income": 489848780.487805,
        "Net Income From Continuing And Discontinued Operation": 483000000.0,
        "Total Expenses": 2260000000.0,
        "Diluted Average Shares": 1752000000.0,
        "Basic Average Shares": 1752000000.0,
        "Diluted EPS": 0.28,
        "Basic EPS": 0.28,
        "Diluted NI Availto Com Stockholders": 483000000.0,
        "Net Income Common Stockholders": 483000000.0,
        "Net Income": 483000000.0,
        "Minority Interests": -297000000.0,
        "Net Income Including Noncontrolling Interests": 780000000.0,
        "Net Income Continuous Operations": 780000000.0,
        "Tax Provision": 245000000.0,
        "Pretax Income": 1025000000.0,
        "Other Income Expense": -5000000.0,
        "Other Non Operating Income Expenses": -47000000.0,
        "Special Income Charges": -4000000.0,
        "Gain On Sale Of Ppe": 1000000.0,
        "Gain On Sale Of Business": 0.0,
        "Other Special Charges": 3000000.0,
        "Write Off": 2000000.0,
        "Impairment Of Capital Assets": NaN,
        "Restructuring And Mergern Acquisition": 0.0,
        "Earnings From Equity Interest": 51000000.0,
        "Gain On Sale Of Security": -5000000.0,
        "Net Non Operating Interest Income Expense": -78000000.0,
        "Total Other Finance Cost": -73000000.0,
        "Interest Expense Non Operating": 157000000.0,
        "Interest Income Non Operating": 6000000.0,
        "Operating Income": 1108000000.0,
        "Operating Expense": 209000000.0,
        "Other Operating Expenses": 163000000.0,
        "Selling General And Administration": 46000000.0,
        "General And Administrative Expense": 46000000.0,
        "Other Gand A": 25000000.0,
        "Salaries And Wages": 21000000.0,
        "Gross Profit": 1317000000.0,
        "Cost Of Revenue": 2051000000.0,
        "Total Revenue": 3368000000.0,
        "Operating Revenue": 3368000000.0
    },
    "2025-03-31": {
        "Tax Effect Of Unusual Items": -26260000.0,
        "Tax Rate For Calcs": 0.26,
        "Normalized EBITDA": 1688000000.0,
        "Total Unusual Items": -101000000.0,
        "Total Unusual Items Excluding Goodwill": -101000000.0,
        "Net Income From Continuing Operation Net Minority Interest": 474000000.0,
        "Reconciled Depreciation": 411000000.0,
        "Reconciled Cost Of Revenue": 1785000000.0,
        "EBITDA": 1587000000.0,
        "EBIT": 1176000000.0,
        "Net Interest Income": -52000000.0,
        "Interest Expense": 117000000.0,
        "Interest Income": 11000000.0,
        "Normalized Income": 548740000.0,
        "Net Income From Continuing And Discontinued Operation": 474000000.0,
        "Total Expenses": 1900000000.0,
        "Diluted Average Shares": 1725000000.0,
        "Basic Average Shares": 1725000000.0,
        "Diluted EPS": 0.27,
        "Basic EPS": 0.27,
        "Diluted NI Availto Com Stockholders": 474000000.0,
        "Net Income Common Stockholders": 474000000.0,
        "Net Income": 474000000.0,
        "Minority Interests": -307000000.0,
        "Net Income Including Noncontrolling Interests": 781000000.0,
        "Net Income Continuous Operations": 781000000.0,
        "Tax Provision": 278000000.0,
        "Pretax Income": 1059000000.0,
        "Other Income Expense": -119000000.0,
        "Other Non Operating Income Expenses": -85000000.0,
        "Special Income Charges": -99000000.0,
        "Gain On Sale Of Ppe": 0.0,
        "Gain On Sale Of Business": NaN,
        "Other Special Charges": 95000000.0,
        "Write Off": 4000000.0,
        "Impairment Of Capital Assets": NaN,
        "Restructuring And Mergern Acquisition": NaN,
        "Earnings From Equity Interest": 67000000.0,
        "Gain On Sale Of Security": -2000000.0,
        "Net Non Operating Interest Income Expense": -52000000.0,
        "Total Other Finance Cost": -54000000.0,
        "Interest Expense Non Operating": 117000000.0,
        "Interest Income Non Operating": 11000000.0,
        "Operating Income": 1230000000.0,
        "Operating Expense": 115000000.0,
        "Other Operating Expenses": 73000000.0,
        "Selling General And Administration": 42000000.0,
        "General And Administrative Expense": 42000000.0,
        "Other Gand A": 27000000.0,
        "Salaries And Wages": 15000000.0,
        "Gross Profit": 1345000000.0,
        "Cost Of Revenue": 1785000000.0,
        "Total Revenue": 3130000000.0,
        "Operating Revenue": 3130000000.0
    },
    "2024-12-31": {
        "Tax Effect Of Unusual Items": 161970228.601808,
        "Tax Rate For Calcs": 0.368953,
        "Normalized EBITDA": 1910000000.0,
        "Total Unusual Items": 439000000.0,
        "Total Unusual Items Excluding Goodwill": 439000000.0,
        "Net Income From Continuing Operation Net Minority Interest": 996000000.0,
        "Reconciled Depreciation": 484000000.0,
        "Reconciled Cost Of Revenue": 1995000000.0,
        "EBITDA": 2349000000.0,
        "EBIT": 1865000000.0,
        "Net Interest Income": 86000000.0,
        "Interest Expense": -16000000.0,
        "Interest Income": 3000000.0,
        "Normalized Income": 718970228.601808,
        "Net Income From Continuing And Discontinued Operation": 996000000.0,
        "Total Expenses": 2322000000.0,
        "Diluted Average Shares": NaN,
        "Basic Average Shares": NaN,
        "Diluted EPS": NaN,
        "Basic EPS": NaN,
        "Diluted NI Availto Com Stockholders": 996000000.0,
        "Net Income Common Stockholders": 996000000.0,
        "Net Income": 996000000.0,
        "Minority Interests": -191000000.0,
        "Net Income Including Noncontrolling Interests": 1187000000.0,
        "Net Income Continuous Operations": 1187000000.0,
        "Tax Provision": 694000000.0,
        "Pretax Income": 1881000000.0,
        "Other Income Expense": 472000000.0,
        "Other Non Operating Income Expenses": -16000000.0,
        "Special Income Charges": 445000000.0,
        "Gain On Sale Of Ppe": NaN,
        "Gain On Sale Of Business": NaN,
        "Other Special Charges": 49000000.0,
        "Write Off": NaN,
        "Impairment Of Capital Assets": NaN,
        "Restructuring And Mergern Acquisition": NaN,
        "Earnings From Equity Interest": 49000000.0,
        "Gain On Sale Of Security": -6000000.0,
        "Net Non Operating Interest Income Expense": 86000000.0,
        "Total Other Finance Cost": -67000000.0,
        "Interest Expense Non Operating": -16000000.0,
        "Interest Income Non Operating": 3000000.0,
        "Operating Income": 1323000000.0,
        "Operating Expense": 327000000.0,
        "Other Operating Expenses": 196000000.0,
        "Selling General And Administration": 9000000.0,
        "General And Administrative Expense": 9000000.0,
        "Other Gand A": 19000000.0,
        "Salaries And Wages": -10000000.0,
        "Gross Profit": 1650000000.0,
        "Cost Of Revenue": 1995000000.0,
        "Total Revenue": 3645000000.0,
        "Operating Revenue": 3645000000.0
    },
    "2025-06-30": {
        "Tax Effect Of Unusual Items": -24320000.0,
        "Tax Rate For Calcs": 0.08,
        "Normalized EBITDA": 2156000000.0,
        "Total Unusual Items": -304000000.0,
        "Total Unusual Items Excluding Goodwill": -304000000.0,
        "Net Income From Continuing Operation Net Minority Interest": 811000000.0,
        "Reconciled Depreciation": 436000000.0,
        "Reconciled Cost Of Revenue": 1878000000.0,
        "EBITDA": 1852000000.0,
        "EBIT": 1416000000.0,
        "Net Interest Income": -48000000.0,
        "Interest Expense": 58000000.0,
        "Interest Income": 12000000.0,
        "Normalized Income": 1090680000.0,
        "Net Income From Continuing And Discontinued Operation": 811000000.0,
        "Total Expenses": 1991000000.0,
        "Diluted Average Shares": 1725531915.0,
        "Basic Average Shares": 1725531915.0,
        "Diluted EPS": 0.47,
        "Basic EPS": 0.47,
        "Diluted NI Availto Com Stockholders": 811000000.0,
        "Net Income Common Stockholders": 811000000.0,
        "Net Income": 811000000.0,
        "Minority Interests": -445000000.0,
        "Net Income Including Noncontrolling Interests": 1256000000.0,
        "Net Income Continuous Operations": 1256000000.0,
        "Tax Provision": 102000000.0,
        "Pretax Income": 1358000000.0,
        "Other Income Expense": -284000000.0,
        "Other Non Operating Income Expenses": -57000000.0,
        "Special Income Charges": -306000000.0,
        "Gain On Sale Of Ppe": 745000000.0,
        "Gain On Sale Of Business": -1035000000.0,
        "Other Special Charges": 16000000.0,
        "Write Off": NaN,
        "Impairment Of Capital Assets": 0.0,
        "Restructuring And Mergern Acquisition": NaN,
        "Earnings From Equity Interest": 77000000.0,
        "Gain On Sale Of Security": 2000000.0,
        "Net Non Operating Interest Income Expense": -48000000.0,
        "Total Other Finance Cost": 2000000.0,
        "Interest Expense Non Operating": 58000000.0,
        "Interest Income Non Operating": 12000000.0,
        "Operating Income": 1690000000.0,
        "Operating Expense": 113000000.0,
        "Other Operating Expenses": 74000000.0,
        "Selling General And Administration": 39000000.0,
        "General And Administrative Expense": 39000000.0,
        "Other Gand A": 39000000.0,
        "Salaries And Wages": 9000000.0,
        "Gross Profit": 1803000000.0,
        "Cost Of Revenue": 1878000000.0,
        "Total Revenue": 3681000000.0,
        "Operating Revenue": 3681000000.0
    },
    "2025-09-30": {
        "Tax Effect Of Unusual Items": 39400000.0,
        "Tax Rate For Calcs": 0.2,
        "Normalized EBITDA": 2743000000.0,
        "Total Unusual Items": 197000000.0,
        "Total Unusual Items Excluding Goodwill": 197000000.0,
        "Net Income From Continuing Operation Net Minority Interest": 1302000000.0,
        "Reconciled Depreciation": 460000000.0,
        "Reconciled Cost Of Revenue": 1890000000.0,
        "EBITDA": 2940000000.0,
        "EBIT": 2480000000.0,
        "Net Interest Income": -34000000.0,
        "Interest Expense": 99000000.0,
        "Interest Income": 11000000.0,
        "Normalized Income": 1144400000.0,
        "Net Income From Continuing And Discontinued Operation": 1302000000.0,
        "Total Expenses": 2063000000.0,
        "Diluted Average Shares": 1703000000.0,
        "Basic Average Shares": 1703000000.0,
        "Diluted EPS": 0.76,
        "Basic EPS": 0.76,
        "Diluted NI Availto Com Stockholders": 1302000000.0,
        "Net Income Common Stockholders": 1302000000.0,
        "Net Income": 1302000000.0,
        "Minority Interests": -602000000.0,
        "Net Income Including Noncontrolling Interests": 1904000000.0,
        "Net Income Continuous Operations": 1904000000.0,
        "Tax Provision": 477000000.0,
        "Pretax Income": 2381000000.0,
        "Other Income Expense": 330000000.0,
        "Other Non Operating Income Expenses": -13000000.0,
        "Special Income Charges": 194000000.0,
        "Gain On Sale Of Ppe": 0.0,
        "Gain On Sale Of Business": 250000000.0,
        "Other Special Charges": 9000000.0,
        "Write Off": 3000000.0,
        "Impairment Of Capital Assets": NaN,
        "Restructuring And Mergern Acquisition": 44000000.0,
        "Earnings From Equity Interest": 146000000.0,
        "Gain On Sale Of Security": 3000000.0,
        "Net Non Operating Interest Income Expense": -34000000.0,
        "Total Other Finance Cost": -54000000.0,
        "Interest Expense Non Operating": 99000000.0,
        "Interest Income Non Operating": 11000000.0,
        "Operating Income": 2085000000.0,
        "Operating Expense": 173000000.0,
        "Other Operating Expenses": 96000000.0,
        "Selling General And Administration": 77000000.0,
        "General And Administrative Expense": 77000000.0,
        "Other Gand A": 25000000.0,
        "Salaries And Wages": 52000000.0,
        "Gross Profit": 2258000000.0,
        "Cost Of Revenue": 1890000000.0,
        "Total Revenue": 4148000000.0,
        "Operating Revenue": 4148000000.0
    }
}