{
    "2023-06-30": {
        "Tax Effect Of Unusual Items": NaN,
        "Tax Rate For Calcs": NaN,
        "Normalized EBITDA": NaN,
        "Total Unusual Items": NaN,
        "Total Unusual Items Excluding Goodwill": NaN,
        "Net Income From Continuing Operation Net Minority Interest": NaN,
        "Reconciled Depreciation": NaN,
        "Reconciled Cost Of Revenue": NaN,
        "EBITDA": NaN,
        "EBIT": NaN,
        "Net Interest Income": NaN,
        "Interest Expense": NaN,
        "Normalized Income": NaN,
        "Net Income From Continuing And Discontinued Operation": NaN,
        "Total Expenses": NaN,
        "Total Operating Income As Reported": NaN,
        "Diluted Average Shares": NaN,
        "Basic Average Shares": NaN,
        "Diluted EPS": NaN,
        "Basic EPS": NaN,
        "Diluted NI Availto Com Stockholders": NaN,
        "Net Income Common Stockholders": NaN,
        "Net Income": NaN,
        "Minority Interests": NaN,
        "Net Income Including Noncontrolling Interests": NaN,
        "Net Income Continuous Operations": NaN,
        "Tax Provision": NaN,
        "Pretax Income": NaN,
        "Other Income Expense": NaN,
        "Other Non Operating Income Expenses": NaN,
        "Special Income Charges": 1000000.0,
        "Gain On Sale Of Ppe": 1000000.0,
        "Gain On Sale Of Security": NaN,
        "Net Non Operating Interest Income Expense": NaN,
        "Interest Expense Non Operating": NaN,
        "Operating Income": NaN,
        "Operating Expense": NaN,
        "Research And Development": NaN,
        "Selling General And Administration": NaN,
        "General And Administrative Expense": NaN,
        "Other Gand A": NaN,
        "Gross Profit": NaN,
        "Cost Of Revenue": NaN,
        "Total Revenue": NaN,
        "Operating Revenue": NaN
    },
    "2023-03-31": {
        "Tax Effect Of Unusual Items": NaN,
        "Tax Rate For Calcs": NaN,
        "Normalized EBITDA": NaN,
        "Total Unusual Items": NaN,
        "Total Unusual Items Excluding Goodwill": NaN,
        "Net Income From Continuing Operation Net Minority Interest": NaN,
        "Reconciled Depreciation": NaN,
        "Reconciled Cost Of Revenue": NaN,
        "EBITDA": NaN,
        "EBIT": NaN,
        "Net Interest Income": NaN,
        "Interest Expense": NaN,
        "Normalized Income": NaN,
        "Net Income From Continuing And Discontinued Operation": NaN,
        "Total Expenses": NaN,
        "Total Operating Income As Reported": NaN,
        "Diluted Average Shares": NaN,
        "Basic Average Shares": NaN,
        "Diluted EPS": NaN,
        "Basic EPS": NaN,
        "Diluted NI Availto Com Stockholders": NaN,
        "Net Income Common Stockholders": NaN,
        "Net Income": NaN,
        "Minority Interests": 11000000.0,
        "Net Income Including Noncontrolling Interests": NaN,
        "Net Income Continuous Operations": NaN,
        "Tax Provision": NaN,
        "Pretax Income": NaN,
        "Other Income Expense": NaN,
        "Other Non Operating Income Expenses": NaN,
        "Special Income Charges": NaN,
        "Gain On Sale Of Ppe": NaN,
        "Gain On Sale Of Security": NaN,
        "Net Non Operating Interest Income Expense": NaN,
        "Interest Expense Non Operating": NaN,
        "Operating Income": NaN,
        "Operating Expense": NaN,
        "Research And Development": NaN,
        "Selling General And Administration": NaN,
        "General And Administrative Expense": NaN,
        "Other Gand A": NaN,
        "Gross Profit": NaN,
        "Cost Of Revenue": NaN,
        "Total Revenue": NaN,
        "Operating Revenue": NaN
    },
    "2022-12-31": {
        "Tax Effect Of Unusual Items": NaN,
        "Tax Rate For Calcs": NaN,
        "Normalized EBITDA": NaN,
        "Total Unusual Items": NaN,
        "Total Unusual Items Excluding Goodwill": NaN,
        "Net Income From Continuing Operation Net Minority Interest": NaN,
        "Reconciled Depreciation": NaN,
        "Reconciled Cost Of Revenue": NaN,
        "EBITDA": NaN,
        "EBIT": NaN,
        "Net Interest Income": NaN,
        "Interest Expense": NaN,
        "Normalized Income": NaN,
        "Net Income From Continuing And Discontinued Operation": NaN,
        "Total Expenses": NaN,
        "Total Operating Income As Reported": NaN,
        "Diluted Average Shares": NaN,
        "Basic Average Shares": NaN,
        "Diluted EPS": NaN,
        "Basic EPS": NaN,
        "Diluted NI Availto Com Stockholders": NaN,
        "Net Income Common Stockholders": NaN,
        "Net Income": NaN,
        "Minority Interests": 29000000.0,
        "Net Income Including Noncontrolling Interests": NaN,
        "Net Income Continuous Operations": NaN,
        "Tax Provision": NaN,
        "Pretax Income": NaN,
        "Other Income Expense": NaN,
        "Other Non Operating Income Expenses": NaN,
        "Special Income Charges": 4000000.0,
        "Gain On Sale Of Ppe": 4000000.0,
        "Gain On Sale Of Security": NaN,
        "Net Non Operating Interest Income Expense": NaN,
        "Interest Expense Non Operating": NaN,
        "Operating Income": NaN,
        "Operating Expense": NaN,
        "Research And Development": NaN,
        "Selling General And Administration": NaN,
        "General And Administrative Expense": NaN,
        "Other Gand A": NaN,
        "Gross Profit": NaN,
        "Cost Of Revenue": NaN,
        "Total Revenue": NaN,
        "Operating Revenue": NaN
    },
    "2022-09-30": {
        "Tax Effect Of Unusual Items": -9600000.0,
        "Tax Rate For Calcs": 0.4,
        "Normalized EBITDA": -1994000000.0,
        "Total Unusual Items": -24000000.0,
        "Total Unusual Items Excluding Goodwill": -24000000.0,
        "Net Income From Continuing Operation Net Minority Interest": -3308000000.0,
        "Reconciled Depreciation": 493000000.0,
        "Reconciled Cost Of Revenue": 16778000000.0,
        "EBITDA": -2018000000.0,
        "EBIT": -2511000000.0,
        "Net Interest Income": -621000000.0,
        "Interest Expense": 621000000.0,
        "Normalized Income": -3293600000.0,
        "Net Income From Continuing And Discontinued Operation": -3308000000.0,
        "Total Expenses": 18731000000.0,
        "Total Operating Income As Reported": -2799000000.0,
        "Diluted Average Shares": 596300000.0,
        "Basic Average Shares": 596300000.0,
        "Diluted EPS": -5.49,
        "Basic EPS": -5.49,
        "Diluted NI Availto Com Stockholders": -3275000000.0,
        "Net Income Common Stockholders": -3275000000.0,
        "Net Income": -3308000000.0,
        "Minority Interests": 33000000.0,
        "Net Income Including Noncontrolling Interests": -3308000000.0,
        "Net Income Continuous Operations": -3308000000.0,
        "Tax Provision": 176000000.0,
        "Pretax Income": -3132000000.0,
        "Other Income Expense": 264000000.0,
        "Other Non Operating Income Expenses": 288000000.0,
        "Special Income Charges": NaN,
        "Gain On Sale Of Ppe": NaN,
        "Gain On Sale Of Security": -24000000.0,
        "Net Non Operating Interest Income Expense": -621000000.0,
        "Interest Expense Non Operating": 621000000.0,
        "Operating Income": -2775000000.0,
        "Operating Expense": 1953000000.0,
        "Research And Development": 727000000.0,
        "Selling General And Administration": 1226000000.0,
        "General And Administrative Expense": 1226000000.0,
        "Other Gand A": 1226000000.0,
        "Gross Profit": -822000000.0,
        "Cost Of Revenue": 16778000000.0,
        "Total Revenue": 15956000000.0,
        "Operating Revenue": 15956000000.0
    },
    "2022-06-30": {
        "Tax Effect Of Unusual Items": 7200000.0,
        "Tax Rate For Calcs": 0.4,
        "Normalized EBITDA": 1507000000.0,
        "Total Unusual Items": 18000000.0,
        "Total Unusual Items Excluding Goodwill": 18000000.0,
        "Net Income From Continuing Operation Net Minority Interest": 160000000.0,
        "Reconciled Depreciation": 498000000.0,
        "Reconciled Cost Of Revenue": 14559000000.0,
        "EBITDA": 1525000000.0,
        "EBIT": 1027000000.0,
        "Net Interest Income": -650000000.0,
        "Interest Expense": 650000000.0,
        "Normalized Income": 149200000.0,
        "Net Income From Continuing And Discontinued Operation": 160000000.0,
        "Total Expenses": 15925000000.0,
        "Total Operating Income As Reported": 774000000.0,
        "Diluted Average Shares": 596100000.0,
        "Basic Average Shares": 596100000.0,
        "Diluted EPS": 0.32,
        "Basic EPS": 0.32,
        "Diluted NI Availto Com Stockholders": 193000000.0,
        "Net Income Common Stockholders": 193000000.0,
        "Net Income": 160000000.0,
        "Minority Interests": 33000000.0,
        "Net Income Including Noncontrolling Interests": 160000000.0,
        "Net Income Continuous Operations": 160000000.0,
        "Tax Provision": 217000000.0,
        "Pretax Income": 377000000.0,
        "Other Income Expense": 271000000.0,
        "Other Non Operating Income Expenses": 253000000.0,
        "Special Income Charges": 1000000.0,
        "Gain On Sale Of Ppe": 1000000.0,
        "Gain On Sale Of Security": 17000000.0,
        "Net Non Operating Interest Income Expense": -650000000.0,
        "Interest Expense Non Operating": 650000000.0,
        "Operating Income": 756000000.0,
        "Operating Expense": 1366000000.0,
        "Research And Development": 698000000.0,
        "Selling General And Administration": 668000000.0,
        "General And Administrative Expense": 668000000.0,
        "Other Gand A": 668000000.0,
        "Gross Profit": 2122000000.0,
        "Cost Of Revenue": 14559000000.0,
        "Total Revenue": 16681000000.0,
        "Operating Revenue": 16681000000.0
    },
    "2023-09-30": {
        "Tax Effect Of Unusual Items": NaN,
        "Tax Rate For Calcs": NaN,
        "Normalized EBITDA": NaN,
        "Total Unusual Items": NaN,
        "Total Unusual Items Excluding Goodwill": NaN,
        "Net Income From Continuing Operation Net Minority Interest": NaN,
        "Reconciled Depreciation": NaN,
        "Reconciled Cost Of Revenue": NaN,
        "EBITDA": NaN,
        "EBIT": NaN,
        "Net Interest Income": NaN,
        "Interest Expense": NaN,
        "Normalized Income": NaN,
        "Net Income From Continuing And Discontinued Operation": NaN,
        "Total Expenses": NaN,
        "Total Operating Income As Reported": NaN,
        "Diluted Average Shares": 607200000.0,
        "Basic Average Shares": 607200000.0,
        "Diluted EPS": -2.7,
        "Basic EPS": -2.7,
        "Diluted NI Availto Com Stockholders": NaN,
        "Net Income Common Stockholders": NaN,
        "Net Income": NaN,
        "Minority Interests": 2000000.0,
        "Net Income Including Noncontrolling Interests": NaN,
        "Net Income Continuous Operations": NaN,
        "Tax Provision": NaN,
        "Pretax Income": NaN,
        "Other Income Expense": NaN,
        "Other Non Operating Income Expenses": NaN,
        "Special Income Charges": NaN,
        "Gain On Sale Of Ppe": NaN,
        "Gain On Sale Of Security": NaN,
        "Net Non Operating Interest Income Expense": NaN,
        "Interest Expense Non Operating": NaN,
        "Operating Income": NaN,
        "Operating Expense": NaN,
        "Research And Development": NaN,
        "Selling General And Administration": NaN,
        "General And Administrative Expense": NaN,
        "Other Gand A": NaN,
        "Gross Profit": NaN,
        "Cost Of Revenue": NaN,
        "Total Revenue": NaN,
        "Operating Revenue": NaN
    },
    "2023-12-31": {
        "Tax Effect Of Unusual Items": NaN,
        "Tax Rate For Calcs": NaN,
        "Normalized EBITDA": NaN,
        "Total Unusual Items": NaN,
        "Total Unusual Items Excluding Goodwill": NaN,
        "Net Income From Continuing Operation Net Minority Interest": NaN,
        "Reconciled Depreciation": NaN,
        "Reconciled Cost Of Revenue": NaN,
        "EBITDA": NaN,
        "EBIT": NaN,
        "Net Interest Income": NaN,
        "Interest Expense": NaN,
        "Normalized Income": NaN,
        "Net Income From Continuing And Discontinued Operation": NaN,
        "Total Expenses": NaN,
        "Total Operating Income As Reported": NaN,
        "Diluted Average Shares": NaN,
        "Basic Average Shares": NaN,
        "Diluted EPS": NaN,
        "Basic EPS": NaN,
        "Diluted NI Availto Com Stockholders": NaN,
        "Net Income Common Stockholders": NaN,
        "Preferred Stock Dividends": NaN,
        "Net Income": NaN,
        "Minority Interests": NaN,
        "Net Income Including Noncontrolling Interests": NaN,
        "Net Income Continuous Operations": NaN,
        "Tax Provision": NaN,
        "Pretax Income": NaN,
        "Other Income Expense": NaN,
        "Other Non Operating Income Expenses": NaN,
        "Special Income Charges": 1000000.0,
        "Gain On Sale Of Ppe": 1000000.0,
        "Gain On Sale Of Security": NaN,
        "Net Non Operating Interest Income Expense": NaN,
        "Interest Expense Non Operating": NaN,
        "Operating Income": NaN,
        "Operating Expense": NaN,
        "Research And Development": NaN,
        "Selling General And Administration": NaN,
        "General And Administrative Expense": NaN,
        "Other Gand A": NaN,
        "Gross Profit": NaN,
        "Cost Of Revenue": NaN,
        "Total Revenue": NaN,
        "Operating Revenue": NaN
    },
    "2024-03-31": {
        "Tax Effect Of Unusual Items": NaN,
        "Tax Rate For Calcs": NaN,
        "Normalized EBITDA": NaN,
        "Total Unusual Items": NaN,
        "Total Unusual Items Excluding Goodwill": NaN,
        "Net Income From Continuing Operation Net Minority Interest": NaN,
        "Reconciled Depreciation": NaN,
        "Reconciled Cost Of Revenue": NaN,
        "EBITDA": NaN,
        "EBIT": NaN,
        "Net Interest Income": NaN,
        "Interest Expense": NaN,
        "Normalized Income": NaN,
        "Net Income From Continuing And Discontinued Operation": NaN,
        "Total Expenses": NaN,
        "Total Operating Income As Reported": NaN,
        "Diluted Average Shares": NaN,
        "Basic Average Shares": NaN,
        "Diluted EPS": NaN,
        "Basic EPS": NaN,
        "Diluted NI Availto Com Stockholders": NaN,
        "Net Income Common Stockholders": NaN,
        "Preferred Stock Dividends": NaN,
        "Net Income": NaN,
        "Minority Interests": 12000000.0,
        "Net Income Including Noncontrolling Interests": NaN,
        "Net Income Continuous Operations": NaN,
        "Tax Provision": NaN,
        "Pretax Income": NaN,
        "Other Income Expense": NaN,
        "Other Non Operating Income Expenses": NaN,
        "Special Income Charges": NaN,
        "Gain On Sale Of Ppe": NaN,
        "Gain On Sale Of Security": NaN,
        "Net Non Operating Interest Income Expense": NaN,
        "Interest Expense Non Operating": NaN,
        "Operating Income": NaN,
        "Operating Expense": NaN,
        "Research And Development": NaN,
        "Selling General And Administration": NaN,
        "General And Administrative Expense": NaN,
        "Other Gand A": NaN,
        "Gross Profit": NaN,
        "Cost Of Revenue": NaN,
        "Total Revenue": NaN,
        "Operating Revenue": NaN
    },
    "2024-06-30": {
        "Tax Effect Of Unusual Items": NaN,
        "Tax Rate For Calcs": NaN,
        "Normalized EBITDA": NaN,
        "Total Unusual Items": NaN,
        "Total Unusual Items Excluding Goodwill": NaN,
        "Net Income From Continuing Operation Net Minority Interest": NaN,
        "Reconciled Depreciation": NaN,
        "Reconciled Cost Of Revenue": NaN,
        "EBITDA": NaN,
        "EBIT": NaN,
        "Net Interest Income": NaN,
        "Interest Expense": NaN,
        "Normalized Income": NaN,
        "Net Income From Continuing And Discontinued Operation": NaN,
        "Total Expenses": NaN,
        "Total Operating Income As Reported": NaN,
        "Diluted Average Shares": NaN,
        "Basic Average Shares": NaN,
        "Diluted EPS": NaN,
        "Basic EPS": NaN,
        "Diluted NI Availto Com Stockholders": NaN,
        "Net Income Common Stockholders": NaN,
        "Preferred Stock Dividends": NaN,
        "Net Income": NaN,
        "Minority Interests": NaN,
        "Net Income Including Noncontrolling Interests": NaN,
        "Net Income Continuous Operations": NaN,
        "Tax Provision": NaN,
        "Pretax Income": NaN,
        "Other Income Expense": NaN,
        "Other Non Operating Income Expenses": NaN,
        "Special Income Charges": 5000000.0,
        "Gain On Sale Of Ppe": 5000000.0,
        "Gain On Sale Of Security": NaN,
        "Net Non Operating Interest Income Expense": NaN,
        "Interest Expense Non Operating": NaN,
        "Operating Income": NaN,
        "Operating Expense": NaN,
        "Research And Development": NaN,
        "Selling General And Administration": NaN,
        "General And Administrative Expense": NaN,
        "Other Gand A": NaN,
        "Gross Profit": NaN,
        "Cost Of Revenue": NaN,
        "Total Revenue": NaN,
        "Operating Revenue": NaN
    },
    "2024-09-30": {
        "Tax Effect Of Unusual Items": -120000.0,
        "Tax Rate For Calcs": 0.008,
        "Normalized EBITDA": -5037000000.0,
        "Total Unusual Items": -15000000.0,
        "Total Unusual Items Excluding Goodwill": -15000000.0,
        "Net Income From Continuing Operation Net Minority Interest": -6170000000.0,
        "Reconciled Depreciation": 444000000.0,
        "Reconciled Cost Of Revenue": 21347000000.0,
        "EBITDA": -5052000000.0,
        "EBIT": -5496000000.0,
        "Net Interest Income": -728000000.0,
        "Interest Expense": 728000000.0,
        "Normalized Income": -6155120000.0,
        "Net Income From Continuing And Discontinued Operation": -6170000000.0,
        "Total Expenses": 23586000000.0,
        "Total Operating Income As Reported": -5761000000.0,
        "Diluted Average Shares": NaN,
        "Basic Average Shares": NaN,
        "Diluted EPS": NaN,
        "Basic EPS": NaN,
        "Diluted NI Availto Com Stockholders": -6170000000.0,
        "Net Income Common Stockholders": -6170000000.0,
        "Preferred Stock Dividends": NaN,
        "Net Income": -6170000000.0,
        "Minority Interests": 4000000.0,
        "Net Income Including Noncontrolling Interests": -6174000000.0,
        "Net Income Continuous Operations": -6174000000.0,
        "Tax Provision": -50000000.0,
        "Pretax Income": -6224000000.0,
        "Other Income Expense": 250000000.0,
        "Other Non Operating Income Expenses": 265000000.0,
        "Special Income Charges": NaN,
        "Gain On Sale Of Ppe": NaN,
        "Gain On Sale Of Security": -15000000.0,
        "Net Non Operating Interest Income Expense": -728000000.0,
        "Interest Expense Non Operating": 728000000.0,
        "Operating Income": -5746000000.0,
        "Operating Expense": 2239000000.0,
        "Research And Development": 1154000000.0,
        "Selling General And Administration": 1085000000.0,
        "General And Administrative Expense": 1085000000.0,
        "Other Gand A": 1085000000.0,
        "Gross Profit": -3507000000.0,
        "Cost Of Revenue": 21347000000.0,
        "Total Revenue": 17840000000.0,
        "Operating Revenue": 17840000000.0
    },
    "2024-12-31": {
        "Tax Effect Of Unusual Items": 3004153.43269,
        "Tax Rate For Calcs": 0.056682,
        "Normalized EBITDA": -2882000000.0,
        "Total Unusual Items": 53000000.0,
        "Total Unusual Items Excluding Goodwill": 53000000.0,
        "Net Income From Continuing Operation Net Minority Interest": -3865000000.0,
        "Reconciled Depreciation": 509000000.0,
        "Reconciled Cost Of Revenue": 16831000000.0,
        "EBITDA": -2829000000.0,
        "EBIT": -3338000000.0,
        "Net Interest Income": -755000000.0,
        "Interest Expense": 755000000.0,
        "Normalized Income": -3914995846.56731,
        "Net Income From Continuing And Discontinued Operation": -3865000000.0,
        "Total Expenses": 19065000000.0,
        "Total Operating Income As Reported": -3770000000.0,
        "Diluted Average Shares": 718100000.0,
        "Basic Average Shares": 707875458.0,
        "Diluted EPS": -5.46,
        "Basic EPS": -5.46,
        "Diluted NI Availto Com Stockholders": -3923000000.0,
        "Net Income Common Stockholders": -3923000000.0,
        "Preferred Stock Dividends": NaN,
        "Net Income": -3865000000.0,
        "Minority Interests": -4000000.0,
        "Net Income Including Noncontrolling Interests": -3861000000.0,
        "Net Income Continuous Operations": -3861000000.0,
        "Tax Provision": -232000000.0,
        "Pretax Income": -4093000000.0,
        "Other Income Expense": 485000000.0,
        "Other Non Operating Income Expenses": 432000000.0,
        "Special Income Charges": 41000000.0,
        "Gain On Sale Of Ppe": 41000000.0,
        "Gain On Sale Of Security": 12000000.0,
        "Net Non Operating Interest Income Expense": -755000000.0,
        "Interest Expense Non Operating": 755000000.0,
        "Operating Income": -3823000000.0,
        "Operating Expense": 2234000000.0,
        "Research And Development": 836000000.0,
        "Selling General And Administration": 1398000000.0,
        "General And Administrative Expense": 1398000000.0,
        "Other Gand A": 1398000000.0,
        "Gross Profit": -1589000000.0,
        "Cost Of Revenue": 16831000000.0,
        "Total Revenue": 15242000000.0,
        "Operating Revenue": 15242000000.0
    },
    "2025-03-31": {
        "Tax Effect Of Unusual Items": 0.0,
        "Tax Rate For Calcs": 0.21,
        "Normalized EBITDA": 1250000000.0,
        "Total Unusual Items": 0.0,
        "Total Unusual Items Excluding Goodwill": 0.0,
        "Net Income From Continuing Operation Net Minority Interest": -37000000.0,
        "Reconciled Depreciation": 466000000.0,
        "Reconciled Cost Of Revenue": 17079000000.0,
        "EBITDA": 1250000000.0,
        "EBIT": 784000000.0,
        "Net Interest Income": -708000000.0,
        "Interest Expense": 708000000.0,
        "Normalized Income": -37000000.0,
        "Net Income From Continuing And Discontinued Operation": -37000000.0,
        "Total Expenses": 19035000000.0,
        "Total Operating Income As Reported": 461000000.0,
        "Diluted Average Shares": 768750000.0,
        "Basic Average Shares": 768750000.0,
        "Diluted EPS": -0.16,
        "Basic EPS": -0.16,
        "Diluted NI Availto Com Stockholders": -123000000.0,
        "Net Income Common Stockholders": -123000000.0,
        "Preferred Stock Dividends": 86000000.0,
        "Net Income": -37000000.0,
        "Minority Interests": -6000000.0,
        "Net Income Including Noncontrolling Interests": -31000000.0,
        "Net Income Continuous Operations": -31000000.0,
        "Tax Provision": 107000000.0,
        "Pretax Income": 76000000.0,
        "Other Income Expense": 323000000.0,
        "Other Non Operating Income Expenses": 323000000.0,
        "Special Income Charges": -3000000.0,
        "Gain On Sale Of Ppe": -3000000.0,
        "Gain On Sale Of Security": 3000000.0,
        "Net Non Operating Interest Income Expense": -708000000.0,
        "Interest Expense Non Operating": 708000000.0,
        "Operating Income": 461000000.0,
        "Operating Expense": 1956000000.0,
        "Research And Development": 844000000.0,
        "Selling General And Administration": 1112000000.0,
        "General And Administrative Expense": 1112000000.0,
        "Other Gand A": 1112000000.0,
        "Gross Profit": 2417000000.0,
        "Cost Of Revenue": 17079000000.0,
        "Total Revenue": 19496000000.0,
        "Operating Revenue": 19496000000.0
    },
    "2025-06-30": {
        "Tax Effect Of Unusual Items": 19320000.0,
        "Tax Rate For Calcs": 0.21,
        "Normalized EBITDA": 517000000.0,
        "Total Unusual Items": 92000000.0,
        "Total Unusual Items Excluding Goodwill": 92000000.0,
        "Net Income From Continuing Operation Net Minority Interest": -611000000.0,
        "Reconciled Depreciation": 460000000.0,
        "Reconciled Cost Of Revenue": 20314000000.0,
        "EBITDA": 609000000.0,
        "EBIT": 149000000.0,
        "Net Interest Income": -710000000.0,
        "Interest Expense": 710000000.0,
        "Normalized Income": -683680000.0,
        "Net Income From Continuing And Discontinued Operation": -611000000.0,
        "Total Expenses": 23017000000.0,
        "Total Operating Income As Reported": -176000000.0,
        "Diluted Average Shares": 664130435.0,
        "Basic Average Shares": 664130435.0,
        "Diluted EPS": -0.92,
        "Basic EPS": -0.92,
        "Diluted NI Availto Com Stockholders": -697000000.0,
        "Net Income Common Stockholders": -697000000.0,
        "Preferred Stock Dividends": 86000000.0,
        "Net Income": -611000000.0,
        "Minority Interests": 1000000.0,
        "Net Income Including Noncontrolling Interests": -612000000.0,
        "Net Income Continuous Operations": -612000000.0,
        "Tax Provision": 51000000.0,
        "Pretax Income": -561000000.0,
        "Other Income Expense": 417000000.0,
        "Other Non Operating Income Expenses": 325000000.0,
        "Special Income Charges": 67000000.0,
        "Gain On Sale Of Ppe": 67000000.0,
        "Gain On Sale Of Security": 25000000.0,
        "Net Non Operating Interest Income Expense": -710000000.0,
        "Interest Expense Non Operating": 710000000.0,
        "Operating Income": -268000000.0,
        "Operating Expense": 2703000000.0,
        "Research And Development": 910000000.0,
        "Selling General And Administration": 1793000000.0,
        "General And Administrative Expense": 1793000000.0,
        "Other Gand A": 1793000000.0,
        "Gross Profit": 2435000000.0,
        "Cost Of Revenue": 20314000000.0,
        "Total Revenue": 22749000000.0,
        "Operating Revenue": 22749000000.0
    },
    "2025-09-30": {
        "Tax Effect Of Unusual Items": 2730000.0,
        "Tax Rate For Calcs": 0.21,
        "Normalized EBITDA": -4027000000.0,
        "Total Unusual Items": 13000000.0,
        "Total Unusual Items Excluding Goodwill": 13000000.0,
        "Net Income From Continuing Operation Net Minority Interest": -5337000000.0,
        "Reconciled Depreciation": 491000000.0,
        "Reconciled Cost Of Revenue": 25645000000.0,
        "EBITDA": -4014000000.0,
        "EBIT": -4505000000.0,
        "Net Interest Income": -694000000.0,
        "Interest Expense": 694000000.0,
        "Normalized Income": -5347270000.0,
        "Net Income From Continuing And Discontinued Operation": -5337000000.0,
        "Total Expenses": 28064000000.0,
        "Total Operating Income As Reported": -4781000000.0,
        "Diluted Average Shares": 756700000.0,
        "Basic Average Shares": 747478992.0,
        "Diluted EPS": -7.14,
        "Basic EPS": -7.14,
        "Diluted NI Availto Com Stockholders": -5337000000.0,
        "Net Income Common Stockholders": -5337000000.0,
        "Preferred Stock Dividends": NaN,
        "Net Income": -5337000000.0,
        "Minority Interests": 2000000.0,
        "Net Income Including Noncontrolling Interests": -5339000000.0,
        "Net Income Continuous Operations": -5339000000.0,
        "Tax Provision": 140000000.0,
        "Pretax Income": -5199000000.0,
        "Other Income Expense": 289000000.0,
        "Other Non Operating Income Expenses": 276000000.0,
        "Special Income Charges": -1000000.0,
        "Gain On Sale Of Ppe": -1000000.0,
        "Gain On Sale Of Security": 14000000.0,
        "Net Non Operating Interest Income Expense": -694000000.0,
        "Interest Expense Non Operating": 694000000.0,
        "Operating Income": -4794000000.0,
        "Operating Expense": 2419000000.0,
        "Research And Development": 897000000.0,
        "Selling General And Administration": 1522000000.0,
        "General And Administrative Expense": 1522000000.0,
        "Other Gand A": 1522000000.0,
        "Gross Profit": -2375000000.0,
        "Cost Of Revenue": 25645000000.0,
        "Total Revenue": 23270000000.0,
        "Operating Revenue": 23270000000.0
    },
    "2025-12-31": {
        "Tax Effect Of Unusual Items": 114149296.79048,
        "Tax Rate For Calcs": 0.0119,
        "Normalized EBITDA": -78000000.0,
        "Total Unusual Items": 9592000000.0,
        "Total Unusual Items Excluding Goodwill": 9592000000.0,
        "Net Income From Continuing Operation Net Minority Interest": 8220000000.0,
        "Reconciled Depreciation": 536000000.0,
        "Reconciled Cost Of Revenue": 22136000000.0,
        "EBITDA": 9514000000.0,
        "EBIT": 8978000000.0,
        "Net Interest Income": -659000000.0,
        "Interest Expense": 659000000.0,
        "Normalized Income": -1257850703.20952,
        "Net Income From Continuing And Discontinued Operation": 8220000000.0,
        "Total Expenses": 24763000000.0,
        "Total Operating Income As Reported": 8777000000.0,
        "Diluted Average Shares": 803800000.0,
        "Basic Average Shares": 768083097.0,
        "Diluted EPS": 10.23,
        "Basic EPS": 10.59,
        "Diluted NI Availto Com Stockholders": 7874000000.0,
        "Net Income Common Stockholders": 7874000000.0,
        "Preferred Stock Dividends": NaN,
        "Net Income": 8220000000.0,
        "Minority Interests": 0.0,
        "Net Income Including Noncontrolling Interests": 8220000000.0,
        "Net Income Continuous Operations": 8220000000.0,
        "Tax Provision": 99000000.0,
        "Pretax Income": 8319000000.0,
        "Other Income Expense": 9793000000.0,
        "Other Non Operating Income Expenses": 201000000.0,
        "Special Income Charges": 9609000000.0,
        "Gain On Sale Of Ppe": 9609000000.0,
        "Gain On Sale Of Security": -17000000.0,
        "Net Non Operating Interest Income Expense": -659000000.0,
        "Interest Expense Non Operating": 659000000.0,
        "Operating Income": -815000000.0,
        "Operating Expense": 2627000000.0,
        "Research And Development": 964000000.0,
        "Selling General And Administration": 1663000000.0,
        "General And Administrative Expense": 1663000000.0,
        "Other Gand A": 1663000000.0,
        "Gross Profit": 1812000000.0,
        "Cost Of Revenue": 22136000000.0,
        "Total Revenue": 23948000000.0,
        "Operating Revenue": 23948000000.0
    }
}