{
    "2023-03-31": {
        "Tax Effect Of Unusual Items": NaN,
        "Tax Rate For Calcs": NaN,
        "Normalized EBITDA": NaN,
        "Total Unusual Items": NaN,
        "Total Unusual Items Excluding Goodwill": NaN,
        "Net Income From Continuing Operation Net Minority Interest": NaN,
        "Reconciled Depreciation": NaN,
        "Reconciled Cost Of Revenue": NaN,
        "EBITDA": NaN,
        "EBIT": NaN,
        "Net Interest Income": NaN,
        "Interest Expense": NaN,
        "Interest Income": NaN,
        "Normalized Income": NaN,
        "Net Income From Continuing And Discontinued Operation": NaN,
        "Total Expenses": NaN,
        "Total Operating Income As Reported": NaN,
        "Diluted Average Shares": 2610250000.0,
        "Basic Average Shares": 2581375000.0,
        "Diluted EPS": 8.96,
        "Basic EPS": 9.12,
        "Diluted NI Availto Com Stockholders": NaN,
        "Average Dilution Earnings": NaN,
        "Net Income Common Stockholders": NaN,
        "Otherunder Preferred Stock Dividend": NaN,
        "Net Income": NaN,
        "Minority Interests": NaN,
        "Net Income Including Noncontrolling Interests": NaN,
        "Net Income Continuous Operations": NaN,
        "Earnings From Equity Interest Net Of Tax": NaN,
        "Tax Provision": NaN,
        "Pretax Income": NaN,
        "Other Income Expense": NaN,
        "Other Non Operating Income Expenses": NaN,
        "Special Income Charges": NaN,
        "Impairment Of Capital Assets": NaN,
        "Gain On Sale Of Security": NaN,
        "Net Non Operating Interest Income Expense": NaN,
        "Interest Expense Non Operating": NaN,
        "Interest Income Non Operating": NaN,
        "Operating Income": NaN,
        "Operating Expense": NaN,
        "Depreciation Amortization Depletion Income Statement": NaN,
        "Depreciation And Amortization In Income Statement": NaN,
        "Amortization": NaN,
        "Amortization Of Intangibles Income Statement": NaN,
        "Research And Development": NaN,
        "Selling General And Administration": NaN,
        "Selling And Marketing Expense": NaN,
        "General And Administrative Expense": NaN,
        "Other Gand A": NaN,
        "Gross Profit": NaN,
        "Cost Of Revenue": NaN,
        "Total Revenue": NaN,
        "Operating Revenue": NaN
    },
    "2022-12-31": {
        "Tax Effect Of Unusual Items": NaN,
        "Tax Rate For Calcs": NaN,
        "Normalized EBITDA": NaN,
        "Total Unusual Items": NaN,
        "Total Unusual Items Excluding Goodwill": NaN,
        "Net Income From Continuing Operation Net Minority Interest": NaN,
        "Reconciled Depreciation": NaN,
        "Reconciled Cost Of Revenue": NaN,
        "EBITDA": NaN,
        "EBIT": NaN,
        "Net Interest Income": NaN,
        "Interest Expense": NaN,
        "Interest Income": 15516000000.0,
        "Normalized Income": NaN,
        "Net Income From Continuing And Discontinued Operation": NaN,
        "Total Expenses": NaN,
        "Total Operating Income As Reported": NaN,
        "Diluted Average Shares": NaN,
        "Basic Average Shares": NaN,
        "Diluted EPS": NaN,
        "Basic EPS": NaN,
        "Diluted NI Availto Com Stockholders": NaN,
        "Average Dilution Earnings": NaN,
        "Net Income Common Stockholders": NaN,
        "Otherunder Preferred Stock Dividend": NaN,
        "Net Income": NaN,
        "Minority Interests": NaN,
        "Net Income Including Noncontrolling Interests": NaN,
        "Net Income Continuous Operations": NaN,
        "Earnings From Equity Interest Net Of Tax": NaN,
        "Tax Provision": NaN,
        "Pretax Income": NaN,
        "Other Income Expense": NaN,
        "Other Non Operating Income Expenses": NaN,
        "Special Income Charges": NaN,
        "Impairment Of Capital Assets": NaN,
        "Gain On Sale Of Security": NaN,
        "Net Non Operating Interest Income Expense": NaN,
        "Interest Expense Non Operating": NaN,
        "Interest Income Non Operating": 15516000000.0,
        "Operating Income": NaN,
        "Operating Expense": NaN,
        "Depreciation Amortization Depletion Income Statement": NaN,
        "Depreciation And Amortization In Income Statement": NaN,
        "Amortization": NaN,
        "Amortization Of Intangibles Income Statement": NaN,
        "Research And Development": NaN,
        "Selling General And Administration": NaN,
        "Selling And Marketing Expense": NaN,
        "General And Administrative Expense": NaN,
        "Other Gand A": NaN,
        "Gross Profit": NaN,
        "Cost Of Revenue": NaN,
        "Total Revenue": NaN,
        "Operating Revenue": NaN
    },
    "2022-09-30": {
        "Tax Effect Of Unusual Items": NaN,
        "Tax Rate For Calcs": NaN,
        "Normalized EBITDA": NaN,
        "Total Unusual Items": NaN,
        "Total Unusual Items Excluding Goodwill": NaN,
        "Net Income From Continuing Operation Net Minority Interest": NaN,
        "Reconciled Depreciation": NaN,
        "Reconciled Cost Of Revenue": NaN,
        "EBITDA": NaN,
        "EBIT": NaN,
        "Net Interest Income": NaN,
        "Interest Expense": NaN,
        "Interest Income": NaN,
        "Normalized Income": NaN,
        "Net Income From Continuing And Discontinued Operation": NaN,
        "Total Expenses": NaN,
        "Total Operating Income As Reported": NaN,
        "Diluted Average Shares": NaN,
        "Basic Average Shares": NaN,
        "Diluted EPS": NaN,
        "Basic EPS": NaN,
        "Diluted NI Availto Com Stockholders": NaN,
        "Average Dilution Earnings": -1000000.0,
        "Net Income Common Stockholders": NaN,
        "Otherunder Preferred Stock Dividend": NaN,
        "Net Income": NaN,
        "Minority Interests": NaN,
        "Net Income Including Noncontrolling Interests": NaN,
        "Net Income Continuous Operations": NaN,
        "Earnings From Equity Interest Net Of Tax": NaN,
        "Tax Provision": NaN,
        "Pretax Income": NaN,
        "Other Income Expense": NaN,
        "Other Non Operating Income Expenses": NaN,
        "Special Income Charges": NaN,
        "Impairment Of Capital Assets": NaN,
        "Net Non Operating Interest Income Expense": NaN,
        "Interest Expense Non Operating": NaN,
        "Interest Income Non Operating": NaN,
        "Operating Income": NaN,
        "Operating Expense": NaN,
        "Depreciation Amortization Depletion Income Statement": NaN,
        "Depreciation And Amortization In Income Statement": NaN,
        "Amortization": NaN,
        "Amortization Of Intangibles Income Statement": NaN,
        "Research And Development": NaN,
        "Selling General And Administration": NaN,
        "Selling And Marketing Expense": NaN,
        "General And Administrative Expense": NaN,
        "Other Gand A": NaN,
        "Gross Profit": NaN,
        "Cost Of Revenue": NaN,
        "Total Revenue": NaN,
        "Operating Revenue": NaN
    },
    "2022-06-30": {
        "Tax Effect Of Unusual Items": 0.0,
        "Tax Rate For Calcs": 0.21,
        "Normalized EBITDA": 33172000000.0,
        "Total Unusual Items": NaN,
        "Total Unusual Items Excluding Goodwill": NaN,
        "Net Income From Continuing Operation Net Minority Interest": 22659000000.0,
        "Reconciled Depreciation": 2751000000.0,
        "Reconciled Cost Of Revenue": 129657000000.0,
        "EBITDA": 33172000000.0,
        "EBIT": 30421000000.0,
        "Net Interest Income": 4125000000.0,
        "Interest Expense": 1244000000.0,
        "Interest Income": 5369000000.0,
        "Normalized Income": 22659000000.0,
        "Net Income From Continuing And Discontinued Operation": 22659000000.0,
        "Total Expenses": 180612000000.0,
        "Total Operating Income As Reported": 24943000000.0,
        "Diluted Average Shares": 2673000000.0,
        "Basic Average Shares": 2662375000.0,
        "Diluted EPS": 8.48,
        "Basic EPS": 8.56,
        "Diluted NI Availto Com Stockholders": 22739000000.0,
        "Net Income Common Stockholders": 22739000000.0,
        "Otherunder Preferred Stock Dividend": -80000000.0,
        "Net Income": 22659000000.0,
        "Minority Interests": 2361000000.0,
        "Net Income Including Noncontrolling Interests": 20298000000.0,
        "Net Income Continuous Operations": 20298000000.0,
        "Earnings From Equity Interest Net Of Tax": -3480000000.0,
        "Tax Provision": 5399000000.0,
        "Pretax Income": 29177000000.0,
        "Other Income Expense": 109000000.0,
        "Other Non Operating Income Expenses": 109000000.0,
        "Special Income Charges": NaN,
        "Impairment Of Capital Assets": NaN,
        "Net Non Operating Interest Income Expense": 4125000000.0,
        "Interest Expense Non Operating": 1244000000.0,
        "Interest Income Non Operating": 5369000000.0,
        "Operating Income": 24943000000.0,
        "Operating Expense": 50955000000.0,
        "Depreciation Amortization Depletion Income Statement": 2751000000.0,
        "Depreciation And Amortization In Income Statement": 2751000000.0,
        "Amortization": 2751000000.0,
        "Amortization Of Intangibles Income Statement": 2751000000.0,
        "Research And Development": 14193000000.0,
        "Selling General And Administration": 34011000000.0,
        "Selling And Marketing Expense": 25578000000.0,
        "General And Administrative Expense": 8433000000.0,
        "Other Gand A": 8433000000.0,
        "Gross Profit": 75898000000.0,
        "Cost Of Revenue": 129657000000.0,
        "Total Revenue": 205555000000.0,
        "Operating Revenue": 205555000000.0
    },
    "2022-03-31": {
        "Diluted EPS": -0.44,
        "Total Revenue": NaN,
        "Gross Profit": NaN,
        "Operating Income": NaN,
        "EBIT": NaN,
        "Net Income": NaN
    },
    "2021-12-31": {
        "Diluted EPS": 1.18,
        "Total Revenue": NaN,
        "Gross Profit": NaN,
        "Operating Income": NaN,
        "EBIT": NaN,
        "Net Income": NaN
    },
    "2021-09-30": {
        "Diluted EPS": 0.31,
        "Total Revenue": NaN,
        "Gross Profit": NaN,
        "Operating Income": NaN,
        "EBIT": NaN,
        "Net Income": 833
    },
    "2021-06-30": {
        "Diluted EPS": 2.54,
        "Total Revenue": NaN,
        "Gross Profit": NaN,
        "Operating Income": NaN,
        "EBIT": NaN,
        "Net Income": NaN
    },
    "2021-03-31": {
        "Diluted EPS": -0.07,
        "Total Revenue": NaN,
        "Gross Profit": NaN,
        "Operating Income": -742,
        "EBIT": -742,
        "Net Income": -205
    },
    "2020-12-31": {
        "Diluted EPS": 4.42,
        "Total Revenue": NaN,
        "Gross Profit": NaN,
        "Operating Income": NaN,
        "EBIT": NaN,
        "Net Income": NaN
    },
    "2020-09-30": {
        "Diluted EPS": 1.54,
        "Total Revenue": NaN,
        "Gross Profit": NaN,
        "Operating Income": NaN,
        "EBIT": NaN,
        "Net Income": NaN
    },
    "2020-06-30": {
        "Diluted EPS": 2.46,
        "Total Revenue": NaN,
        "Gross Profit": NaN,
        "Operating Income": NaN,
        "EBIT": NaN,
        "Net Income": NaN
    },
    "2020-03-31": {
        "Diluted EPS": 0.05,
        "Total Revenue": NaN,
        "Gross Profit": NaN,
        "Operating Income": 830,
        "EBIT": 830,
        "Net Income": 321
    },
    "2019-12-31": {
        "Diluted EPS": 2.81,
        "Total Revenue": NaN,
        "Gross Profit": NaN,
        "Operating Income": NaN,
        "EBIT": NaN,
        "Net Income": NaN
    },
    "2019-09-30": {
        "Diluted EPS": 3.85,
        "Total Revenue": NaN,
        "Gross Profit": NaN,
        "Operating Income": NaN,
        "EBIT": NaN,
        "Net Income": NaN
    },
    "2019-06-30": {
        "Diluted EPS": 1.19,
        "Total Revenue": NaN,
        "Gross Profit": NaN,
        "Operating Income": NaN,
        "EBIT": NaN,
        "Net Income": NaN
    },
    "2019-03-31": {
        "Diluted EPS": 1.52,
        "Total Revenue": NaN,
        "Gross Profit": NaN,
        "Operating Income": NaN,
        "EBIT": NaN,
        "Net Income": NaN
    },
    "2018-12-31": {
        "Diluted EPS": 1.84,
        "Total Revenue": NaN,
        "Gross Profit": NaN,
        "Operating Income": NaN,
        "EBIT": NaN,
        "Net Income": NaN
    },
    "2018-09-30": {
        "Diluted EPS": 1.11,
        "Total Revenue": NaN,
        "Gross Profit": NaN,
        "Operating Income": NaN,
        "EBIT": NaN,
        "Net Income": NaN
    },
    "2018-06-30": {
        "Diluted EPS": 0.5,
        "Total Revenue": NaN,
        "Gross Profit": NaN,
        "Operating Income": NaN,
        "EBIT": NaN,
        "Net Income": NaN
    },
    "2018-03-31": {
        "Diluted EPS": 0.65,
        "Total Revenue": NaN,
        "Gross Profit": NaN,
        "Operating Income": NaN,
        "EBIT": NaN,
        "Net Income": NaN
    },
    "2017-12-31": {
        "Diluted EPS": 1.41,
        "Total Revenue": NaN,
        "Gross Profit": NaN,
        "Operating Income": NaN,
        "EBIT": NaN,
        "Net Income": NaN
    },
    "2017-09-30": {
        "Diluted EPS": 1.02,
        "Total Revenue": NaN,
        "Gross Profit": NaN,
        "Operating Income": NaN,
        "EBIT": NaN,
        "Net Income": NaN
    },
    "2017-06-30": {
        "Diluted EPS": 0.83,
        "Total Revenue": NaN,
        "Gross Profit": NaN,
        "Operating Income": NaN,
        "EBIT": NaN,
        "Net Income": NaN
    },
    "2017-03-31": {
        "Diluted EPS": 0.58,
        "Total Revenue": NaN,
        "Gross Profit": NaN,
        "Operating Income": NaN,
        "EBIT": NaN,
        "Net Income": NaN
    },
    "2016-12-31": {
        "Diluted EPS": 1.0,
        "Total Revenue": NaN,
        "Gross Profit": NaN,
        "Operating Income": NaN,
        "EBIT": NaN,
        "Net Income": NaN
    },
    "2016-09-30": {
        "Diluted EPS": 0.45,
        "Total Revenue": NaN,
        "Gross Profit": NaN,
        "Operating Income": NaN,
        "EBIT": NaN,
        "Net Income": NaN
    },
    "2016-06-30": {
        "Diluted EPS": 0.44,
        "Total Revenue": NaN,
        "Gross Profit": NaN,
        "Operating Income": NaN,
        "EBIT": NaN,
        "Net Income": NaN
    },
    "2016-03-31": {
        "Diluted EPS": 0.25,
        "Total Revenue": NaN,
        "Gross Profit": NaN,
        "Operating Income": 757,
        "EBIT": 757,
        "Net Income": 599
    },
    "2015-12-31": {
        "Diluted EPS": 0.76,
        "Total Revenue": NaN,
        "Gross Profit": NaN,
        "Operating Income": NaN,
        "EBIT": NaN,
        "Net Income": NaN
    },
    "2015-09-30": {
        "Diluted EPS": 1.4,
        "Total Revenue": NaN,
        "Gross Profit": NaN,
        "Operating Income": NaN,
        "EBIT": NaN,
        "Net Income": NaN
    },
    "2015-06-30": {
        "Diluted EPS": 1.92,
        "Total Revenue": NaN,
        "Gross Profit": NaN,
        "Operating Income": 832,
        "EBIT": 832,
        "Net Income": NaN
    },
    "2015-03-31": {
        "Diluted EPS": 0.15,
        "Total Revenue": NaN,
        "Gross Profit": NaN,
        "Operating Income": 415,
        "EBIT": 415,
        "Net Income": 464
    },
    "2014-12-31": {
        "Diluted EPS": 0.37,
        "Total Revenue": NaN,
        "Gross Profit": NaN,
        "Operating Income": NaN,
        "EBIT": NaN,
        "Net Income": 957
    },
    "2014-09-30": {
        "Diluted EPS": 0.2,
        "Total Revenue": NaN,
        "Gross Profit": NaN,
        "Operating Income": 708,
        "EBIT": 895,
        "Net Income": 485
    },
    "2014-06-30": {
        "Diluted EPS": 0.84,
        "Total Revenue": NaN,
        "Gross Profit": NaN,
        "Operating Income": NaN,
        "EBIT": NaN,
        "Net Income": NaN
    },
    "2013-12-31": {
        "Diluted EPS": 0.58,
        "Total Revenue": NaN,
        "Gross Profit": NaN,
        "Operating Income": NaN,
        "EBIT": NaN,
        "Net Income": NaN
    },
    "2013-09-30": {
        "Diluted EPS": 0.34,
        "Total Revenue": NaN,
        "Gross Profit": NaN,
        "Operating Income": NaN,
        "EBIT": NaN,
        "Net Income": 802
    },
    "2013-03-31": {
        "Diluted EPS": 0.0,
        "Total Revenue": NaN,
        "Gross Profit": NaN,
        "Operating Income": NaN,
        "EBIT": NaN,
        "Net Income": NaN
    },
    "2012-03-31": {
        "Diluted EPS": 0.0,
        "Total Revenue": NaN,
        "Gross Profit": NaN,
        "Operating Income": NaN,
        "EBIT": NaN,
        "Net Income": NaN
    },
    "2011-03-31": {
        "Diluted EPS": 0.0,
        "Total Revenue": NaN,
        "Gross Profit": NaN,
        "Operating Income": NaN,
        "EBIT": NaN,
        "Net Income": NaN
    },
    "2010-03-31": {
        "Diluted EPS": 0.0,
        "Total Revenue": NaN,
        "Gross Profit": NaN,
        "Operating Income": NaN,
        "EBIT": NaN,
        "Net Income": NaN
    },
    "2023-06-30": {
        "Tax Effect Of Unusual Items": NaN,
        "Tax Rate For Calcs": NaN,
        "Normalized EBITDA": NaN,
        "Total Unusual Items": NaN,
        "Total Unusual Items Excluding Goodwill": NaN,
        "Net Income From Continuing Operation Net Minority Interest": NaN,
        "Reconciled Depreciation": NaN,
        "Reconciled Cost Of Revenue": NaN,
        "EBITDA": NaN,
        "EBIT": NaN,
        "Net Interest Income": NaN,
        "Interest Expense": NaN,
        "Interest Income": NaN,
        "Normalized Income": NaN,
        "Net Income From Continuing And Discontinued Operation": NaN,
        "Total Expenses": NaN,
        "Total Operating Income As Reported": NaN,
        "Diluted Average Shares": NaN,
        "Basic Average Shares": NaN,
        "Diluted EPS": NaN,
        "Basic EPS": NaN,
        "Diluted NI Availto Com Stockholders": NaN,
        "Average Dilution Earnings": NaN,
        "Net Income Common Stockholders": NaN,
        "Otherunder Preferred Stock Dividend": NaN,
        "Net Income": NaN,
        "Minority Interests": NaN,
        "Net Income Including Noncontrolling Interests": NaN,
        "Net Income Continuous Operations": NaN,
        "Earnings From Equity Interest Net Of Tax": NaN,
        "Tax Provision": NaN,
        "Pretax Income": NaN,
        "Other Income Expense": NaN,
        "Other Non Operating Income Expenses": NaN,
        "Special Income Charges": NaN,
        "Impairment Of Capital Assets": NaN,
        "Gain On Sale Of Security": -5898000000.0,
        "Net Non Operating Interest Income Expense": NaN,
        "Interest Expense Non Operating": NaN,
        "Interest Income Non Operating": NaN,
        "Operating Income": NaN,
        "Operating Expense": NaN,
        "Other Operating Expenses": NaN,
        "Depreciation Amortization Depletion Income Statement": NaN,
        "Depreciation And Amortization In Income Statement": NaN,
        "Amortization": NaN,
        "Amortization Of Intangibles Income Statement": NaN,
        "Research And Development": NaN,
        "Selling General And Administration": NaN,
        "Selling And Marketing Expense": NaN,
        "General And Administrative Expense": NaN,
        "Other Gand A": NaN,
        "Gross Profit": NaN,
        "Cost Of Revenue": NaN,
        "Total Revenue": NaN,
        "Operating Revenue": NaN
    },
    "2023-09-30": {
        "Tax Effect Of Unusual Items": NaN,
        "Tax Rate For Calcs": NaN,
        "Normalized EBITDA": NaN,
        "Total Unusual Items": NaN,
        "Total Unusual Items Excluding Goodwill": NaN,
        "Net Income From Continuing Operation Net Minority Interest": NaN,
        "Reconciled Depreciation": NaN,
        "Reconciled Cost Of Revenue": NaN,
        "EBITDA": NaN,
        "EBIT": NaN,
        "Net Interest Income": NaN,
        "Interest Expense": NaN,
        "Interest Income": 5136000000.0,
        "Normalized Income": NaN,
        "Net Income From Continuing And Discontinued Operation": NaN,
        "Total Expenses": NaN,
        "Total Operating Income As Reported": NaN,
        "Diluted Average Shares": NaN,
        "Basic Average Shares": NaN,
        "Diluted EPS": NaN,
        "Basic EPS": NaN,
        "Diluted NI Availto Com Stockholders": NaN,
        "Average Dilution Earnings": NaN,
        "Net Income Common Stockholders": NaN,
        "Otherunder Preferred Stock Dividend": NaN,
        "Net Income": NaN,
        "Minority Interests": NaN,
        "Net Income Including Noncontrolling Interests": NaN,
        "Net Income Continuous Operations": NaN,
        "Earnings From Equity Interest Net Of Tax": NaN,
        "Tax Provision": NaN,
        "Pretax Income": NaN,
        "Other Income Expense": NaN,
        "Other Non Operating Income Expenses": NaN,
        "Special Income Charges": NaN,
        "Impairment Of Capital Assets": NaN,
        "Gain On Sale Of Security": NaN,
        "Net Non Operating Interest Income Expense": NaN,
        "Interest Expense Non Operating": NaN,
        "Interest Income Non Operating": 5136000000.0,
        "Operating Income": NaN,
        "Operating Expense": NaN,
        "Other Operating Expenses": NaN,
        "Depreciation Amortization Depletion Income Statement": NaN,
        "Depreciation And Amortization In Income Statement": NaN,
        "Amortization": NaN,
        "Amortization Of Intangibles Income Statement": NaN,
        "Research And Development": NaN,
        "Selling General And Administration": NaN,
        "Selling And Marketing Expense": NaN,
        "General And Administrative Expense": NaN,
        "Other Gand A": NaN,
        "Gross Profit": NaN,
        "Cost Of Revenue": NaN,
        "Total Revenue": NaN,
        "Operating Revenue": NaN
    },
    "2023-12-31": {
        "Tax Effect Of Unusual Items": -2445323940.408823,
        "Tax Rate For Calcs": 0.288024,
        "Normalized EBITDA": 46041000000.0,
        "Total Unusual Items": -8490000000.0,
        "Total Unusual Items Excluding Goodwill": -8490000000.0,
        "Net Income From Continuing Operation Net Minority Interest": 14555000000.0,
        "Reconciled Depreciation": 14601000000.0,
        "Reconciled Cost Of Revenue": 156214000000.0,
        "EBITDA": 37551000000.0,
        "EBIT": 22950000000.0,
        "Net Interest Income": -5632000000.0,
        "Interest Expense": 5632000000.0,
        "Interest Income": NaN,
        "Normalized Income": 20599676059.59118,
        "Net Income From Continuing And Discontinued Operation": 14555000000.0,
        "Total Expenses": 229347000000.0,
        "Total Operating Income As Reported": 22511000000.0,
        "Diluted Average Shares": NaN,
        "Basic Average Shares": NaN,
        "Diluted EPS": NaN,
        "Basic EPS": NaN,
        "Diluted NI Availto Com Stockholders": 14354000000.0,
        "Average Dilution Earnings": -79000000.0,
        "Net Income Common Stockholders": 14433000000.0,
        "Otherunder Preferred Stock Dividend": 122000000.0,
        "Net Income": 14555000000.0,
        "Minority Interests": 3838000000.0,
        "Net Income Including Noncontrolling Interests": 10717000000.0,
        "Net Income Continuous Operations": 10717000000.0,
        "Earnings From Equity Interest Net Of Tax": -1613000000.0,
        "Tax Provision": 4988000000.0,
        "Pretax Income": 17318000000.0,
        "Other Income Expense": -8051000000.0,
        "Other Non Operating Income Expenses": 439000000.0,
        "Special Income Charges": -8490000000.0,
        "Impairment Of Capital Assets": 8490000000.0,
        "Gain On Sale Of Security": NaN,
        "Net Non Operating Interest Income Expense": -5632000000.0,
        "Interest Expense Non Operating": 5632000000.0,
        "Interest Income Non Operating": NaN,
        "Operating Income": 31001000000.0,
        "Operating Expense": 73133000000.0,
        "Other Operating Expenses": NaN,
        "Depreciation Amortization Depletion Income Statement": 14601000000.0,
        "Depreciation And Amortization In Income Statement": 14601000000.0,
        "Amortization": 14601000000.0,
        "Amortization Of Intangibles Income Statement": 14601000000.0,
        "Research And Development": 13488000000.0,
        "Selling General And Administration": 45044000000.0,
        "Selling And Marketing Expense": 33783000000.0,
        "General And Administrative Expense": 11261000000.0,
        "Other Gand A": 11261000000.0,
        "Gross Profit": 104134000000.0,
        "Cost Of Revenue": 156214000000.0,
        "Total Revenue": 260348000000.0,
        "Operating Revenue": 260348000000.0
    },
    "2024-03-31": {
        "Tax Effect Of Unusual Items": 0.0,
        "Tax Rate For Calcs": 0.25,
        "Normalized EBITDA": 19809000000.0,
        "Total Unusual Items": 0.0,
        "Total Unusual Items Excluding Goodwill": 0.0,
        "Net Income From Continuing Operation Net Minority Interest": 3365000000.0,
        "Reconciled Depreciation": 2081000000.0,
        "Reconciled Cost Of Revenue": 148098000000.0,
        "EBITDA": 19809000000.0,
        "EBIT": 17728000000.0,
        "Net Interest Income": -7879000000.0,
        "Interest Expense": 7879000000.0,
        "Interest Income": NaN,
        "Normalized Income": 3365000000.0,
        "Net Income From Continuing And Discontinued Operation": 3365000000.0,
        "Total Expenses": 207109000000.0,
        "Total Operating Income As Reported": 14765000000.0,
        "Diluted Average Shares": 2497500000.0,
        "Basic Average Shares": 2470375000.0,
        "Diluted EPS": 1.28,
        "Basic EPS": 1.36,
        "Diluted NI Availto Com Stockholders": 3255000000.0,
        "Average Dilution Earnings": -15000000.0,
        "Net Income Common Stockholders": 3270000000.0,
        "Otherunder Preferred Stock Dividend": 95000000.0,
        "Net Income": 3365000000.0,
        "Minority Interests": 2446000000.0,
        "Net Income Including Noncontrolling Interests": 919000000.0,
        "Net Income Continuous Operations": 919000000.0,
        "Earnings From Equity Interest Net Of Tax": -3208000000.0,
        "Tax Provision": 5722000000.0,
        "Pretax Income": 9849000000.0,
        "Other Income Expense": 2963000000.0,
        "Other Non Operating Income Expenses": 2963000000.0,
        "Special Income Charges": 0.0,
        "Impairment Of Capital Assets": 0.0,
        "Gain On Sale Of Security": NaN,
        "Net Non Operating Interest Income Expense": -7879000000.0,
        "Interest Expense Non Operating": 7879000000.0,
        "Interest Income Non Operating": NaN,
        "Operating Income": 14765000000.0,
        "Operating Expense": 59011000000.0,
        "Other Operating Expenses": NaN,
        "Depreciation Amortization Depletion Income Statement": 2081000000.0,
        "Depreciation And Amortization In Income Statement": 2081000000.0,
        "Amortization": 2081000000.0,
        "Amortization Of Intangibles Income Statement": 2081000000.0,
        "Research And Development": 14085000000.0,
        "Selling General And Administration": 42845000000.0,
        "Selling And Marketing Expense": 28826000000.0,
        "General And Administrative Expense": 14019000000.0,
        "Other Gand A": 14019000000.0,
        "Gross Profit": 73776000000.0,
        "Cost Of Revenue": 148098000000.0,
        "Total Revenue": 221874000000.0,
        "Operating Revenue": 183038000000.0
    },
    "2024-06-30": {
        "Tax Effect Of Unusual Items": -456510558.624923,
        "Tax Rate For Calcs": 0.30887,
        "Normalized EBITDA": 38038000000.0,
        "Total Unusual Items": -1478000000.0,
        "Total Unusual Items Excluding Goodwill": -1478000000.0,
        "Net Income From Continuing Operation Net Minority Interest": 24390000000.0,
        "Reconciled Depreciation": 1792000000.0,
        "Reconciled Cost Of Revenue": 146106000000.0,
        "EBITDA": 36560000000.0,
        "EBIT": 34768000000.0,
        "Net Interest Income": -2188000000.0,
        "Interest Expense": 2188000000.0,
        "Interest Income": NaN,
        "Normalized Income": 25411489441.375076,
        "Net Income From Continuing And Discontinued Operation": 24390000000.0,
        "Total Expenses": 207247000000.0,
        "Total Operating Income As Reported": 35989000000.0,
        "Diluted Average Shares": 2449375000.0,
        "Basic Average Shares": 2416125000.0,
        "Diluted EPS": 9.92,
        "Basic EPS": 10.08,
        "Diluted NI Availto Com Stockholders": 24220000000.0,
        "Average Dilution Earnings": -49000000.0,
        "Net Income Common Stockholders": 24269000000.0,
        "Otherunder Preferred Stock Dividend": 121000000.0,
        "Net Income": 24390000000.0,
        "Minority Interests": 368000000.0,
        "Net Income Including Noncontrolling Interests": 24022000000.0,
        "Net Income Continuous Operations": 24022000000.0,
        "Earnings From Equity Interest Net Of Tax": 1505000000.0,
        "Tax Provision": 10063000000.0,
        "Pretax Income": 32580000000.0,
        "Other Income Expense": -1221000000.0,
        "Other Non Operating Income Expenses": 257000000.0,
        "Special Income Charges": 0.0,
        "Impairment Of Capital Assets": 0.0,
        "Gain On Sale Of Security": -1478000000.0,
        "Net Non Operating Interest Income Expense": -2188000000.0,
        "Interest Expense Non Operating": 2188000000.0,
        "Interest Income Non Operating": NaN,
        "Operating Income": 35989000000.0,
        "Operating Expense": 61141000000.0,
        "Other Operating Expenses": NaN,
        "Depreciation Amortization Depletion Income Statement": 1792000000.0,
        "Depreciation And Amortization In Income Statement": 1792000000.0,
        "Amortization": 1792000000.0,
        "Amortization Of Intangibles Income Statement": 1792000000.0,
        "Research And Development": 13373000000.0,
        "Selling General And Administration": 45976000000.0,
        "Selling And Marketing Expense": 32696000000.0,
        "General And Administrative Expense": 13280000000.0,
        "Other Gand A": 13280000000.0,
        "Gross Profit": 97130000000.0,
        "Cost Of Revenue": 146106000000.0,
        "Total Revenue": 243236000000.0,
        "Operating Revenue": 243236000000.0
    },
    "2024-09-30": {
        "Tax Effect Of Unusual Items": 218350324.337311,
        "Tax Rate For Calcs": 0.147734,
        "Normalized EBITDA": 52546000000.0,
        "Total Unusual Items": 1478000000.0,
        "Total Unusual Items Excluding Goodwill": 1478000000.0,
        "Net Income From Continuing Operation Net Minority Interest": 44033000000.0,
        "Reconciled Depreciation": 1649000000.0,
        "Reconciled Cost Of Revenue": 144029000000.0,
        "EBITDA": 54024000000.0,
        "EBIT": 52375000000.0,
        "Net Interest Income": 14702000000.0,
        "Interest Expense": 2427000000.0,
        "Interest Income": 18607000000.0,
        "Normalized Income": 42773350324.33731,
        "Net Income From Continuing And Discontinued Operation": 44033000000.0,
        "Total Expenses": 201257000000.0,
        "Total Operating Income As Reported": 35246000000.0,
        "Diluted Average Shares": 2415250000.0,
        "Basic Average Shares": 2345125000.0,
        "Diluted EPS": 18.16,
        "Basic EPS": 18.72,
        "Diluted NI Availto Com Stockholders": 43887000000.0,
        "Average Dilution Earnings": 13000000.0,
        "Net Income Common Stockholders": 43874000000.0,
        "Otherunder Preferred Stock Dividend": 159000000.0,
        "Net Income": 44033000000.0,
        "Minority Interests": 486000000.0,
        "Net Income Including Noncontrolling Interests": 43547000000.0,
        "Net Income Continuous Operations": 43547000000.0,
        "Earnings From Equity Interest Net Of Tax": 978000000.0,
        "Tax Provision": 7379000000.0,
        "Pretax Income": 49948000000.0,
        "Other Income Expense": 0.0,
        "Other Non Operating Income Expenses": -1478000000.0,
        "Special Income Charges": 0.0,
        "Impairment Of Capital Assets": 0.0,
        "Gain On Sale Of Security": NaN,
        "Net Non Operating Interest Income Expense": 14702000000.0,
        "Interest Expense Non Operating": 2427000000.0,
        "Interest Income Non Operating": 18607000000.0,
        "Operating Income": 35246000000.0,
        "Operating Expense": 57228000000.0,
        "Other Operating Expenses": -851000000.0,
        "Depreciation Amortization Depletion Income Statement": 1649000000.0,
        "Depreciation And Amortization In Income Statement": 1649000000.0,
        "Amortization": 1649000000.0,
        "Amortization Of Intangibles Income Statement": 1649000000.0,
        "Research And Development": 14182000000.0,
        "Selling General And Administration": 42248000000.0,
        "Selling And Marketing Expense": 32471000000.0,
        "General And Administrative Expense": 9777000000.0,
        "Other Gand A": 9777000000.0,
        "Gross Profit": 92474000000.0,
        "Cost Of Revenue": 144029000000.0,
        "Total Revenue": 236503000000.0,
        "Operating Revenue": 216696000000.0
    },
    "2024-12-31": {
        "Tax Effect Of Unusual Items": -1263460517.133728,
        "Tax Rate For Calcs": 0.204742,
        "Normalized EBITDA": 65172000000.0,
        "Total Unusual Items": -6171000000.0,
        "Total Unusual Items Excluding Goodwill": -6171000000.0,
        "Net Income From Continuing Operation Net Minority Interest": 49127000000.0,
        "Reconciled Depreciation": 2062000000.0,
        "Reconciled Cost Of Revenue": 162524000000.0,
        "EBITDA": 59001000000.0,
        "EBIT": 56939000000.0,
        "Net Interest Income": 8661000000.0,
        "Interest Expense": 2485000000.0,
        "Interest Income": 11146000000.0,
        "Normalized Income": 54034539482.86627,
        "Net Income From Continuing And Discontinued Operation": 49127000000.0,
        "Total Expenses": 232778000000.0,
        "Total Operating Income As Reported": 41205000000.0,
        "Diluted Average Shares": 2400000000.0,
        "Basic Average Shares": 2323250000.0,
        "Diluted EPS": 20.4,
        "Basic EPS": 21.04,
        "Diluted NI Availto Com Stockholders": 48928000000.0,
        "Average Dilution Earnings": -17000000.0,
        "Net Income Common Stockholders": 48945000000.0,
        "Otherunder Preferred Stock Dividend": 182000000.0,
        "Net Income": 49127000000.0,
        "Minority Interests": 2693000000.0,
        "Net Income Including Noncontrolling Interests": 46434000000.0,
        "Net Income Continuous Operations": 46434000000.0,
        "Earnings From Equity Interest Net Of Tax": 3129000000.0,
        "Tax Provision": 11149000000.0,
        "Pretax Income": 54454000000.0,
        "Other Income Expense": -1583000000.0,
        "Other Non Operating Income Expenses": 4588000000.0,
        "Special Income Charges": -6171000000.0,
        "Impairment Of Capital Assets": 6171000000.0,
        "Gain On Sale Of Security": NaN,
        "Net Non Operating Interest Income Expense": 8661000000.0,
        "Interest Expense Non Operating": 2485000000.0,
        "Interest Income Non Operating": 11146000000.0,
        "Operating Income": 47376000000.0,
        "Operating Expense": 70254000000.0,
        "Other Operating Expenses": 4000000.0,
        "Depreciation Amortization Depletion Income Statement": 2062000000.0,
        "Depreciation And Amortization In Income Statement": 2062000000.0,
        "Amortization": 2062000000.0,
        "Amortization Of Intangibles Income Statement": 2062000000.0,
        "Research And Development": 14662000000.0,
        "Selling General And Administration": 53526000000.0,
        "Selling And Marketing Expense": 42675000000.0,
        "General And Administrative Expense": 10851000000.0,
        "Other Gand A": 10851000000.0,
        "Gross Profit": 117630000000.0,
        "Cost Of Revenue": 162524000000.0,
        "Total Revenue": 280154000000.0,
        "Operating Revenue": 280154000000.0
    },
    "2025-03-31": {
        "Tax Effect Of Unusual Items": 0.0,
        "Tax Rate For Calcs": 0.371028,
        "Normalized EBITDA": 21802000000.0,
        "Total Unusual Items": 0.0,
        "Total Unusual Items Excluding Goodwill": 0.0,
        "Net Income From Continuing Operation Net Minority Interest": 12559000000.0,
        "Reconciled Depreciation": 833000000.0,
        "Reconciled Cost Of Revenue": 145626000000.0,
        "EBITDA": 21802000000.0,
        "EBIT": 20969000000.0,
        "Net Interest Income": -10012000000.0,
        "Interest Expense": 2496000000.0,
        "Interest Income": -7516000000.0,
        "Normalized Income": 12559000000.0,
        "Net Income From Continuing And Discontinued Operation": 12559000000.0,
        "Total Expenses": 207989000000.0,
        "Total Operating Income As Reported": 28465000000.0,
        "Diluted Average Shares": 2394125000.0,
        "Basic Average Shares": 2310875000.0,
        "Diluted EPS": 5.2,
        "Basic EPS": 5.36,
        "Diluted NI Availto Com Stockholders": 12370000000.0,
        "Average Dilution Earnings": -12000000.0,
        "Net Income Common Stockholders": 12382000000.0,
        "Otherunder Preferred Stock Dividend": 177000000.0,
        "Net Income": 12559000000.0,
        "Minority Interests": 586000000.0,
        "Net Income Including Noncontrolling Interests": 11973000000.0,
        "Net Income Continuous Operations": 11973000000.0,
        "Earnings From Equity Interest Net Of Tax": 354000000.0,
        "Tax Provision": 6854000000.0,
        "Pretax Income": 18473000000.0,
        "Other Income Expense": 20000000.0,
        "Other Non Operating Income Expenses": 20000000.0,
        "Special Income Charges": 0.0,
        "Impairment Of Capital Assets": 0.0,
        "Gain On Sale Of Security": NaN,
        "Net Non Operating Interest Income Expense": -10012000000.0,
        "Interest Expense Non Operating": 2496000000.0,
        "Interest Income Non Operating": -7516000000.0,
        "Operating Income": 28465000000.0,
        "Operating Expense": 62363000000.0,
        "Other Operating Expenses": 86000000.0,
        "Depreciation Amortization Depletion Income Statement": 833000000.0,
        "Depreciation And Amortization In Income Statement": 833000000.0,
        "Amortization": 833000000.0,
        "Amortization Of Intangibles Income Statement": 833000000.0,
        "Research And Development": 14934000000.0,
        "Selling General And Administration": 46510000000.0,
        "Selling And Marketing Expense": 36179000000.0,
        "General And Administrative Expense": 10331000000.0,
        "Other Gand A": 10331000000.0,
        "Gross Profit": 90828000000.0,
        "Cost Of Revenue": 145626000000.0,
        "Total Revenue": 236454000000.0,
        "Operating Revenue": 193769000000.0
    }
}