{
    "2023-06-30": {
        "Tax Effect Of Unusual Items": NaN,
        "Tax Rate For Calcs": NaN,
        "Normalized EBITDA": NaN,
        "Total Unusual Items": NaN,
        "Total Unusual Items Excluding Goodwill": NaN,
        "Net Income From Continuing Operation Net Minority Interest": NaN,
        "Reconciled Depreciation": NaN,
        "Reconciled Cost Of Revenue": NaN,
        "EBITDA": NaN,
        "EBIT": NaN,
        "Net Interest Income": NaN,
        "Interest Expense": NaN,
        "Normalized Income": NaN,
        "Net Income From Continuing And Discontinued Operation": NaN,
        "Total Expenses": NaN,
        "Total Operating Income As Reported": NaN,
        "Diluted Average Shares": NaN,
        "Basic Average Shares": NaN,
        "Diluted EPS": NaN,
        "Basic EPS": NaN,
        "Diluted NI Availto Com Stockholders": NaN,
        "Average Dilution Earnings": NaN,
        "Net Income Common Stockholders": NaN,
        "Otherunder Preferred Stock Dividend": NaN,
        "Net Income": NaN,
        "Minority Interests": 0.0,
        "Net Income Including Noncontrolling Interests": NaN,
        "Net Income Continuous Operations": NaN,
        "Tax Provision": NaN,
        "Pretax Income": NaN,
        "Other Income Expense": NaN,
        "Other Non Operating Income Expenses": NaN,
        "Gain On Sale Of Security": NaN,
        "Net Non Operating Interest Income Expense": NaN,
        "Total Other Finance Cost": NaN,
        "Interest Expense Non Operating": NaN,
        "Operating Income": NaN,
        "Operating Expense": NaN,
        "Other Operating Expenses": NaN,
        "Depreciation Amortization Depletion Income Statement": NaN,
        "Depreciation And Amortization In Income Statement": NaN,
        "Selling General And Administration": NaN,
        "General And Administrative Expense": NaN,
        "Other Gand A": NaN,
        "Gross Profit": NaN,
        "Cost Of Revenue": NaN,
        "Total Revenue": NaN,
        "Operating Revenue": NaN
    },
    "2023-03-31": {
        "Tax Effect Of Unusual Items": NaN,
        "Tax Rate For Calcs": NaN,
        "Normalized EBITDA": NaN,
        "Total Unusual Items": NaN,
        "Total Unusual Items Excluding Goodwill": NaN,
        "Net Income From Continuing Operation Net Minority Interest": NaN,
        "Reconciled Depreciation": NaN,
        "Reconciled Cost Of Revenue": NaN,
        "EBITDA": NaN,
        "EBIT": NaN,
        "Net Interest Income": NaN,
        "Interest Expense": NaN,
        "Normalized Income": NaN,
        "Net Income From Continuing And Discontinued Operation": NaN,
        "Total Expenses": NaN,
        "Total Operating Income As Reported": NaN,
        "Diluted Average Shares": NaN,
        "Basic Average Shares": NaN,
        "Diluted EPS": NaN,
        "Basic EPS": NaN,
        "Diluted NI Availto Com Stockholders": NaN,
        "Average Dilution Earnings": NaN,
        "Net Income Common Stockholders": NaN,
        "Otherunder Preferred Stock Dividend": NaN,
        "Net Income": NaN,
        "Minority Interests": -74000.0,
        "Net Income Including Noncontrolling Interests": NaN,
        "Net Income Continuous Operations": NaN,
        "Tax Provision": NaN,
        "Pretax Income": NaN,
        "Other Income Expense": NaN,
        "Other Non Operating Income Expenses": NaN,
        "Gain On Sale Of Security": NaN,
        "Net Non Operating Interest Income Expense": NaN,
        "Total Other Finance Cost": NaN,
        "Interest Expense Non Operating": NaN,
        "Operating Income": NaN,
        "Operating Expense": NaN,
        "Other Operating Expenses": NaN,
        "Depreciation Amortization Depletion Income Statement": NaN,
        "Depreciation And Amortization In Income Statement": NaN,
        "Selling General And Administration": NaN,
        "General And Administrative Expense": NaN,
        "Other Gand A": NaN,
        "Gross Profit": NaN,
        "Cost Of Revenue": NaN,
        "Total Revenue": NaN,
        "Operating Revenue": NaN
    },
    "2022-12-31": {
        "Tax Effect Of Unusual Items": NaN,
        "Tax Rate For Calcs": NaN,
        "Normalized EBITDA": NaN,
        "Total Unusual Items": NaN,
        "Total Unusual Items Excluding Goodwill": NaN,
        "Net Income From Continuing Operation Net Minority Interest": NaN,
        "Reconciled Depreciation": NaN,
        "Reconciled Cost Of Revenue": NaN,
        "EBITDA": NaN,
        "EBIT": NaN,
        "Net Interest Income": NaN,
        "Interest Expense": NaN,
        "Normalized Income": NaN,
        "Net Income From Continuing And Discontinued Operation": NaN,
        "Total Expenses": NaN,
        "Total Operating Income As Reported": NaN,
        "Diluted Average Shares": 132759877.0,
        "Basic Average Shares": 132224802.0,
        "Diluted EPS": 0.23,
        "Basic EPS": 0.23,
        "Diluted NI Availto Com Stockholders": NaN,
        "Average Dilution Earnings": 0.0,
        "Net Income Common Stockholders": NaN,
        "Otherunder Preferred Stock Dividend": 471000.0,
        "Net Income": NaN,
        "Minority Interests": NaN,
        "Net Income Including Noncontrolling Interests": NaN,
        "Net Income Continuous Operations": NaN,
        "Tax Provision": NaN,
        "Pretax Income": NaN,
        "Other Income Expense": NaN,
        "Other Non Operating Income Expenses": NaN,
        "Gain On Sale Of Security": NaN,
        "Net Non Operating Interest Income Expense": NaN,
        "Total Other Finance Cost": NaN,
        "Interest Expense Non Operating": NaN,
        "Operating Income": NaN,
        "Operating Expense": NaN,
        "Other Operating Expenses": NaN,
        "Depreciation Amortization Depletion Income Statement": NaN,
        "Depreciation And Amortization In Income Statement": NaN,
        "Selling General And Administration": NaN,
        "General And Administrative Expense": NaN,
        "Other Gand A": NaN,
        "Gross Profit": NaN,
        "Cost Of Revenue": NaN,
        "Total Revenue": NaN,
        "Operating Revenue": NaN
    },
    "2022-09-30": {
        "Tax Effect Of Unusual Items": NaN,
        "Tax Rate For Calcs": NaN,
        "Normalized EBITDA": NaN,
        "Total Unusual Items": NaN,
        "Total Unusual Items Excluding Goodwill": NaN,
        "Net Income From Continuing Operation Net Minority Interest": NaN,
        "Reconciled Depreciation": NaN,
        "Reconciled Cost Of Revenue": NaN,
        "EBITDA": NaN,
        "EBIT": NaN,
        "Net Interest Income": NaN,
        "Interest Expense": NaN,
        "Normalized Income": NaN,
        "Net Income From Continuing And Discontinued Operation": NaN,
        "Total Expenses": NaN,
        "Total Operating Income As Reported": NaN,
        "Diluted Average Shares": 132729245.0,
        "Basic Average Shares": 132266373.0,
        "Diluted EPS": 1.28,
        "Basic EPS": 1.28,
        "Diluted NI Availto Com Stockholders": NaN,
        "Average Dilution Earnings": -1386000.0,
        "Net Income Common Stockholders": NaN,
        "Otherunder Preferred Stock Dividend": 1087000.0,
        "Net Income": NaN,
        "Minority Interests": NaN,
        "Net Income Including Noncontrolling Interests": NaN,
        "Net Income Continuous Operations": NaN,
        "Tax Provision": NaN,
        "Pretax Income": NaN,
        "Other Income Expense": NaN,
        "Other Non Operating Income Expenses": NaN,
        "Gain On Sale Of Security": NaN,
        "Net Non Operating Interest Income Expense": NaN,
        "Total Other Finance Cost": NaN,
        "Interest Expense Non Operating": NaN,
        "Operating Income": NaN,
        "Operating Expense": NaN,
        "Other Operating Expenses": NaN,
        "Depreciation Amortization Depletion Income Statement": NaN,
        "Depreciation And Amortization In Income Statement": NaN,
        "Selling General And Administration": NaN,
        "General And Administrative Expense": NaN,
        "Other Gand A": NaN,
        "Gross Profit": NaN,
        "Cost Of Revenue": NaN,
        "Total Revenue": NaN,
        "Operating Revenue": NaN
    },
    "2022-06-30": {
        "Tax Effect Of Unusual Items": -653961.0,
        "Tax Rate For Calcs": 0.231,
        "Normalized EBITDA": 243178000.0,
        "Total Unusual Items": -2831000.0,
        "Total Unusual Items Excluding Goodwill": -2831000.0,
        "Net Income From Continuing Operation Net Minority Interest": 138284000.0,
        "Reconciled Depreciation": 40102000.0,
        "Reconciled Cost Of Revenue": 1074973000.0,
        "EBITDA": 240347000.0,
        "EBIT": 200245000.0,
        "Net Interest Income": -21824000.0,
        "Interest Expense": 20663000.0,
        "Normalized Income": 140461039.0,
        "Net Income From Continuing And Discontinued Operation": 138284000.0,
        "Total Expenses": 2042405000.0,
        "Total Operating Income As Reported": 207195000.0,
        "Diluted Average Shares": 133011088.0,
        "Basic Average Shares": 132371487.0,
        "Diluted EPS": 1.03,
        "Basic EPS": 1.04,
        "Diluted NI Availto Com Stockholders": 138284000.0,
        "Average Dilution Earnings": NaN,
        "Net Income Common Stockholders": 138284000.0,
        "Otherunder Preferred Stock Dividend": NaN,
        "Net Income": 138284000.0,
        "Minority Interests": 191000.0,
        "Net Income Including Noncontrolling Interests": 138093000.0,
        "Net Income Continuous Operations": 138093000.0,
        "Tax Provision": 41489000.0,
        "Pretax Income": 179582000.0,
        "Other Income Expense": -5789000.0,
        "Other Non Operating Income Expenses": -2958000.0,
        "Gain On Sale Of Security": -2831000.0,
        "Net Non Operating Interest Income Expense": -21824000.0,
        "Total Other Finance Cost": 1161000.0,
        "Interest Expense Non Operating": 20663000.0,
        "Operating Income": 207195000.0,
        "Operating Expense": 967432000.0,
        "Other Operating Expenses": NaN,
        "Depreciation Amortization Depletion Income Statement": 40102000.0,
        "Depreciation And Amortization In Income Statement": 40102000.0,
        "Selling General And Administration": 927330000.0,
        "General And Administrative Expense": 927330000.0,
        "Other Gand A": 927330000.0,
        "Gross Profit": 1174627000.0,
        "Cost Of Revenue": 1074973000.0,
        "Total Revenue": 2249600000.0,
        "Operating Revenue": 2249600000.0
    },
    "2022-03-31": {
        "Diluted EPS": 0.68,
        "Total Revenue": NaN,
        "Gross Profit": NaN,
        "Operating Income": 148,
        "EBIT": 190,
        "Net Income": 91
    },
    "2021-12-31": {
        "Diluted EPS": 0.95,
        "Total Revenue": NaN,
        "Gross Profit": NaN,
        "Operating Income": 177,
        "EBIT": 218,
        "Net Income": 129
    },
    "2021-09-30": {
        "Diluted EPS": 1.14,
        "Total Revenue": NaN,
        "Gross Profit": NaN,
        "Operating Income": 218,
        "EBIT": 257,
        "Net Income": 155
    },
    "2021-06-30": {
        "Diluted EPS": 0.67,
        "Total Revenue": NaN,
        "Gross Profit": NaN,
        "Operating Income": 141,
        "EBIT": 170,
        "Net Income": 92
    },
    "2021-03-31": {
        "Diluted EPS": 1.44,
        "Total Revenue": NaN,
        "Gross Profit": NaN,
        "Operating Income": 171,
        "EBIT": 194,
        "Net Income": 199
    },
    "2020-12-31": {
        "Diluted EPS": 1.03,
        "Total Revenue": NaN,
        "Gross Profit": NaN,
        "Operating Income": 184,
        "EBIT": 206,
        "Net Income": 144
    },
    "2020-09-30": {
        "Diluted EPS": 0.98,
        "Total Revenue": NaN,
        "Gross Profit": NaN,
        "Operating Income": 207,
        "EBIT": 229,
        "Net Income": 136
    },
    "2020-06-30": {
        "Diluted EPS": 0.92,
        "Total Revenue": NaN,
        "Gross Profit": NaN,
        "Operating Income": 192,
        "EBIT": 214,
        "Net Income": 129
    },
    "2020-03-31": {
        "Diluted EPS": 0.99,
        "Total Revenue": NaN,
        "Gross Profit": NaN,
        "Operating Income": 149,
        "EBIT": 171,
        "Net Income": 139
    },
    "2019-12-31": {
        "Diluted EPS": 0.79,
        "Total Revenue": NaN,
        "Gross Profit": NaN,
        "Operating Income": 169,
        "EBIT": 191,
        "Net Income": 112
    },
    "2019-09-30": {
        "Diluted EPS": 0.8,
        "Total Revenue": NaN,
        "Gross Profit": 976,
        "Operating Income": 172,
        "EBIT": 193,
        "Net Income": 114
    },
    "2019-06-30": {
        "Diluted EPS": 0.83,
        "Total Revenue": NaN,
        "Gross Profit": 985,
        "Operating Income": 179,
        "EBIT": 200,
        "Net Income": 117
    },
    "2019-03-31": {
        "Diluted EPS": 0.63,
        "Total Revenue": NaN,
        "Gross Profit": 965,
        "Operating Income": 135,
        "EBIT": 150,
        "Net Income": 90
    },
    "2018-12-31": {
        "Diluted EPS": 0.92,
        "Total Revenue": NaN,
        "Gross Profit": 912,
        "Operating Income": 162,
        "EBIT": 181,
        "Net Income": 132
    },
    "2018-09-30": {
        "Diluted EPS": 0.64,
        "Total Revenue": NaN,
        "Gross Profit": 865,
        "Operating Income": 144,
        "EBIT": 166,
        "Net Income": 93
    },
    "2018-06-30": {
        "Diluted EPS": 0.72,
        "Total Revenue": NaN,
        "Gross Profit": 861,
        "Operating Income": 162,
        "EBIT": 179,
        "Net Income": 104
    },
    "2018-03-31": {
        "Diluted EPS": 0.56,
        "Total Revenue": NaN,
        "Gross Profit": 876,
        "Operating Income": 132,
        "EBIT": 150,
        "Net Income": 83
    },
    "2017-12-31": {
        "Diluted EPS": 0.51,
        "Total Revenue": NaN,
        "Gross Profit": 792,
        "Operating Income": 128,
        "EBIT": 147,
        "Net Income": 75
    },
    "2017-09-30": {
        "Diluted EPS": 0.49,
        "Total Revenue": NaN,
        "Gross Profit": 846,
        "Operating Income": 133,
        "EBIT": 150,
        "Net Income": 74
    },
    "2017-06-30": {
        "Diluted EPS": 0.47,
        "Total Revenue": NaN,
        "Gross Profit": 787,
        "Operating Income": 127,
        "EBIT": 143,
        "Net Income": 71
    },
    "2017-03-31": {
        "Diluted EPS": 0.49,
        "Total Revenue": NaN,
        "Gross Profit": 876,
        "Operating Income": 151,
        "EBIT": 169,
        "Net Income": 75
    },
    "2016-12-31": {
        "Diluted EPS": 0.37,
        "Total Revenue": NaN,
        "Gross Profit": 752,
        "Operating Income": 108,
        "EBIT": 124,
        "Net Income": 56
    },
    "2016-09-30": {
        "Diluted EPS": 0.41,
        "Total Revenue": NaN,
        "Gross Profit": 737,
        "Operating Income": 118,
        "EBIT": 143,
        "Net Income": 63
    },
    "2016-06-30": {
        "Diluted EPS": 0.45,
        "Total Revenue": NaN,
        "Gross Profit": 766,
        "Operating Income": 129,
        "EBIT": 146,
        "Net Income": 68
    },
    "2016-03-31": {
        "Diluted EPS": 0.43,
        "Total Revenue": NaN,
        "Gross Profit": 744,
        "Operating Income": 105,
        "EBIT": 122,
        "Net Income": 66
    },
    "2015-12-31": {
        "Diluted EPS": 0.71,
        "Total Revenue": NaN,
        "Gross Profit": 677,
        "Operating Income": 105,
        "EBIT": 123,
        "Net Income": 108
    },
    "2015-09-30": {
        "Diluted EPS": 0.37,
        "Total Revenue": NaN,
        "Gross Profit": 696,
        "Operating Income": 109,
        "EBIT": 126,
        "Net Income": 56
    },
    "2015-06-30": {
        "Diluted EPS": 0.43,
        "Total Revenue": NaN,
        "Gross Profit": 709,
        "Operating Income": 126,
        "EBIT": 143,
        "Net Income": 64
    },
    "2015-03-31": {
        "Diluted EPS": 0.28,
        "Total Revenue": NaN,
        "Gross Profit": 678,
        "Operating Income": 93,
        "EBIT": 110,
        "Net Income": 43
    },
    "2014-12-31": {
        "Diluted EPS": 0.35,
        "Total Revenue": NaN,
        "Gross Profit": 663,
        "Operating Income": 105,
        "EBIT": 123,
        "Net Income": 53
    },
    "2014-09-30": {
        "Diluted EPS": 0.42,
        "Total Revenue": NaN,
        "Gross Profit": 662,
        "Operating Income": 122,
        "EBIT": 140,
        "Net Income": 65
    },
    "2014-06-30": {
        "Diluted EPS": 0.47,
        "Total Revenue": NaN,
        "Gross Profit": 677,
        "Operating Income": 139,
        "EBIT": 161,
        "Net Income": 71
    },
    "2014-03-31": {
        "Diluted EPS": 0.3,
        "Total Revenue": NaN,
        "Gross Profit": 732,
        "Operating Income": 89,
        "EBIT": 109,
        "Net Income": 47
    },
    "2013-12-31": {
        "Diluted EPS": 0.31,
        "Total Revenue": NaN,
        "Gross Profit": 611,
        "Operating Income": 97,
        "EBIT": 117,
        "Net Income": 47
    },
    "2013-09-30": {
        "Diluted EPS": 0.45,
        "Total Revenue": NaN,
        "Gross Profit": 693,
        "Operating Income": 136,
        "EBIT": 159,
        "Net Income": 68
    },
    "2013-06-30": {
        "Diluted EPS": 0.48,
        "Total Revenue": NaN,
        "Gross Profit": 726,
        "Operating Income": 139,
        "EBIT": 159,
        "Net Income": 70
    },
    "2013-03-31": {
        "Diluted EPS": 0.37,
        "Total Revenue": NaN,
        "Gross Profit": 796,
        "Operating Income": 113,
        "EBIT": 135,
        "Net Income": 55
    },
    "2012-12-31": {
        "Diluted EPS": 0.38,
        "Total Revenue": NaN,
        "Gross Profit": 700,
        "Operating Income": 117,
        "EBIT": 137,
        "Net Income": 56
    },
    "2012-09-30": {
        "Diluted EPS": 0.27,
        "Total Revenue": NaN,
        "Gross Profit": 686,
        "Operating Income": 102,
        "EBIT": 131,
        "Net Income": 46
    },
    "2012-06-30": {
        "Diluted EPS": 0.43,
        "Total Revenue": NaN,
        "Gross Profit": 705,
        "Operating Income": 115,
        "EBIT": 135,
        "Net Income": 62
    },
    "2012-03-31": {
        "Diluted EPS": 0.36,
        "Total Revenue": NaN,
        "Gross Profit": 779,
        "Operating Income": 97,
        "EBIT": 118,
        "Net Income": 51
    },
    "2011-12-31": {
        "Diluted EPS": 0.44,
        "Total Revenue": NaN,
        "Gross Profit": 713,
        "Operating Income": 98,
        "EBIT": 119,
        "Net Income": 63
    },
    "2011-09-30": {
        "Diluted EPS": 0.53,
        "Total Revenue": NaN,
        "Gross Profit": 713,
        "Operating Income": 94,
        "EBIT": 114,
        "Net Income": 75
    },
    "2011-06-30": {
        "Diluted EPS": 0.37,
        "Total Revenue": NaN,
        "Gross Profit": 720,
        "Operating Income": 98,
        "EBIT": 117,
        "Net Income": 51
    },
    "2011-03-31": {
        "Diluted EPS": 0.13,
        "Total Revenue": NaN,
        "Gross Profit": 750,
        "Operating Income": 84,
        "EBIT": 134,
        "Net Income": 18
    },
    "2010-12-31": {
        "Diluted EPS": 0.18,
        "Total Revenue": NaN,
        "Gross Profit": 671,
        "Operating Income": 75,
        "EBIT": 110,
        "Net Income": 24
    },
    "2010-09-30": {
        "Diluted EPS": 0.12,
        "Total Revenue": NaN,
        "Gross Profit": 669,
        "Operating Income": 72,
        "EBIT": 98,
        "Net Income": 15
    },
    "2010-06-30": {
        "Diluted EPS": 0.23,
        "Total Revenue": NaN,
        "Gross Profit": 665,
        "Operating Income": 89,
        "EBIT": 111,
        "Net Income": 28
    },
    "2010-03-31": {
        "Diluted EPS": 0.0,
        "Total Revenue": NaN,
        "Gross Profit": NaN,
        "Operating Income": NaN,
        "EBIT": NaN,
        "Net Income": NaN
    },
    "2009-12-31": {
        "Diluted EPS": 0.01,
        "Total Revenue": NaN,
        "Gross Profit": 600,
        "Operating Income": 41,
        "EBIT": 41,
        "Net Income": 1
    },
    "2023-09-30": {
        "Tax Effect Of Unusual Items": NaN,
        "Tax Rate For Calcs": NaN,
        "Normalized EBITDA": NaN,
        "Total Unusual Items": NaN,
        "Total Unusual Items Excluding Goodwill": NaN,
        "Net Income From Continuing Operation Net Minority Interest": NaN,
        "Reconciled Depreciation": NaN,
        "Reconciled Cost Of Revenue": NaN,
        "EBITDA": NaN,
        "EBIT": NaN,
        "Net Interest Income": NaN,
        "Interest Expense": NaN,
        "Normalized Income": NaN,
        "Net Income From Continuing And Discontinued Operation": NaN,
        "Total Expenses": NaN,
        "Total Operating Income As Reported": NaN,
        "Diluted Average Shares": 131133145.0,
        "Basic Average Shares": 130792215.0,
        "Diluted EPS": 1.29,
        "Basic EPS": 1.29,
        "Diluted NI Availto Com Stockholders": NaN,
        "Average Dilution Earnings": -1438000.0,
        "Net Income Common Stockholders": NaN,
        "Otherunder Preferred Stock Dividend": 1441000.0,
        "Net Income": NaN,
        "Minority Interests": 0.0,
        "Net Income Including Noncontrolling Interests": NaN,
        "Net Income Continuous Operations": NaN,
        "Tax Provision": NaN,
        "Pretax Income": NaN,
        "Other Income Expense": NaN,
        "Other Non Operating Income Expenses": NaN,
        "Gain On Sale Of Security": NaN,
        "Net Non Operating Interest Income Expense": NaN,
        "Total Other Finance Cost": NaN,
        "Interest Expense Non Operating": NaN,
        "Operating Income": NaN,
        "Operating Expense": NaN,
        "Other Operating Expenses": NaN,
        "Depreciation Amortization Depletion Income Statement": NaN,
        "Depreciation And Amortization In Income Statement": NaN,
        "Selling General And Administration": NaN,
        "General And Administrative Expense": NaN,
        "Other Gand A": NaN,
        "Gross Profit": NaN,
        "Cost Of Revenue": NaN,
        "Total Revenue": NaN,
        "Operating Revenue": NaN
    },
    "2023-12-31": {
        "Tax Effect Of Unusual Items": NaN,
        "Tax Rate For Calcs": NaN,
        "Normalized EBITDA": NaN,
        "Total Unusual Items": NaN,
        "Total Unusual Items Excluding Goodwill": NaN,
        "Net Income From Continuing Operation Net Minority Interest": NaN,
        "Reconciled Depreciation": NaN,
        "Reconciled Cost Of Revenue": NaN,
        "EBITDA": NaN,
        "EBIT": NaN,
        "Net Interest Income": NaN,
        "Interest Expense": NaN,
        "Normalized Income": NaN,
        "Net Income From Continuing And Discontinued Operation": NaN,
        "Total Expenses": NaN,
        "Total Operating Income As Reported": NaN,
        "Diluted Average Shares": 130489050.0,
        "Basic Average Shares": 130121092.0,
        "Diluted EPS": 1.11,
        "Basic EPS": 1.11,
        "Diluted NI Availto Com Stockholders": NaN,
        "Average Dilution Earnings": 2000.0,
        "Net Income Common Stockholders": NaN,
        "Otherunder Preferred Stock Dividend": 1213000.0,
        "Net Income": NaN,
        "Minority Interests": 0.0,
        "Net Income Including Noncontrolling Interests": NaN,
        "Net Income Continuous Operations": NaN,
        "Tax Provision": NaN,
        "Pretax Income": NaN,
        "Other Income Expense": NaN,
        "Other Non Operating Income Expenses": NaN,
        "Gain On Sale Of Security": NaN,
        "Net Non Operating Interest Income Expense": NaN,
        "Total Other Finance Cost": NaN,
        "Interest Expense Non Operating": NaN,
        "Operating Income": NaN,
        "Operating Expense": NaN,
        "Other Operating Expenses": NaN,
        "Depreciation Amortization Depletion Income Statement": NaN,
        "Depreciation And Amortization In Income Statement": NaN,
        "Selling General And Administration": NaN,
        "General And Administrative Expense": NaN,
        "Other Gand A": NaN,
        "Gross Profit": NaN,
        "Cost Of Revenue": NaN,
        "Total Revenue": NaN,
        "Operating Revenue": NaN
    },
    "2024-03-31": {
        "Tax Effect Of Unusual Items": NaN,
        "Tax Rate For Calcs": NaN,
        "Normalized EBITDA": NaN,
        "Total Unusual Items": NaN,
        "Total Unusual Items Excluding Goodwill": NaN,
        "Net Income From Continuing Operation Net Minority Interest": NaN,
        "Reconciled Depreciation": NaN,
        "Reconciled Cost Of Revenue": NaN,
        "EBITDA": NaN,
        "EBIT": NaN,
        "Net Interest Income": NaN,
        "Interest Expense": NaN,
        "Normalized Income": NaN,
        "Net Income From Continuing And Discontinued Operation": NaN,
        "Total Expenses": NaN,
        "Total Operating Income As Reported": NaN,
        "Diluted Average Shares": NaN,
        "Basic Average Shares": NaN,
        "Diluted EPS": NaN,
        "Basic EPS": NaN,
        "Diluted NI Availto Com Stockholders": NaN,
        "Average Dilution Earnings": 2000.0,
        "Net Income Common Stockholders": NaN,
        "Otherunder Preferred Stock Dividend": 1072000.0,
        "Net Income": NaN,
        "Minority Interests": 0.0,
        "Net Income Including Noncontrolling Interests": NaN,
        "Net Income Continuous Operations": NaN,
        "Tax Provision": NaN,
        "Pretax Income": NaN,
        "Other Income Expense": NaN,
        "Other Non Operating Income Expenses": NaN,
        "Gain On Sale Of Security": NaN,
        "Net Non Operating Interest Income Expense": NaN,
        "Total Other Finance Cost": 1340000.0,
        "Interest Expense Non Operating": NaN,
        "Operating Income": NaN,
        "Operating Expense": NaN,
        "Other Operating Expenses": NaN,
        "Depreciation Amortization Depletion Income Statement": NaN,
        "Depreciation And Amortization In Income Statement": NaN,
        "Selling General And Administration": NaN,
        "General And Administrative Expense": NaN,
        "Other Gand A": NaN,
        "Gross Profit": NaN,
        "Cost Of Revenue": NaN,
        "Total Revenue": NaN,
        "Operating Revenue": NaN
    },
    "2024-06-30": {
        "Tax Effect Of Unusual Items": 0.0,
        "Tax Rate For Calcs": 0.228972,
        "Normalized EBITDA": 293000000.0,
        "Total Unusual Items": 3760000.0,
        "Total Unusual Items Excluding Goodwill": 3760000.0,
        "Net Income From Continuing Operation Net Minority Interest": 165000000.0,
        "Reconciled Depreciation": 41000000.0,
        "Reconciled Cost Of Revenue": 1372000000.0,
        "EBITDA": 293000000.0,
        "EBIT": 252000000.0,
        "Net Interest Income": -38000000.0,
        "Interest Expense": 38000000.0,
        "Normalized Income": 165000000.0,
        "Net Income From Continuing And Discontinued Operation": 165000000.0,
        "Total Expenses": 2687000000.0,
        "Total Operating Income As Reported": 255000000.0,
        "Diluted Average Shares": 129917263.0,
        "Basic Average Shares": 129387052.0,
        "Diluted EPS": 1.27,
        "Basic EPS": 1.27,
        "Diluted NI Availto Com Stockholders": 164000000.0,
        "Average Dilution Earnings": NaN,
        "Net Income Common Stockholders": 164000000.0,
        "Otherunder Preferred Stock Dividend": NaN,
        "Net Income": 165000000.0,
        "Minority Interests": NaN,
        "Net Income Including Noncontrolling Interests": 165000000.0,
        "Net Income Continuous Operations": 165000000.0,
        "Tax Provision": 49000000.0,
        "Pretax Income": 214000000.0,
        "Other Income Expense": -3000000.0,
        "Other Non Operating Income Expenses": -3000000.0,
        "Gain On Sale Of Security": 3760000.0,
        "Net Non Operating Interest Income Expense": -38000000.0,
        "Total Other Finance Cost": 1351000.0,
        "Interest Expense Non Operating": 38000000.0,
        "Operating Income": 255000000.0,
        "Operating Expense": 1315000000.0,
        "Other Operating Expenses": 945000000.0,
        "Depreciation Amortization Depletion Income Statement": 41000000.0,
        "Depreciation And Amortization In Income Statement": 41000000.0,
        "Selling General And Administration": 329000000.0,
        "General And Administrative Expense": 329000000.0,
        "Other Gand A": 329000000.0,
        "Gross Profit": 1570000000.0,
        "Cost Of Revenue": 1372000000.0,
        "Total Revenue": 2942000000.0,
        "Operating Revenue": 2942000000.0
    },
    "2024-09-30": {
        "Tax Effect Of Unusual Items": 648480.0,
        "Tax Rate For Calcs": 0.24,
        "Normalized EBITDA": 601212000.0,
        "Total Unusual Items": 2702000.0,
        "Total Unusual Items Excluding Goodwill": 2702000.0,
        "Net Income From Continuing Operation Net Minority Interest": 390112000.0,
        "Reconciled Depreciation": 42185000.0,
        "Reconciled Cost Of Revenue": 1362153000.0,
        "EBITDA": 603914000.0,
        "EBIT": 561729000.0,
        "Net Interest Income": -49747000.0,
        "Interest Expense": 48377000.0,
        "Normalized Income": 388058480.0,
        "Net Income From Continuing And Discontinued Operation": 390112000.0,
        "Total Expenses": 2597777000.0,
        "Total Operating Income As Reported": 548609000.0,
        "Diluted Average Shares": 128848077.0,
        "Basic Average Shares": 128391878.0,
        "Diluted EPS": 3.01,
        "Basic EPS": 3.02,
        "Diluted NI Availto Com Stockholders": 387786000.0,
        "Average Dilution Earnings": -2326000.0,
        "Net Income Common Stockholders": 390112000.0,
        "Otherunder Preferred Stock Dividend": NaN,
        "Net Income": 390112000.0,
        "Minority Interests": NaN,
        "Net Income Including Noncontrolling Interests": 390112000.0,
        "Net Income Continuous Operations": 390112000.0,
        "Tax Provision": 123240000.0,
        "Pretax Income": 513352000.0,
        "Other Income Expense": 14490000.0,
        "Other Non Operating Income Expenses": 11788000.0,
        "Gain On Sale Of Security": 2702000.0,
        "Net Non Operating Interest Income Expense": -49747000.0,
        "Total Other Finance Cost": 1370000.0,
        "Interest Expense Non Operating": 48377000.0,
        "Operating Income": 548609000.0,
        "Operating Expense": 1235495000.0,
        "Other Operating Expenses": 968022000.0,
        "Depreciation Amortization Depletion Income Statement": 42056000.0,
        "Depreciation And Amortization In Income Statement": 42056000.0,
        "Selling General And Administration": 225417000.0,
        "General And Administrative Expense": 225417000.0,
        "Other Gand A": 225417000.0,
        "Gross Profit": 1784104000.0,
        "Cost Of Revenue": 1362282000.0,
        "Total Revenue": 3146386000.0,
        "Operating Revenue": 3146386000.0
    },
    "2024-12-31": {
        "Tax Effect Of Unusual Items": 455221.0,
        "Tax Rate For Calcs": 0.247,
        "Normalized EBITDA": 332798000.0,
        "Total Unusual Items": 1843000.0,
        "Total Unusual Items Excluding Goodwill": 1843000.0,
        "Net Income From Continuing Operation Net Minority Interest": 186950000.0,
        "Reconciled Depreciation": 40156000.0,
        "Reconciled Cost Of Revenue": 1305612000.0,
        "EBITDA": 334641000.0,
        "EBIT": 294485000.0,
        "Net Interest Income": -47472000.0,
        "Interest Expense": 46089000.0,
        "Normalized Income": 185562221.0,
        "Net Income From Continuing And Discontinued Operation": 186950000.0,
        "Total Expenses": 2625931000.0,
        "Total Operating Income As Reported": 291259000.0,
        "Diluted Average Shares": 127940137.0,
        "Basic Average Shares": 127429723.0,
        "Diluted EPS": 1.45,
        "Basic EPS": 1.46,
        "Diluted NI Availto Com Stockholders": 185869000.0,
        "Average Dilution Earnings": 3000.0,
        "Net Income Common Stockholders": 185866000.0,
        "Otherunder Preferred Stock Dividend": 1084000.0,
        "Net Income": 186950000.0,
        "Minority Interests": NaN,
        "Net Income Including Noncontrolling Interests": 186950000.0,
        "Net Income Continuous Operations": 186950000.0,
        "Tax Provision": 61446000.0,
        "Pretax Income": 248396000.0,
        "Other Income Expense": 4609000.0,
        "Other Non Operating Income Expenses": 2766000.0,
        "Gain On Sale Of Security": 1843000.0,
        "Net Non Operating Interest Income Expense": -47472000.0,
        "Total Other Finance Cost": 1383000.0,
        "Interest Expense Non Operating": 46089000.0,
        "Operating Income": 291259000.0,
        "Operating Expense": 1320319000.0,
        "Other Operating Expenses": 938534000.0,
        "Depreciation Amortization Depletion Income Statement": 40156000.0,
        "Depreciation And Amortization In Income Statement": 40156000.0,
        "Selling General And Administration": 341629000.0,
        "General And Administrative Expense": 341629000.0,
        "Other Gand A": 341629000.0,
        "Gross Profit": 1611578000.0,
        "Cost Of Revenue": 1305612000.0,
        "Total Revenue": 2917190000.0,
        "Operating Revenue": 2917190000.0
    },
    "2025-03-31": {
        "Tax Effect Of Unusual Items": 350426.553475,
        "Tax Rate For Calcs": 0.206619,
        "Normalized EBITDA": 330050000.0,
        "Total Unusual Items": 1696000.0,
        "Total Unusual Items Excluding Goodwill": 1696000.0,
        "Net Income From Continuing Operation Net Minority Interest": 192705000.0,
        "Reconciled Depreciation": 41659000.0,
        "Reconciled Cost Of Revenue": 1379872000.0,
        "EBITDA": 331746000.0,
        "EBIT": 290087000.0,
        "Net Interest Income": -31091000.0,
        "Interest Expense": 47196000.0,
        "Normalized Income": 191359426.553475,
        "Net Income From Continuing And Discontinued Operation": 192705000.0,
        "Total Expenses": 2699659000.0,
        "Total Operating Income As Reported": 274968000.0,
        "Diluted Average Shares": NaN,
        "Basic Average Shares": NaN,
        "Diluted EPS": NaN,
        "Basic EPS": NaN,
        "Diluted NI Availto Com Stockholders": 191800000.0,
        "Average Dilution Earnings": NaN,
        "Net Income Common Stockholders": 191811000.0,
        "Otherunder Preferred Stock Dividend": 894000.0,
        "Net Income": 192705000.0,
        "Minority Interests": NaN,
        "Net Income Including Noncontrolling Interests": 192705000.0,
        "Net Income Continuous Operations": 192705000.0,
        "Tax Provision": 50186000.0,
        "Pretax Income": 242891000.0,
        "Other Income Expense": -986000.0,
        "Other Non Operating Income Expenses": -2682000.0,
        "Gain On Sale Of Security": 1696000.0,
        "Net Non Operating Interest Income Expense": -31091000.0,
        "Total Other Finance Cost": 1895000.0,
        "Interest Expense Non Operating": 47196000.0,
        "Operating Income": 274968000.0,
        "Operating Expense": 1319787000.0,
        "Other Operating Expenses": 928463000.0,
        "Depreciation Amortization Depletion Income Statement": 41659000.0,
        "Depreciation And Amortization In Income Statement": 41659000.0,
        "Selling General And Administration": 349665000.0,
        "General And Administrative Expense": 349665000.0,
        "Other Gand A": 349665000.0,
        "Gross Profit": 1594755000.0,
        "Cost Of Revenue": 1379872000.0,
        "Total Revenue": 2974627000.0,
        "Operating Revenue": 2974627000.0
    },
    "2025-06-30": {
        "Tax Effect Of Unusual Items": 1050000.0,
        "Tax Rate For Calcs": 0.21,
        "Normalized EBITDA": 295000000.0,
        "Total Unusual Items": 5000000.0,
        "Total Unusual Items Excluding Goodwill": 5000000.0,
        "Net Income From Continuing Operation Net Minority Interest": 271000000.0,
        "Reconciled Depreciation": 40000000.0,
        "Reconciled Cost Of Revenue": 1423000000.0,
        "EBITDA": 300000000.0,
        "EBIT": 260000000.0,
        "Net Interest Income": -44000000.0,
        "Interest Expense": 44000000.0,
        "Normalized Income": 267050000.0,
        "Net Income From Continuing And Discontinued Operation": 271000000.0,
        "Total Expenses": 2667000000.0,
        "Total Operating Income As Reported": 257000000.0,
        "Diluted Average Shares": 124475670.0,
        "Basic Average Shares": 124114149.0,
        "Diluted EPS": 2.16,
        "Basic EPS": 2.17,
        "Diluted NI Availto Com Stockholders": 269000000.0,
        "Average Dilution Earnings": NaN,
        "Net Income Common Stockholders": 269000000.0,
        "Otherunder Preferred Stock Dividend": NaN,
        "Net Income": 271000000.0,
        "Minority Interests": NaN,
        "Net Income Including Noncontrolling Interests": 271000000.0,
        "Net Income Continuous Operations": 271000000.0,
        "Tax Provision": -55000000.0,
        "Pretax Income": 216000000.0,
        "Other Income Expense": 3000000.0,
        "Other Non Operating Income Expenses": -2000000.0,
        "Gain On Sale Of Security": 5000000.0,
        "Net Non Operating Interest Income Expense": -44000000.0,
        "Total Other Finance Cost": NaN,
        "Interest Expense Non Operating": 44000000.0,
        "Operating Income": 257000000.0,
        "Operating Expense": 1244000000.0,
        "Other Operating Expenses": 881000000.0,
        "Depreciation Amortization Depletion Income Statement": 40000000.0,
        "Depreciation And Amortization In Income Statement": 40000000.0,
        "Selling General And Administration": 323000000.0,
        "General And Administrative Expense": 323000000.0,
        "Other Gand A": 323000000.0,
        "Gross Profit": 1501000000.0,
        "Cost Of Revenue": 1423000000.0,
        "Total Revenue": 2924000000.0,
        "Operating Revenue": 2924000000.0
    }
}