{
    "2023-03-31": {
        "Tax Effect Of Unusual Items": NaN,
        "Tax Rate For Calcs": NaN,
        "Normalized EBITDA": NaN,
        "Total Unusual Items": NaN,
        "Total Unusual Items Excluding Goodwill": NaN,
        "Net Income From Continuing Operation Net Minority Interest": NaN,
        "Reconciled Depreciation": NaN,
        "Reconciled Cost Of Revenue": NaN,
        "EBITDA": NaN,
        "EBIT": NaN,
        "Net Interest Income": NaN,
        "Interest Expense": NaN,
        "Interest Income": NaN,
        "Normalized Income": NaN,
        "Net Income From Continuing And Discontinued Operation": NaN,
        "Total Expenses": NaN,
        "Diluted Average Shares": NaN,
        "Basic Average Shares": NaN,
        "Diluted EPS": NaN,
        "Basic EPS": NaN,
        "Diluted NI Availto Com Stockholders": NaN,
        "Net Income Common Stockholders": NaN,
        "Net Income": NaN,
        "Minority Interests": NaN,
        "Net Income Including Noncontrolling Interests": NaN,
        "Net Income Discontinuous Operations": 52000000.0,
        "Net Income Continuous Operations": NaN,
        "Earnings From Equity Interest Net Of Tax": NaN,
        "Tax Provision": NaN,
        "Pretax Income": NaN,
        "Other Income Expense": NaN,
        "Special Income Charges": NaN,
        "Other Special Charges": NaN,
        "Restructuring And Mergern Acquisition": NaN,
        "Net Non Operating Interest Income Expense": NaN,
        "Interest Expense Non Operating": NaN,
        "Interest Income Non Operating": NaN,
        "Operating Income": NaN,
        "Operating Expense": NaN,
        "Depreciation Amortization Depletion Income Statement": NaN,
        "Depreciation And Amortization In Income Statement": NaN,
        "Amortization": NaN,
        "Amortization Of Intangibles Income Statement": NaN,
        "Depreciation Income Statement": NaN,
        "Selling General And Administration": NaN,
        "Gross Profit": NaN,
        "Cost Of Revenue": NaN,
        "Total Revenue": NaN,
        "Operating Revenue": NaN
    },
    "2022-12-31": {
        "Tax Effect Of Unusual Items": NaN,
        "Tax Rate For Calcs": NaN,
        "Normalized EBITDA": NaN,
        "Total Unusual Items": NaN,
        "Total Unusual Items Excluding Goodwill": NaN,
        "Net Income From Continuing Operation Net Minority Interest": NaN,
        "Reconciled Depreciation": NaN,
        "Reconciled Cost Of Revenue": NaN,
        "EBITDA": NaN,
        "EBIT": NaN,
        "Net Interest Income": NaN,
        "Interest Expense": NaN,
        "Interest Income": NaN,
        "Normalized Income": NaN,
        "Net Income From Continuing And Discontinued Operation": NaN,
        "Total Expenses": NaN,
        "Diluted Average Shares": NaN,
        "Basic Average Shares": NaN,
        "Diluted EPS": NaN,
        "Basic EPS": NaN,
        "Diluted NI Availto Com Stockholders": NaN,
        "Net Income Common Stockholders": NaN,
        "Net Income": NaN,
        "Minority Interests": NaN,
        "Net Income Including Noncontrolling Interests": NaN,
        "Net Income Discontinuous Operations": NaN,
        "Net Income Continuous Operations": NaN,
        "Earnings From Equity Interest Net Of Tax": NaN,
        "Tax Provision": NaN,
        "Pretax Income": NaN,
        "Other Income Expense": NaN,
        "Special Income Charges": NaN,
        "Other Special Charges": 16000000.0,
        "Restructuring And Mergern Acquisition": NaN,
        "Net Non Operating Interest Income Expense": NaN,
        "Total Other Finance Cost": 16000000.0,
        "Interest Expense Non Operating": NaN,
        "Interest Income Non Operating": NaN,
        "Operating Income": NaN,
        "Operating Expense": NaN,
        "Depreciation Amortization Depletion Income Statement": NaN,
        "Depreciation And Amortization In Income Statement": NaN,
        "Amortization": NaN,
        "Amortization Of Intangibles Income Statement": NaN,
        "Depreciation Income Statement": NaN,
        "Selling General And Administration": NaN,
        "Gross Profit": NaN,
        "Cost Of Revenue": NaN,
        "Total Revenue": NaN,
        "Operating Revenue": NaN
    },
    "2022-09-30": {
        "Tax Effect Of Unusual Items": 14018000.0,
        "Tax Rate For Calcs": 0.086,
        "Normalized EBITDA": 517000000.0,
        "Total Unusual Items": 163000000.0,
        "Total Unusual Items Excluding Goodwill": 163000000.0,
        "Net Income From Continuing Operation Net Minority Interest": 392000000.0,
        "Reconciled Depreciation": 157000000.0,
        "Reconciled Cost Of Revenue": 3275000000.0,
        "EBITDA": 680000000.0,
        "EBIT": 523000000.0,
        "Net Interest Income": -79000000.0,
        "Interest Expense": 79000000.0,
        "Normalized Income": 243018000.0,
        "Net Income From Continuing And Discontinued Operation": 392000000.0,
        "Total Expenses": 3591000000.0,
        "Diluted Average Shares": 317061000.0,
        "Basic Average Shares": 314054000.0,
        "Diluted EPS": 1.24,
        "Basic EPS": 1.25,
        "Diluted NI Availto Com Stockholders": 392000000.0,
        "Net Income Common Stockholders": 392000000.0,
        "Net Income": 392000000.0,
        "Minority Interests": -2000000.0,
        "Net Income Including Noncontrolling Interests": 394000000.0,
        "Net Income Continuous Operations": 394000000.0,
        "Earnings From Equity Interest Net Of Tax": -12000000.0,
        "Tax Provision": 38000000.0,
        "Pretax Income": 444000000.0,
        "Other Income Expense": 163000000.0,
        "Special Income Charges": 163000000.0,
        "Restructuring And Mergern Acquisition": -163000000.0,
        "Net Non Operating Interest Income Expense": -79000000.0,
        "Total Other Finance Cost": NaN,
        "Interest Expense Non Operating": 79000000.0,
        "Operating Income": 360000000.0,
        "Operating Expense": 316000000.0,
        "Depreciation Amortization Depletion Income Statement": 157000000.0,
        "Depreciation And Amortization In Income Statement": 157000000.0,
        "Amortization": NaN,
        "Amortization Of Intangibles Income Statement": NaN,
        "Depreciation Income Statement": NaN,
        "Selling General And Administration": 159000000.0,
        "Gross Profit": 676000000.0,
        "Cost Of Revenue": 3275000000.0,
        "Total Revenue": 3951000000.0,
        "Operating Revenue": 3951000000.0
    },
    "2022-06-30": {
        "Tax Effect Of Unusual Items": -186800000.0,
        "Tax Rate For Calcs": 0.4,
        "Normalized EBITDA": 526000000.0,
        "Total Unusual Items": -467000000.0,
        "Total Unusual Items Excluding Goodwill": -467000000.0,
        "Net Income From Continuing Operation Net Minority Interest": -174000000.0,
        "Reconciled Depreciation": 168000000.0,
        "Reconciled Cost Of Revenue": 3445000000.0,
        "EBITDA": 59000000.0,
        "EBIT": -109000000.0,
        "Net Interest Income": -70000000.0,
        "Interest Expense": 68000000.0,
        "Normalized Income": 106200000.0,
        "Net Income From Continuing And Discontinued Operation": -174000000.0,
        "Total Expenses": 3774000000.0,
        "Diluted Average Shares": 317006000.0,
        "Basic Average Shares": 317006000.0,
        "Diluted EPS": -0.55,
        "Basic EPS": -0.55,
        "Diluted NI Availto Com Stockholders": -174000000.0,
        "Net Income Common Stockholders": -174000000.0,
        "Net Income": -174000000.0,
        "Minority Interests": -9000000.0,
        "Net Income Including Noncontrolling Interests": -165000000.0,
        "Net Income Continuous Operations": -165000000.0,
        "Earnings From Equity Interest Net Of Tax": 13000000.0,
        "Tax Provision": 1000000.0,
        "Pretax Income": -177000000.0,
        "Other Income Expense": -467000000.0,
        "Special Income Charges": -467000000.0,
        "Restructuring And Mergern Acquisition": 467000000.0,
        "Net Non Operating Interest Income Expense": -70000000.0,
        "Total Other Finance Cost": 2000000.0,
        "Interest Expense Non Operating": 68000000.0,
        "Operating Income": 360000000.0,
        "Operating Expense": 329000000.0,
        "Depreciation Amortization Depletion Income Statement": 168000000.0,
        "Depreciation And Amortization In Income Statement": 168000000.0,
        "Amortization": 39000000.0,
        "Amortization Of Intangibles Income Statement": 39000000.0,
        "Depreciation Income Statement": 129000000.0,
        "Selling General And Administration": 161000000.0,
        "Gross Profit": 689000000.0,
        "Cost Of Revenue": 3445000000.0,
        "Total Revenue": 4134000000.0,
        "Operating Revenue": 4134000000.0
    },
    "2023-06-30": {
        "Tax Effect Of Unusual Items": NaN,
        "Tax Rate For Calcs": NaN,
        "Normalized EBITDA": NaN,
        "Total Unusual Items": NaN,
        "Total Unusual Items Excluding Goodwill": NaN,
        "Net Income From Continuing Operation Net Minority Interest": NaN,
        "Reconciled Depreciation": NaN,
        "Reconciled Cost Of Revenue": NaN,
        "EBITDA": NaN,
        "EBIT": NaN,
        "Net Interest Income": NaN,
        "Interest Expense": NaN,
        "Interest Income": 7000000.0,
        "Normalized Income": NaN,
        "Net Income From Continuing And Discontinued Operation": NaN,
        "Total Expenses": NaN,
        "Diluted Average Shares": NaN,
        "Basic Average Shares": NaN,
        "Diluted EPS": NaN,
        "Basic EPS": NaN,
        "Diluted NI Availto Com Stockholders": NaN,
        "Net Income Common Stockholders": NaN,
        "Net Income": NaN,
        "Minority Interests": NaN,
        "Net Income Including Noncontrolling Interests": NaN,
        "Net Income Discontinuous Operations": NaN,
        "Net Income Continuous Operations": NaN,
        "Earnings From Equity Interest Net Of Tax": NaN,
        "Tax Provision": NaN,
        "Pretax Income": NaN,
        "Other Income Expense": NaN,
        "Special Income Charges": NaN,
        "Other Special Charges": NaN,
        "Restructuring And Mergern Acquisition": NaN,
        "Net Non Operating Interest Income Expense": NaN,
        "Interest Expense Non Operating": NaN,
        "Interest Income Non Operating": 7000000.0,
        "Operating Income": NaN,
        "Operating Expense": NaN,
        "Depreciation Amortization Depletion Income Statement": NaN,
        "Depreciation And Amortization In Income Statement": NaN,
        "Amortization": 38000000.0,
        "Amortization Of Intangibles Income Statement": 38000000.0,
        "Depreciation Income Statement": 112000000.0,
        "Selling General And Administration": NaN,
        "Gross Profit": NaN,
        "Cost Of Revenue": NaN,
        "Total Revenue": NaN,
        "Operating Revenue": NaN
    },
    "2022-03-31": {
        "Diluted EPS": 1.37,
        "Total Revenue": NaN,
        "Gross Profit": 700,
        "Operating Income": 610,
        "EBIT": 795,
        "Net Income": 446
    },
    "2021-12-31": {
        "Diluted EPS": 0.9,
        "Total Revenue": NaN,
        "Gross Profit": 693,
        "Operating Income": 380,
        "EBIT": 565,
        "Net Income": 297
    },
    "2021-09-30": {
        "Diluted EPS": 0.54,
        "Total Revenue": NaN,
        "Gross Profit": 702,
        "Operating Income": 238,
        "EBIT": 413,
        "Net Income": 179
    },
    "2021-06-30": {
        "Diluted EPS": 0.61,
        "Total Revenue": NaN,
        "Gross Profit": 699,
        "Operating Income": 373,
        "EBIT": 545,
        "Net Income": 202
    },
    "2021-03-31": {
        "Diluted EPS": 0.6,
        "Total Revenue": NaN,
        "Gross Profit": 632,
        "Operating Income": 300,
        "EBIT": 468,
        "Net Income": 200
    },
    "2020-12-31": {
        "Diluted EPS": 0.69,
        "Total Revenue": NaN,
        "Gross Profit": 654,
        "Operating Income": 296,
        "EBIT": 465,
        "Net Income": 227
    },
    "2020-09-30": {
        "Diluted EPS": 0.72,
        "Total Revenue": NaN,
        "Gross Profit": 663,
        "Operating Income": 374,
        "EBIT": 534,
        "Net Income": 241
    },
    "2020-06-30": {
        "Diluted EPS": 0.28,
        "Total Revenue": NaN,
        "Gross Profit": 571,
        "Operating Income": 178,
        "EBIT": 348,
        "Net Income": 94
    },
    "2020-03-31": {
        "Diluted EPS": 0.07,
        "Total Revenue": NaN,
        "Gross Profit": 570,
        "Operating Income": 155,
        "EBIT": 324,
        "Net Income": 23
    },
    "2019-12-31": {
        "Diluted EPS": 0.47,
        "Total Revenue": NaN,
        "Gross Profit": 560,
        "Operating Income": 206,
        "EBIT": 374,
        "Net Income": 160
    },
    "2019-09-30": {
        "Diluted EPS": 0.27,
        "Total Revenue": NaN,
        "Gross Profit": 590,
        "Operating Income": 198,
        "EBIT": 367,
        "Net Income": 92
    },
    "2019-06-30": {
        "Diluted EPS": 0.58,
        "Total Revenue": NaN,
        "Gross Profit": 589,
        "Operating Income": 307,
        "EBIT": 478,
        "Net Income": 197
    },
    "2019-03-31": {
        "Diluted EPS": 0.34,
        "Total Revenue": NaN,
        "Gross Profit": 532,
        "Operating Income": 221,
        "EBIT": 391,
        "Net Income": 117
    },
    "2018-12-31": {
        "Diluted EPS": 0.43,
        "Total Revenue": NaN,
        "Gross Profit": 557,
        "Operating Income": 198,
        "EBIT": 371,
        "Net Income": 151
    },
    "2018-09-30": {
        "Diluted EPS": 0.17,
        "Total Revenue": NaN,
        "Gross Profit": 584,
        "Operating Income": 268,
        "EBIT": 439,
        "Net Income": 59
    },
    "2018-06-30": {
        "Diluted EPS": 0.34,
        "Total Revenue": NaN,
        "Gross Profit": 617,
        "Operating Income": 243,
        "EBIT": 421,
        "Net Income": 119
    },
    "2018-03-31": {
        "Diluted EPS": 0.35,
        "Total Revenue": NaN,
        "Gross Profit": 548,
        "Operating Income": 226,
        "EBIT": 406,
        "Net Income": 125
    },
    "2017-12-31": {
        "Diluted EPS": 0.45,
        "Total Revenue": NaN,
        "Gross Profit": 613,
        "Operating Income": 339,
        "EBIT": 529,
        "Net Income": 159
    },
    "2017-09-30": {
        "Diluted EPS": 0.13,
        "Total Revenue": NaN,
        "Gross Profit": 570,
        "Operating Income": 124,
        "EBIT": 286,
        "Net Income": 48
    },
    "2017-06-30": {
        "Diluted EPS": 0.28,
        "Total Revenue": NaN,
        "Gross Profit": 585,
        "Operating Income": 187,
        "EBIT": 416,
        "Net Income": 99
    },
    "2017-03-31": {
        "Diluted EPS": 0.19,
        "Total Revenue": NaN,
        "Gross Profit": 498,
        "Operating Income": 152,
        "EBIT": 300,
        "Net Income": 68
    },
    "2016-12-31": {
        "Diluted EPS": 0.11,
        "Total Revenue": NaN,
        "Gross Profit": 514,
        "Operating Income": 162,
        "EBIT": 316,
        "Net Income": 52
    },
    "2016-09-30": {
        "Diluted EPS": 0.09,
        "Total Revenue": NaN,
        "Gross Profit": 477,
        "Operating Income": 132,
        "EBIT": 278,
        "Net Income": 31
    },
    "2016-06-30": {
        "Diluted EPS": 1.06,
        "Total Revenue": NaN,
        "Gross Profit": 434,
        "Operating Income": 279,
        "EBIT": 357,
        "Net Income": 307
    },
    "2016-03-31": {
        "Diluted EPS": -0.45,
        "Total Revenue": NaN,
        "Gross Profit": 340,
        "Operating Income": -110,
        "EBIT": -35,
        "Net Income": -127
    },
    "2015-12-31": {
        "Diluted EPS": 0.2,
        "Total Revenue": NaN,
        "Gross Profit": 371,
        "Operating Income": 130,
        "EBIT": 204,
        "Net Income": 55
    },
    "2015-09-30": {
        "Diluted EPS": 0.16,
        "Total Revenue": NaN,
        "Gross Profit": 407,
        "Operating Income": 76,
        "EBIT": 149,
        "Net Income": 45
    },
    "2015-06-30": {
        "Diluted EPS": 0.57,
        "Total Revenue": NaN,
        "Gross Profit": 397,
        "Operating Income": 274,
        "EBIT": 345,
        "Net Income": 160
    },
    "2015-03-31": {
        "Diluted EPS": 0.08,
        "Total Revenue": NaN,
        "Gross Profit": 362,
        "Operating Income": 126,
        "EBIT": 194,
        "Net Income": 21
    },
    "2014-12-31": {
        "Diluted EPS": 0.27,
        "Total Revenue": NaN,
        "Gross Profit": 396,
        "Operating Income": 138,
        "EBIT": 209,
        "Net Income": 76
    },
    "2014-09-30": {
        "Diluted EPS": 0.52,
        "Total Revenue": NaN,
        "Gross Profit": 432,
        "Operating Income": 228,
        "EBIT": 299,
        "Net Income": 147
    },
    "2014-06-30": {
        "Diluted EPS": 0.54,
        "Total Revenue": NaN,
        "Gross Profit": 446,
        "Operating Income": 256,
        "EBIT": 326,
        "Net Income": 153
    },
    "2014-03-31": {
        "Diluted EPS": 0.33,
        "Total Revenue": NaN,
        "Gross Profit": 394,
        "Operating Income": 217,
        "EBIT": 286,
        "Net Income": 94
    },
    "2013-12-31": {
        "Diluted EPS": 0.43,
        "Total Revenue": NaN,
        "Gross Profit": 411,
        "Operating Income": 237,
        "EBIT": 314,
        "Net Income": 125
    },
    "2013-09-30": {
        "Diluted EPS": 0.39,
        "Total Revenue": NaN,
        "Gross Profit": 431,
        "Operating Income": 212,
        "EBIT": 288,
        "Net Income": 115
    },
    "2013-06-30": {
        "Diluted EPS": 0.32,
        "Total Revenue": NaN,
        "Gross Profit": 404,
        "Operating Income": 204,
        "EBIT": 278,
        "Net Income": 95
    },
    "2013-03-31": {
        "Diluted EPS": 0.24,
        "Total Revenue": NaN,
        "Gross Profit": 348,
        "Operating Income": 143,
        "EBIT": 216,
        "Net Income": 72
    },
    "2012-12-31": {
        "Diluted EPS": 0.17,
        "Total Revenue": NaN,
        "Gross Profit": 385,
        "Operating Income": 152,
        "EBIT": 225,
        "Net Income": 53
    },
    "2012-09-30": {
        "Diluted EPS": 0.37,
        "Total Revenue": NaN,
        "Gross Profit": 416,
        "Operating Income": 219,
        "EBIT": 293,
        "Net Income": 115
    },
    "2012-06-30": {
        "Diluted EPS": 0.44,
        "Total Revenue": NaN,
        "Gross Profit": 406,
        "Operating Income": 238,
        "EBIT": 304,
        "Net Income": 140
    },
    "2012-03-31": {
        "Diluted EPS": 0.28,
        "Total Revenue": NaN,
        "Gross Profit": 355,
        "Operating Income": 182,
        "EBIT": 251,
        "Net Income": 88
    },
    "2011-12-31": {
        "Diluted EPS": 0.24,
        "Total Revenue": NaN,
        "Gross Profit": 349,
        "Operating Income": 160,
        "EBIT": 239,
        "Net Income": 78
    },
    "2011-09-30": {
        "Diluted EPS": 0.4,
        "Total Revenue": NaN,
        "Gross Profit": 396,
        "Operating Income": 229,
        "EBIT": 303,
        "Net Income": 132
    },
    "2011-06-30": {
        "Diluted EPS": 0.42,
        "Total Revenue": NaN,
        "Gross Profit": 424,
        "Operating Income": 254,
        "EBIT": 328,
        "Net Income": 143
    },
    "2011-03-31": {
        "Diluted EPS": 0.27,
        "Total Revenue": NaN,
        "Gross Profit": 381,
        "Operating Income": 194,
        "EBIT": 268,
        "Net Income": 91
    },
    "2010-12-31": {
        "Diluted EPS": 0.26,
        "Total Revenue": NaN,
        "Gross Profit": 356,
        "Operating Income": 177,
        "EBIT": 250,
        "Net Income": 92
    },
    "2010-09-30": {
        "Diluted EPS": 0.63,
        "Total Revenue": NaN,
        "Gross Profit": 382,
        "Operating Income": 233,
        "EBIT": 300,
        "Net Income": 228
    },
    "2010-06-30": {
        "Diluted EPS": 0.19,
        "Total Revenue": NaN,
        "Gross Profit": 364,
        "Operating Income": 222,
        "EBIT": 285,
        "Net Income": 69
    },
    "2010-03-31": {
        "Diluted EPS": 0.21,
        "Total Revenue": NaN,
        "Gross Profit": 274,
        "Operating Income": 133,
        "EBIT": 195,
        "Net Income": 79
    },
    "2009-12-31": {
        "Diluted EPS": 0.22,
        "Total Revenue": NaN,
        "Gross Profit": 270,
        "Operating Income": 170,
        "EBIT": 239,
        "Net Income": 81
    },
    "2009-09-30": {
        "Diluted EPS": 0.27,
        "Total Revenue": NaN,
        "Gross Profit": 341,
        "Operating Income": 188,
        "EBIT": 247,
        "Net Income": 104
    },
    "2009-06-30": {
        "Diluted EPS": 0.35,
        "Total Revenue": NaN,
        "Gross Profit": 309,
        "Operating Income": 170,
        "EBIT": 218,
        "Net Income": 133
    },
    "2009-03-31": {
        "Diluted EPS": 0.18,
        "Total Revenue": NaN,
        "Gross Profit": 273,
        "Operating Income": 126,
        "EBIT": 193,
        "Net Income": 70
    },
    "2023-09-30": {
        "Tax Effect Of Unusual Items": NaN,
        "Tax Rate For Calcs": NaN,
        "Normalized EBITDA": NaN,
        "Total Unusual Items": NaN,
        "Total Unusual Items Excluding Goodwill": NaN,
        "Net Income From Continuing Operation Net Minority Interest": NaN,
        "Reconciled Depreciation": NaN,
        "Reconciled Cost Of Revenue": NaN,
        "EBITDA": NaN,
        "EBIT": NaN,
        "Net Interest Income": NaN,
        "Interest Expense": NaN,
        "Interest Income": 12000000.0,
        "Normalized Income": NaN,
        "Net Income From Continuing And Discontinued Operation": NaN,
        "Total Expenses": NaN,
        "Diluted Average Shares": NaN,
        "Basic Average Shares": NaN,
        "Diluted EPS": NaN,
        "Basic EPS": NaN,
        "Diluted NI Availto Com Stockholders": NaN,
        "Net Income Common Stockholders": NaN,
        "Net Income": NaN,
        "Minority Interests": NaN,
        "Net Income Including Noncontrolling Interests": NaN,
        "Net Income Discontinuous Operations": 71000000.0,
        "Net Income Continuous Operations": NaN,
        "Earnings From Equity Interest Net Of Tax": NaN,
        "Tax Provision": NaN,
        "Pretax Income": NaN,
        "Other Income Expense": NaN,
        "Special Income Charges": NaN,
        "Other Special Charges": NaN,
        "Restructuring And Mergern Acquisition": NaN,
        "Net Non Operating Interest Income Expense": NaN,
        "Interest Expense Non Operating": NaN,
        "Interest Income Non Operating": 12000000.0,
        "Operating Income": NaN,
        "Operating Expense": NaN,
        "Depreciation Amortization Depletion Income Statement": NaN,
        "Depreciation And Amortization In Income Statement": NaN,
        "Amortization": NaN,
        "Amortization Of Intangibles Income Statement": NaN,
        "Depreciation Income Statement": NaN,
        "Selling General And Administration": NaN,
        "Gross Profit": NaN,
        "Cost Of Revenue": NaN,
        "Total Revenue": NaN,
        "Operating Revenue": NaN
    },
    "2023-12-31": {
        "Tax Effect Of Unusual Items": -21193717.277487,
        "Tax Rate For Calcs": 0.230366,
        "Normalized EBITDA": 569000000.0,
        "Total Unusual Items": -92000000.0,
        "Total Unusual Items Excluding Goodwill": -92000000.0,
        "Net Income From Continuing Operation Net Minority Interest": 154000000.0,
        "Reconciled Depreciation": 177000000.0,
        "Reconciled Cost Of Revenue": 2704000000.0,
        "EBITDA": 477000000.0,
        "EBIT": 300000000.0,
        "Net Interest Income": -109000000.0,
        "Interest Expense": 109000000.0,
        "Interest Income": NaN,
        "Normalized Income": 224806282.722513,
        "Net Income From Continuing And Discontinued Operation": 154000000.0,
        "Total Expenses": 3011000000.0,
        "Diluted Average Shares": 317306000.0,
        "Basic Average Shares": 315306000.0,
        "Diluted EPS": 0.49,
        "Basic EPS": 0.49,
        "Diluted NI Availto Com Stockholders": 154000000.0,
        "Net Income Common Stockholders": 154000000.0,
        "Net Income": 154000000.0,
        "Minority Interests": 0.0,
        "Net Income Including Noncontrolling Interests": 154000000.0,
        "Net Income Discontinuous Operations": NaN,
        "Net Income Continuous Operations": 154000000.0,
        "Earnings From Equity Interest Net Of Tax": 7000000.0,
        "Tax Provision": 44000000.0,
        "Pretax Income": 191000000.0,
        "Other Income Expense": -92000000.0,
        "Special Income Charges": -92000000.0,
        "Other Special Charges": NaN,
        "Restructuring And Mergern Acquisition": 92000000.0,
        "Net Non Operating Interest Income Expense": -109000000.0,
        "Interest Expense Non Operating": 109000000.0,
        "Interest Income Non Operating": NaN,
        "Operating Income": 392000000.0,
        "Operating Expense": 307000000.0,
        "Depreciation Amortization Depletion Income Statement": 177000000.0,
        "Depreciation And Amortization In Income Statement": 177000000.0,
        "Amortization": NaN,
        "Amortization Of Intangibles Income Statement": NaN,
        "Depreciation Income Statement": NaN,
        "Selling General And Administration": 130000000.0,
        "Gross Profit": 699000000.0,
        "Cost Of Revenue": 2704000000.0,
        "Total Revenue": 3403000000.0,
        "Operating Revenue": 3403000000.0
    },
    "2024-03-31": {
        "Tax Effect Of Unusual Items": -7485148.514851,
        "Tax Rate For Calcs": 0.267327,
        "Normalized EBITDA": 389000000.0,
        "Total Unusual Items": -28000000.0,
        "Total Unusual Items Excluding Goodwill": -28000000.0,
        "Net Income From Continuing Operation Net Minority Interest": 78000000.0,
        "Reconciled Depreciation": 167000000.0,
        "Reconciled Cost Of Revenue": 2274000000.0,
        "EBITDA": 361000000.0,
        "EBIT": 194000000.0,
        "Net Interest Income": -67000000.0,
        "Interest Expense": 93000000.0,
        "Interest Income": 26000000.0,
        "Normalized Income": 98514851.485149,
        "Net Income From Continuing And Discontinued Operation": 3685000000.0,
        "Total Expenses": 2678000000.0,
        "Diluted Average Shares": 317385000.0,
        "Basic Average Shares": 314950000.0,
        "Diluted EPS": 11.61,
        "Basic EPS": 11.7,
        "Diluted NI Availto Com Stockholders": 3685000000.0,
        "Net Income Common Stockholders": 3685000000.0,
        "Net Income": 3685000000.0,
        "Minority Interests": -1000000.0,
        "Net Income Including Noncontrolling Interests": 3686000000.0,
        "Net Income Discontinuous Operations": 3607000000.0,
        "Net Income Continuous Operations": 79000000.0,
        "Earnings From Equity Interest Net Of Tax": 5000000.0,
        "Tax Provision": 27000000.0,
        "Pretax Income": 101000000.0,
        "Other Income Expense": -28000000.0,
        "Special Income Charges": -28000000.0,
        "Other Special Charges": 2000000.0,
        "Restructuring And Mergern Acquisition": 26000000.0,
        "Net Non Operating Interest Income Expense": -67000000.0,
        "Interest Expense Non Operating": 93000000.0,
        "Interest Income Non Operating": 26000000.0,
        "Operating Income": 196000000.0,
        "Operating Expense": 395000000.0,
        "Depreciation Amortization Depletion Income Statement": 158000000.0,
        "Depreciation And Amortization In Income Statement": 158000000.0,
        "Amortization": NaN,
        "Amortization Of Intangibles Income Statement": NaN,
        "Depreciation Income Statement": NaN,
        "Selling General And Administration": 237000000.0,
        "Gross Profit": 591000000.0,
        "Cost Of Revenue": 2283000000.0,
        "Total Revenue": 2874000000.0,
        "Operating Revenue": 2874000000.0
    },
    "2024-06-30": {
        "Tax Effect Of Unusual Items": -14945000.0,
        "Tax Rate For Calcs": 0.245,
        "Normalized EBITDA": 481000000.0,
        "Total Unusual Items": -61000000.0,
        "Total Unusual Items Excluding Goodwill": -61000000.0,
        "Net Income From Continuing Operation Net Minority Interest": 158000000.0,
        "Reconciled Depreciation": 152000000.0,
        "Reconciled Cost Of Revenue": 2357000000.0,
        "EBITDA": 420000000.0,
        "EBIT": 268000000.0,
        "Net Interest Income": -50000000.0,
        "Interest Expense": 68000000.0,
        "Interest Income": 18000000.0,
        "Normalized Income": 204055000.0,
        "Net Income From Continuing And Discontinued Operation": 158000000.0,
        "Total Expenses": 2648000000.0,
        "Diluted Average Shares": 311964000.0,
        "Basic Average Shares": 309269000.0,
        "Diluted EPS": 0.51,
        "Basic EPS": 0.51,
        "Diluted NI Availto Com Stockholders": 158000000.0,
        "Net Income Common Stockholders": 158000000.0,
        "Net Income": 158000000.0,
        "Minority Interests": -1000000.0,
        "Net Income Including Noncontrolling Interests": 159000000.0,
        "Net Income Discontinuous Operations": 0.0,
        "Net Income Continuous Operations": 159000000.0,
        "Earnings From Equity Interest Net Of Tax": 8000000.0,
        "Tax Provision": 49000000.0,
        "Pretax Income": 200000000.0,
        "Other Income Expense": -61000000.0,
        "Special Income Charges": -61000000.0,
        "Other Special Charges": 1000000.0,
        "Restructuring And Mergern Acquisition": 60000000.0,
        "Net Non Operating Interest Income Expense": -50000000.0,
        "Interest Expense Non Operating": 68000000.0,
        "Interest Income Non Operating": 18000000.0,
        "Operating Income": 311000000.0,
        "Operating Expense": 291000000.0,
        "Depreciation Amortization Depletion Income Statement": 152000000.0,
        "Depreciation And Amortization In Income Statement": 152000000.0,
        "Amortization": 36000000.0,
        "Amortization Of Intangibles Income Statement": 36000000.0,
        "Depreciation Income Statement": 116000000.0,
        "Selling General And Administration": 139000000.0,
        "Gross Profit": 602000000.0,
        "Cost Of Revenue": 2357000000.0,
        "Total Revenue": 2959000000.0,
        "Operating Revenue": 2959000000.0
    },
    "2024-09-30": {
        "Tax Effect Of Unusual Items": -15725000.0,
        "Tax Rate For Calcs": 0.185,
        "Normalized EBITDA": 529000000.0,
        "Total Unusual Items": -85000000.0,
        "Total Unusual Items Excluding Goodwill": -85000000.0,
        "Net Income From Continuing Operation Net Minority Interest": 191000000.0,
        "Reconciled Depreciation": 150000000.0,
        "Reconciled Cost Of Revenue": 2425000000.0,
        "EBITDA": 444000000.0,
        "EBIT": 294000000.0,
        "Net Interest Income": -53000000.0,
        "Interest Expense": 67000000.0,
        "Interest Income": 14000000.0,
        "Normalized Income": 260275000.0,
        "Net Income From Continuing And Discontinued Operation": 197000000.0,
        "Total Expenses": 2717000000.0,
        "Diluted Average Shares": 305219000.0,
        "Basic Average Shares": 302406000.0,
        "Diluted EPS": 0.65,
        "Basic EPS": 0.65,
        "Diluted NI Availto Com Stockholders": 197000000.0,
        "Net Income Common Stockholders": 197000000.0,
        "Net Income": 197000000.0,
        "Minority Interests": -2000000.0,
        "Net Income Including Noncontrolling Interests": 199000000.0,
        "Net Income Discontinuous Operations": 6000000.0,
        "Net Income Continuous Operations": 193000000.0,
        "Earnings From Equity Interest Net Of Tax": 8000000.0,
        "Tax Provision": 42000000.0,
        "Pretax Income": 227000000.0,
        "Other Income Expense": -85000000.0,
        "Special Income Charges": -85000000.0,
        "Other Special Charges": NaN,
        "Restructuring And Mergern Acquisition": 85000000.0,
        "Net Non Operating Interest Income Expense": -53000000.0,
        "Interest Expense Non Operating": 67000000.0,
        "Interest Income Non Operating": 14000000.0,
        "Operating Income": 365000000.0,
        "Operating Expense": 292000000.0,
        "Depreciation Amortization Depletion Income Statement": 150000000.0,
        "Depreciation And Amortization In Income Statement": 150000000.0,
        "Amortization": NaN,
        "Amortization Of Intangibles Income Statement": NaN,
        "Depreciation Income Statement": NaN,
        "Selling General And Administration": 142000000.0,
        "Gross Profit": 657000000.0,
        "Cost Of Revenue": 2425000000.0,
        "Total Revenue": 3082000000.0,
        "Operating Revenue": 3082000000.0
    },
    "2024-12-31": {
        "Tax Effect Of Unusual Items": -52290000.0,
        "Tax Rate For Calcs": 0.21,
        "Normalized EBITDA": 472000000.0,
        "Total Unusual Items": -249000000.0,
        "Total Unusual Items Excluding Goodwill": -249000000.0,
        "Net Income From Continuing Operation Net Minority Interest": -3000000.0,
        "Reconciled Depreciation": 151000000.0,
        "Reconciled Cost Of Revenue": 2289000000.0,
        "EBITDA": 223000000.0,
        "EBIT": 72000000.0,
        "Net Interest Income": -55000000.0,
        "Interest Expense": 65000000.0,
        "Interest Income": 10000000.0,
        "Normalized Income": 193710000.0,
        "Net Income From Continuing And Discontinued Operation": -32000000.0,
        "Total Expenses": 2569000000.0,
        "Diluted Average Shares": 295356000.0,
        "Basic Average Shares": 295356000.0,
        "Diluted EPS": -0.11,
        "Basic EPS": -0.11,
        "Diluted NI Availto Com Stockholders": -32000000.0,
        "Net Income Common Stockholders": -32000000.0,
        "Net Income": -32000000.0,
        "Minority Interests": -2000000.0,
        "Net Income Including Noncontrolling Interests": -30000000.0,
        "Net Income Discontinuous Operations": -29000000.0,
        "Net Income Continuous Operations": -1000000.0,
        "Earnings From Equity Interest Net Of Tax": 7000000.0,
        "Tax Provision": 15000000.0,
        "Pretax Income": 7000000.0,
        "Other Income Expense": -249000000.0,
        "Special Income Charges": -249000000.0,
        "Other Special Charges": 0.0,
        "Restructuring And Mergern Acquisition": 249000000.0,
        "Net Non Operating Interest Income Expense": -55000000.0,
        "Interest Expense Non Operating": 65000000.0,
        "Interest Income Non Operating": 10000000.0,
        "Operating Income": 311000000.0,
        "Operating Expense": 280000000.0,
        "Depreciation Amortization Depletion Income Statement": 151000000.0,
        "Depreciation And Amortization In Income Statement": 151000000.0,
        "Amortization": NaN,
        "Amortization Of Intangibles Income Statement": NaN,
        "Depreciation Income Statement": NaN,
        "Selling General And Administration": 129000000.0,
        "Gross Profit": 591000000.0,
        "Cost Of Revenue": 2289000000.0,
        "Total Revenue": 2880000000.0,
        "Operating Revenue": 2880000000.0
    },
    "2025-03-31": {
        "Tax Effect Of Unusual Items": -3008733.624454,
        "Tax Rate For Calcs": 0.231441,
        "Normalized EBITDA": 462000000.0,
        "Total Unusual Items": -13000000.0,
        "Total Unusual Items Excluding Goodwill": -13000000.0,
        "Net Income From Continuing Operation Net Minority Interest": 181000000.0,
        "Reconciled Depreciation": 150000000.0,
        "Reconciled Cost Of Revenue": 2493000000.0,
        "EBITDA": 449000000.0,
        "EBIT": 299000000.0,
        "Net Interest Income": -63000000.0,
        "Interest Expense": 70000000.0,
        "Interest Income": 7000000.0,
        "Normalized Income": 190991266.375546,
        "Net Income From Continuing And Discontinued Operation": 179000000.0,
        "Total Expenses": 2792000000.0,
        "Diluted Average Shares": 285067000.0,
        "Basic Average Shares": 283292000.0,
        "Diluted EPS": 0.63,
        "Basic EPS": 0.63,
        "Diluted NI Availto Com Stockholders": 179000000.0,
        "Net Income Common Stockholders": 179000000.0,
        "Net Income": 179000000.0,
        "Minority Interests": 0.0,
        "Net Income Including Noncontrolling Interests": 179000000.0,
        "Net Income Discontinuous Operations": -2000000.0,
        "Net Income Continuous Operations": 181000000.0,
        "Earnings From Equity Interest Net Of Tax": 5000000.0,
        "Tax Provision": 53000000.0,
        "Pretax Income": 229000000.0,
        "Other Income Expense": -13000000.0,
        "Special Income Charges": -13000000.0,
        "Other Special Charges": NaN,
        "Restructuring And Mergern Acquisition": 13000000.0,
        "Net Non Operating Interest Income Expense": -63000000.0,
        "Interest Expense Non Operating": 70000000.0,
        "Interest Income Non Operating": 7000000.0,
        "Operating Income": 305000000.0,
        "Operating Expense": 299000000.0,
        "Depreciation Amortization Depletion Income Statement": 150000000.0,
        "Depreciation And Amortization In Income Statement": 150000000.0,
        "Amortization": NaN,
        "Amortization Of Intangibles Income Statement": NaN,
        "Depreciation Income Statement": NaN,
        "Selling General And Administration": 149000000.0,
        "Gross Profit": 604000000.0,
        "Cost Of Revenue": 2493000000.0,
        "Total Revenue": 3097000000.0,
        "Operating Revenue": 3097000000.0
    }
}