{
    "2023-03-31": {
        "Tax Effect Of Unusual Items": NaN,
        "Tax Rate For Calcs": NaN,
        "Normalized EBITDA": NaN,
        "Net Income From Continuing Operation Net Minority Interest": NaN,
        "Reconciled Depreciation": 4000000.0,
        "Reconciled Cost Of Revenue": NaN,
        "EBITDA": NaN,
        "EBIT": NaN,
        "Net Interest Income": NaN,
        "Interest Expense": NaN,
        "Interest Income": NaN,
        "Normalized Income": NaN,
        "Net Income From Continuing And Discontinued Operation": NaN,
        "Total Expenses": NaN,
        "Diluted Average Shares": NaN,
        "Basic Average Shares": NaN,
        "Diluted EPS": NaN,
        "Basic EPS": NaN,
        "Diluted NI Availto Com Stockholders": NaN,
        "Net Income Common Stockholders": NaN,
        "Net Income": NaN,
        "Minority Interests": 0.0,
        "Net Income Including Noncontrolling Interests": NaN,
        "Net Income Continuous Operations": NaN,
        "Tax Provision": 93000000.0,
        "Pretax Income": NaN,
        "Other Income Expense": NaN,
        "Other Non Operating Income Expenses": -22000000.0,
        "Earnings From Equity Interest": NaN,
        "Net Non Operating Interest Income Expense": NaN,
        "Interest Expense Non Operating": NaN,
        "Interest Income Non Operating": NaN,
        "Operating Income": NaN,
        "Operating Expense": 2000000.0,
        "Other Operating Expenses": 2000000.0,
        "Selling General And Administration": 7000000.0,
        "General And Administrative Expense": 7000000.0,
        "Other Gand A": 7000000.0,
        "Gross Profit": NaN,
        "Cost Of Revenue": NaN,
        "Total Revenue": NaN,
        "Operating Revenue": NaN
    },
    "2022-12-31": {
        "Tax Effect Of Unusual Items": NaN,
        "Tax Rate For Calcs": NaN,
        "Normalized EBITDA": NaN,
        "Net Income From Continuing Operation Net Minority Interest": NaN,
        "Reconciled Depreciation": 4000000.0,
        "Reconciled Cost Of Revenue": NaN,
        "EBITDA": NaN,
        "EBIT": NaN,
        "Net Interest Income": NaN,
        "Interest Expense": NaN,
        "Interest Income": NaN,
        "Normalized Income": NaN,
        "Net Income From Continuing And Discontinued Operation": NaN,
        "Total Expenses": NaN,
        "Diluted Average Shares": NaN,
        "Basic Average Shares": NaN,
        "Diluted EPS": NaN,
        "Basic EPS": NaN,
        "Diluted NI Availto Com Stockholders": NaN,
        "Net Income Common Stockholders": NaN,
        "Net Income": NaN,
        "Minority Interests": -109000000.0,
        "Net Income Including Noncontrolling Interests": NaN,
        "Net Income Continuous Operations": NaN,
        "Tax Provision": 183000000.0,
        "Pretax Income": NaN,
        "Other Income Expense": NaN,
        "Other Non Operating Income Expenses": 20000000.0,
        "Earnings From Equity Interest": NaN,
        "Net Non Operating Interest Income Expense": NaN,
        "Interest Expense Non Operating": NaN,
        "Interest Income Non Operating": NaN,
        "Operating Income": NaN,
        "Operating Expense": -206000000.0,
        "Other Operating Expenses": -178000000.0,
        "Selling General And Administration": -28000000.0,
        "General And Administrative Expense": -28000000.0,
        "Other Gand A": -28000000.0,
        "Gross Profit": NaN,
        "Cost Of Revenue": NaN,
        "Total Revenue": NaN,
        "Operating Revenue": NaN
    },
    "2022-09-30": {
        "Tax Effect Of Unusual Items": NaN,
        "Tax Rate For Calcs": NaN,
        "Normalized EBITDA": NaN,
        "Net Income From Continuing Operation Net Minority Interest": NaN,
        "Reconciled Depreciation": 4000000.0,
        "Reconciled Cost Of Revenue": NaN,
        "EBITDA": NaN,
        "EBIT": NaN,
        "Net Interest Income": NaN,
        "Interest Expense": NaN,
        "Interest Income": NaN,
        "Normalized Income": NaN,
        "Net Income From Continuing And Discontinued Operation": NaN,
        "Total Expenses": NaN,
        "Diluted Average Shares": NaN,
        "Basic Average Shares": NaN,
        "Diluted EPS": NaN,
        "Basic EPS": NaN,
        "Diluted NI Availto Com Stockholders": NaN,
        "Net Income Common Stockholders": NaN,
        "Net Income": NaN,
        "Minority Interests": -300000000.0,
        "Net Income Including Noncontrolling Interests": NaN,
        "Net Income Continuous Operations": NaN,
        "Tax Provision": 140000000.0,
        "Pretax Income": NaN,
        "Other Income Expense": NaN,
        "Other Non Operating Income Expenses": 341000000.0,
        "Earnings From Equity Interest": NaN,
        "Net Non Operating Interest Income Expense": NaN,
        "Interest Expense Non Operating": NaN,
        "Interest Income Non Operating": NaN,
        "Operating Income": NaN,
        "Operating Expense": 110000000.0,
        "Other Operating Expenses": 75000000.0,
        "Selling General And Administration": 35000000.0,
        "General And Administrative Expense": 35000000.0,
        "Other Gand A": 35000000.0,
        "Gross Profit": NaN,
        "Cost Of Revenue": NaN,
        "Total Revenue": NaN,
        "Operating Revenue": NaN
    },
    "2023-06-30": {
        "Tax Effect Of Unusual Items": NaN,
        "Tax Rate For Calcs": NaN,
        "Normalized EBITDA": NaN,
        "Net Income From Continuing Operation Net Minority Interest": NaN,
        "Reconciled Depreciation": 3000000.0,
        "Reconciled Cost Of Revenue": NaN,
        "EBITDA": NaN,
        "EBIT": NaN,
        "Net Interest Income": NaN,
        "Interest Expense": NaN,
        "Interest Income": 1000000.0,
        "Normalized Income": NaN,
        "Net Income From Continuing And Discontinued Operation": NaN,
        "Total Expenses": NaN,
        "Diluted Average Shares": NaN,
        "Basic Average Shares": NaN,
        "Diluted EPS": NaN,
        "Basic EPS": NaN,
        "Diluted NI Availto Com Stockholders": NaN,
        "Net Income Common Stockholders": NaN,
        "Net Income": NaN,
        "Minority Interests": -125000000.0,
        "Net Income Including Noncontrolling Interests": NaN,
        "Net Income Continuous Operations": NaN,
        "Tax Provision": 156000000.0,
        "Pretax Income": NaN,
        "Other Income Expense": NaN,
        "Other Non Operating Income Expenses": 75000000.0,
        "Earnings From Equity Interest": NaN,
        "Net Non Operating Interest Income Expense": NaN,
        "Interest Expense Non Operating": NaN,
        "Interest Income Non Operating": 1000000.0,
        "Operating Income": NaN,
        "Operating Expense": 0.0,
        "Other Operating Expenses": NaN,
        "Gross Profit": NaN,
        "Cost Of Revenue": NaN,
        "Total Revenue": NaN,
        "Operating Revenue": NaN
    },
    "2022-06-30": {
        "Tax Effect Of Unusual Items": 0.0,
        "Tax Rate For Calcs": 0.162651,
        "Normalized EBITDA": 1039000000.0,
        "Net Income From Continuing Operation Net Minority Interest": 834000000.0,
        "Reconciled Depreciation": 2000000.0,
        "Reconciled Cost Of Revenue": 223000000.0,
        "EBITDA": 1039000000.0,
        "EBIT": 1039000000.0,
        "Net Interest Income": -43000000.0,
        "Interest Expense": 43000000.0,
        "Interest Income": NaN,
        "Normalized Income": 834000000.0,
        "Net Income From Continuing And Discontinued Operation": 834000000.0,
        "Total Expenses": 223000000.0,
        "Diluted Average Shares": 402725500.0,
        "Basic Average Shares": 402725500.0,
        "Diluted EPS": 2.070889,
        "Basic EPS": 2.070889,
        "Diluted NI Availto Com Stockholders": 834000000.0,
        "Net Income Common Stockholders": 834000000.0,
        "Net Income": 834000000.0,
        "Minority Interests": NaN,
        "Net Income Including Noncontrolling Interests": 834000000.0,
        "Net Income Continuous Operations": 834000000.0,
        "Tax Provision": 162000000.0,
        "Pretax Income": 996000000.0,
        "Other Income Expense": 338000000.0,
        "Other Non Operating Income Expenses": 251000000.0,
        "Earnings From Equity Interest": 87000000.0,
        "Net Non Operating Interest Income Expense": -43000000.0,
        "Interest Expense Non Operating": 43000000.0,
        "Interest Income Non Operating": NaN,
        "Operating Income": 701000000.0,
        "Operating Expense": NaN,
        "Other Operating Expenses": NaN,
        "Selling General And Administration": NaN,
        "General And Administrative Expense": NaN,
        "Other Gand A": NaN,
        "Gross Profit": 701000000.0,
        "Cost Of Revenue": 223000000.0,
        "Total Revenue": 924000000.0,
        "Operating Revenue": 665000000.0
    },
    "2023-09-30": {
        "Tax Effect Of Unusual Items": NaN,
        "Tax Rate For Calcs": NaN,
        "Normalized EBITDA": NaN,
        "Net Income From Continuing Operation Net Minority Interest": NaN,
        "Reconciled Depreciation": 3000000.0,
        "Reconciled Cost Of Revenue": NaN,
        "EBITDA": NaN,
        "EBIT": NaN,
        "Net Interest Income": NaN,
        "Interest Expense": NaN,
        "Interest Income": NaN,
        "Normalized Income": NaN,
        "Net Income From Continuing And Discontinued Operation": NaN,
        "Total Expenses": NaN,
        "Diluted Average Shares": NaN,
        "Basic Average Shares": NaN,
        "Diluted EPS": NaN,
        "Basic EPS": NaN,
        "Diluted NI Availto Com Stockholders": NaN,
        "Net Income Common Stockholders": NaN,
        "Net Income": NaN,
        "Minority Interests": -16000000.0,
        "Net Income Including Noncontrolling Interests": NaN,
        "Net Income Continuous Operations": NaN,
        "Tax Provision": 52000000.0,
        "Pretax Income": NaN,
        "Other Income Expense": NaN,
        "Other Non Operating Income Expenses": -43000000.0,
        "Earnings From Equity Interest": NaN,
        "Net Non Operating Interest Income Expense": NaN,
        "Interest Expense Non Operating": NaN,
        "Interest Income Non Operating": NaN,
        "Operating Income": NaN,
        "Operating Expense": NaN,
        "Other Operating Expenses": NaN,
        "Selling General And Administration": NaN,
        "General And Administrative Expense": NaN,
        "Other Gand A": NaN,
        "Gross Profit": NaN,
        "Cost Of Revenue": NaN,
        "Total Revenue": NaN,
        "Operating Revenue": NaN
    },
    "2023-12-31": {
        "Tax Effect Of Unusual Items": 0.0,
        "Tax Rate For Calcs": 0.4,
        "Normalized EBITDA": 87000000.0,
        "Net Income From Continuing Operation Net Minority Interest": 93000000.0,
        "Reconciled Depreciation": NaN,
        "Reconciled Cost Of Revenue": 172000000.0,
        "EBITDA": 87000000.0,
        "EBIT": 87000000.0,
        "Net Interest Income": 8000000.0,
        "Interest Expense": -8000000.0,
        "Interest Income": NaN,
        "Normalized Income": 93000000.0,
        "Net Income From Continuing And Discontinued Operation": 93000000.0,
        "Total Expenses": 177000000.0,
        "Diluted Average Shares": 388754746.0,
        "Basic Average Shares": 388754746.0,
        "Diluted EPS": 0.23,
        "Basic EPS": 0.23,
        "Diluted NI Availto Com Stockholders": 93000000.0,
        "Net Income Common Stockholders": 93000000.0,
        "Net Income": 93000000.0,
        "Minority Interests": NaN,
        "Net Income Including Noncontrolling Interests": 95000000.0,
        "Net Income Continuous Operations": 95000000.0,
        "Tax Provision": NaN,
        "Pretax Income": 95000000.0,
        "Other Income Expense": 104000000.0,
        "Other Non Operating Income Expenses": NaN,
        "Earnings From Equity Interest": 104000000.0,
        "Net Non Operating Interest Income Expense": 8000000.0,
        "Interest Expense Non Operating": -8000000.0,
        "Interest Income Non Operating": NaN,
        "Operating Income": -17000000.0,
        "Operating Expense": NaN,
        "Other Operating Expenses": NaN,
        "Gross Profit": -12000000.0,
        "Cost Of Revenue": 172000000.0,
        "Total Revenue": 160000000.0,
        "Operating Revenue": 160000000.0
    },
    "2024-03-31": {
        "Tax Effect Of Unusual Items": NaN,
        "Tax Rate For Calcs": NaN,
        "Normalized EBITDA": NaN,
        "Net Income From Continuing Operation Net Minority Interest": NaN,
        "Reconciled Depreciation": 4000000.0,
        "Reconciled Cost Of Revenue": NaN,
        "EBITDA": NaN,
        "EBIT": NaN,
        "Net Interest Income": NaN,
        "Interest Expense": NaN,
        "Interest Income": NaN,
        "Normalized Income": NaN,
        "Net Income From Continuing And Discontinued Operation": NaN,
        "Total Expenses": NaN,
        "Diluted Average Shares": NaN,
        "Basic Average Shares": NaN,
        "Diluted EPS": NaN,
        "Basic EPS": NaN,
        "Diluted NI Availto Com Stockholders": NaN,
        "Net Income Common Stockholders": NaN,
        "Net Income": NaN,
        "Minority Interests": 68000000.0,
        "Net Income Including Noncontrolling Interests": NaN,
        "Net Income Continuous Operations": NaN,
        "Tax Provision": 71000000.0,
        "Pretax Income": NaN,
        "Other Income Expense": NaN,
        "Other Non Operating Income Expenses": -72000000.0,
        "Earnings From Equity Interest": NaN,
        "Net Non Operating Interest Income Expense": NaN,
        "Interest Expense Non Operating": NaN,
        "Interest Income Non Operating": NaN,
        "Operating Income": NaN,
        "Operating Expense": NaN,
        "Other Operating Expenses": NaN,
        "Selling General And Administration": 9000000.0,
        "General And Administrative Expense": 9000000.0,
        "Other Gand A": 9000000.0,
        "Gross Profit": NaN,
        "Cost Of Revenue": NaN,
        "Total Revenue": NaN,
        "Operating Revenue": NaN
    },
    "2024-06-30": {
        "Tax Effect Of Unusual Items": NaN,
        "Tax Rate For Calcs": NaN,
        "Normalized EBITDA": NaN,
        "Net Income From Continuing Operation Net Minority Interest": NaN,
        "Reconciled Depreciation": 3000000.0,
        "Reconciled Cost Of Revenue": NaN,
        "EBITDA": NaN,
        "EBIT": NaN,
        "Net Interest Income": NaN,
        "Interest Expense": NaN,
        "Interest Income": 64000000.0,
        "Normalized Income": NaN,
        "Net Income From Continuing And Discontinued Operation": NaN,
        "Total Expenses": NaN,
        "Diluted Average Shares": NaN,
        "Basic Average Shares": NaN,
        "Diluted EPS": NaN,
        "Basic EPS": NaN,
        "Diluted NI Availto Com Stockholders": NaN,
        "Net Income Common Stockholders": NaN,
        "Net Income": NaN,
        "Minority Interests": -23000000.0,
        "Net Income Including Noncontrolling Interests": NaN,
        "Net Income Continuous Operations": NaN,
        "Tax Provision": 142000000.0,
        "Pretax Income": NaN,
        "Other Income Expense": NaN,
        "Other Non Operating Income Expenses": 24000000.0,
        "Earnings From Equity Interest": NaN,
        "Net Non Operating Interest Income Expense": NaN,
        "Interest Expense Non Operating": NaN,
        "Interest Income Non Operating": 64000000.0,
        "Operating Income": NaN,
        "Operating Expense": NaN,
        "Other Operating Expenses": NaN,
        "Selling General And Administration": 13000000.0,
        "General And Administrative Expense": 13000000.0,
        "Other Gand A": 13000000.0,
        "Gross Profit": NaN,
        "Cost Of Revenue": NaN,
        "Total Revenue": NaN,
        "Operating Revenue": NaN
    },
    "2024-09-30": {
        "Tax Effect Of Unusual Items": 0.0,
        "Tax Rate For Calcs": 0.151659,
        "Normalized EBITDA": 683000000.0,
        "Net Income From Continuing Operation Net Minority Interest": 544000000.0,
        "Reconciled Depreciation": 4000000.0,
        "Reconciled Cost Of Revenue": 326000000.0,
        "EBITDA": 683000000.0,
        "EBIT": 679000000.0,
        "Net Interest Income": -46000000.0,
        "Interest Expense": 46000000.0,
        "Interest Income": NaN,
        "Normalized Income": 544000000.0,
        "Net Income From Continuing And Discontinued Operation": 544000000.0,
        "Total Expenses": 375000000.0,
        "Diluted Average Shares": 1621800000.0,
        "Basic Average Shares": 1613000000.0,
        "Diluted EPS": 0.34,
        "Basic EPS": 0.34,
        "Diluted NI Availto Com Stockholders": 544000000.0,
        "Net Income Common Stockholders": 544000000.0,
        "Net Income": 544000000.0,
        "Minority Interests": 7000000.0,
        "Net Income Including Noncontrolling Interests": 537000000.0,
        "Net Income Continuous Operations": 537000000.0,
        "Tax Provision": 96000000.0,
        "Pretax Income": 633000000.0,
        "Other Income Expense": -8000000.0,
        "Other Non Operating Income Expenses": -69000000.0,
        "Earnings From Equity Interest": 61000000.0,
        "Net Non Operating Interest Income Expense": -46000000.0,
        "Interest Expense Non Operating": 46000000.0,
        "Interest Income Non Operating": NaN,
        "Operating Income": 687000000.0,
        "Operating Expense": 49000000.0,
        "Other Operating Expenses": 29000000.0,
        "Selling General And Administration": 20000000.0,
        "General And Administrative Expense": 20000000.0,
        "Other Gand A": 20000000.0,
        "Gross Profit": 736000000.0,
        "Cost Of Revenue": 326000000.0,
        "Total Revenue": 1062000000.0,
        "Operating Revenue": 907000000.0
    },
    "2024-12-31": {
        "Tax Effect Of Unusual Items": 0.0,
        "Tax Rate For Calcs": 0.15,
        "Normalized EBITDA": 214000000.0,
        "Net Income From Continuing Operation Net Minority Interest": 186000000.0,
        "Reconciled Depreciation": NaN,
        "Reconciled Cost Of Revenue": 96000000.0,
        "EBITDA": 214000000.0,
        "EBIT": 214000000.0,
        "Net Interest Income": -28000000.0,
        "Interest Expense": 28000000.0,
        "Interest Income": NaN,
        "Normalized Income": 186000000.0,
        "Net Income From Continuing And Discontinued Operation": 186000000.0,
        "Total Expenses": 98000000.0,
        "Diluted Average Shares": 420238416.0,
        "Basic Average Shares": 420238416.0,
        "Diluted EPS": 0.42,
        "Basic EPS": 0.42,
        "Diluted NI Availto Com Stockholders": 186000000.0,
        "Net Income Common Stockholders": 186000000.0,
        "Net Income": 186000000.0,
        "Minority Interests": NaN,
        "Net Income Including Noncontrolling Interests": 186000000.0,
        "Net Income Continuous Operations": 186000000.0,
        "Tax Provision": NaN,
        "Pretax Income": 186000000.0,
        "Other Income Expense": 192000000.0,
        "Other Non Operating Income Expenses": NaN,
        "Earnings From Equity Interest": 192000000.0,
        "Net Non Operating Interest Income Expense": -28000000.0,
        "Interest Expense Non Operating": 28000000.0,
        "Interest Income Non Operating": NaN,
        "Operating Income": 22000000.0,
        "Operating Expense": 2000000.0,
        "Other Operating Expenses": 2000000.0,
        "Selling General And Administration": NaN,
        "General And Administrative Expense": NaN,
        "Other Gand A": NaN,
        "Gross Profit": 24000000.0,
        "Cost Of Revenue": 96000000.0,
        "Total Revenue": 120000000.0,
        "Operating Revenue": 120000000.0
    },
    "2025-03-31": {
        "Tax Effect Of Unusual Items": 0.0,
        "Tax Rate For Calcs": 0.128866,
        "Normalized EBITDA": 744000000.0,
        "Net Income From Continuing Operation Net Minority Interest": 581000000.0,
        "Reconciled Depreciation": 3000000.0,
        "Reconciled Cost Of Revenue": 259000000.0,
        "EBITDA": 744000000.0,
        "EBIT": 741000000.0,
        "Net Interest Income": -159000000.0,
        "Interest Expense": 159000000.0,
        "Interest Income": NaN,
        "Normalized Income": 581000000.0,
        "Net Income From Continuing And Discontinued Operation": 581000000.0,
        "Total Expenses": 341000000.0,
        "Diluted Average Shares": 1629800000.0,
        "Basic Average Shares": 1613500000.0,
        "Diluted EPS": 0.36,
        "Basic EPS": 0.36,
        "Diluted NI Availto Com Stockholders": 581000000.0,
        "Net Income Common Stockholders": 581000000.0,
        "Net Income": 581000000.0,
        "Minority Interests": 74000000.0,
        "Net Income Including Noncontrolling Interests": 507000000.0,
        "Net Income Continuous Operations": 507000000.0,
        "Tax Provision": 75000000.0,
        "Pretax Income": 582000000.0,
        "Other Income Expense": 3000000.0,
        "Other Non Operating Income Expenses": -55000000.0,
        "Earnings From Equity Interest": 58000000.0,
        "Net Non Operating Interest Income Expense": -159000000.0,
        "Interest Expense Non Operating": 159000000.0,
        "Interest Income Non Operating": NaN,
        "Operating Income": 738000000.0,
        "Operating Expense": 82000000.0,
        "Other Operating Expenses": 76000000.0,
        "Selling General And Administration": 6000000.0,
        "General And Administrative Expense": 6000000.0,
        "Other Gand A": 6000000.0,
        "Gross Profit": 820000000.0,
        "Cost Of Revenue": 259000000.0,
        "Total Revenue": 1079000000.0,
        "Operating Revenue": 974000000.0
    },
    "2025-06-30": {
        "Tax Effect Of Unusual Items": 0.0,
        "Tax Rate For Calcs": 0.113809,
        "Normalized EBITDA": 724000000.0,
        "Net Income From Continuing Operation Net Minority Interest": 620000000.0,
        "Reconciled Depreciation": 11000000.0,
        "Reconciled Cost Of Revenue": 404000000.0,
        "EBITDA": 724000000.0,
        "EBIT": 713000000.0,
        "Net Interest Income": -53000000.0,
        "Interest Expense": 54000000.0,
        "Interest Income": 1000000.0,
        "Normalized Income": 620000000.0,
        "Net Income From Continuing And Discontinued Operation": 620000000.0,
        "Total Expenses": 567000000.0,
        "Diluted Average Shares": 1628300000.0,
        "Basic Average Shares": 1612600000.0,
        "Diluted EPS": 0.38,
        "Basic EPS": 0.38,
        "Diluted NI Availto Com Stockholders": 620000000.0,
        "Net Income Common Stockholders": 620000000.0,
        "Net Income": 620000000.0,
        "Minority Interests": 36000000.0,
        "Net Income Including Noncontrolling Interests": 584000000.0,
        "Net Income Continuous Operations": 584000000.0,
        "Tax Provision": 75000000.0,
        "Pretax Income": 659000000.0,
        "Other Income Expense": 126000000.0,
        "Other Non Operating Income Expenses": -55000000.0,
        "Earnings From Equity Interest": 181000000.0,
        "Net Non Operating Interest Income Expense": -53000000.0,
        "Interest Expense Non Operating": 54000000.0,
        "Interest Income Non Operating": 1000000.0,
        "Operating Income": 586000000.0,
        "Operating Expense": 163000000.0,
        "Other Operating Expenses": 145000000.0,
        "Selling General And Administration": 18000000.0,
        "General And Administrative Expense": 18000000.0,
        "Other Gand A": 18000000.0,
        "Gross Profit": 749000000.0,
        "Cost Of Revenue": 404000000.0,
        "Total Revenue": 1153000000.0,
        "Operating Revenue": 973000000.0
    },
    "2025-09-30": {
        "Tax Effect Of Unusual Items": 0.0,
        "Tax Rate For Calcs": 0.101299,
        "Normalized EBITDA": 838000000.0,
        "Net Income From Continuing Operation Net Minority Interest": 724000000.0,
        "Reconciled Depreciation": 16000000.0,
        "Reconciled Cost Of Revenue": 379000000.0,
        "EBITDA": 838000000.0,
        "EBIT": 822000000.0,
        "Net Interest Income": -6000000.0,
        "Interest Expense": 52000000.0,
        "Interest Income": 46000000.0,
        "Normalized Income": 724000000.0,
        "Net Income From Continuing And Discontinued Operation": 724000000.0,
        "Total Expenses": 377000000.0,
        "Diluted Average Shares": 1632600000.0,
        "Basic Average Shares": 1613000000.0,
        "Diluted EPS": 0.45,
        "Basic EPS": 0.45,
        "Diluted NI Availto Com Stockholders": 724000000.0,
        "Net Income Common Stockholders": 724000000.0,
        "Net Income": 724000000.0,
        "Minority Interests": 32000000.0,
        "Net Income Including Noncontrolling Interests": 692000000.0,
        "Net Income Continuous Operations": 692000000.0,
        "Tax Provision": 78000000.0,
        "Pretax Income": 770000000.0,
        "Other Income Expense": 13000000.0,
        "Other Non Operating Income Expenses": -97000000.0,
        "Earnings From Equity Interest": 110000000.0,
        "Net Non Operating Interest Income Expense": -6000000.0,
        "Interest Expense Non Operating": 52000000.0,
        "Interest Income Non Operating": 46000000.0,
        "Operating Income": 763000000.0,
        "Operating Expense": -2000000.0,
        "Other Operating Expenses": -25000000.0,
        "Selling General And Administration": 23000000.0,
        "General And Administrative Expense": 23000000.0,
        "Other Gand A": 23000000.0,
        "Gross Profit": 761000000.0,
        "Cost Of Revenue": 379000000.0,
        "Total Revenue": 1140000000.0,
        "Operating Revenue": 1005000000.0
    }
}