{
    "2023-12-31": {
        "Tax Effect Of Unusual Items": 0.0,
        "Tax Rate For Calcs": 0.0,
        "Normalized EBITDA": 12230000.0,
        "Total Unusual Items": 42430000.0,
        "Total Unusual Items Excluding Goodwill": 42430000.0,
        "Net Income From Continuing Operation Net Minority Interest": 32688000.0,
        "Reconciled Depreciation": 12898000.0,
        "Reconciled Cost Of Revenue": 37416000.0,
        "EBITDA": 54660000.0,
        "EBIT": 41762000.0,
        "Net Interest Income": -9074000.0,
        "Interest Expense": 9074000.0,
        "Normalized Income": -9742000.0,
        "Net Income From Continuing And Discontinued Operation": 32688000.0,
        "Total Expenses": 47910000.0,
        "Total Operating Income As Reported": -668000.0,
        "Diluted Average Shares": NaN,
        "Basic Average Shares": NaN,
        "Diluted EPS": NaN,
        "Basic EPS": NaN,
        "Diluted NI Availto Com Stockholders": 26993000.0,
        "Average Dilution Earnings": NaN,
        "Net Income Common Stockholders": 26993000.0,
        "Otherunder Preferred Stock Dividend": NaN,
        "Preferred Stock Dividends": 5695000.0,
        "Net Income": 32688000.0,
        "Net Income Including Noncontrolling Interests": 32688000.0,
        "Net Income Continuous Operations": 32688000.0,
        "Tax Provision": 0.0,
        "Pretax Income": 32688000.0,
        "Other Income Expense": 42430000.0,
        "Gain On Sale Of Security": 42430000.0,
        "Net Non Operating Interest Income Expense": -9074000.0,
        "Interest Expense Non Operating": 9074000.0,
        "Operating Income": -668000.0,
        "Operating Expense": 10494000.0,
        "Other Operating Expenses": 14718000.0,
        "Other Taxes": NaN,
        "Selling General And Administration": 5453000.0,
        "General And Administrative Expense": 5453000.0,
        "Other Gand A": 5453000.0,
        "Gross Profit": 9826000.0,
        "Cost Of Revenue": 37416000.0,
        "Total Revenue": 47242000.0,
        "Operating Revenue": 46912000.0
    },
    "2023-09-30": {
        "Tax Effect Of Unusual Items": NaN,
        "Tax Rate For Calcs": NaN,
        "Normalized EBITDA": NaN,
        "Total Unusual Items": NaN,
        "Total Unusual Items Excluding Goodwill": NaN,
        "Net Income From Continuing Operation Net Minority Interest": NaN,
        "Reconciled Depreciation": NaN,
        "Reconciled Cost Of Revenue": NaN,
        "EBITDA": NaN,
        "EBIT": NaN,
        "Net Interest Income": NaN,
        "Interest Expense": NaN,
        "Normalized Income": NaN,
        "Net Income From Continuing And Discontinued Operation": NaN,
        "Total Expenses": NaN,
        "Total Operating Income As Reported": NaN,
        "Diluted Average Shares": NaN,
        "Basic Average Shares": NaN,
        "Diluted EPS": NaN,
        "Basic EPS": NaN,
        "Diluted NI Availto Com Stockholders": NaN,
        "Average Dilution Earnings": NaN,
        "Net Income Common Stockholders": NaN,
        "Otherunder Preferred Stock Dividend": NaN,
        "Preferred Stock Dividends": NaN,
        "Net Income": NaN,
        "Net Income Including Noncontrolling Interests": NaN,
        "Net Income Continuous Operations": NaN,
        "Tax Provision": NaN,
        "Pretax Income": NaN,
        "Other Income Expense": NaN,
        "Gain On Sale Of Security": NaN,
        "Net Non Operating Interest Income Expense": NaN,
        "Interest Expense Non Operating": NaN,
        "Operating Income": NaN,
        "Operating Expense": NaN,
        "Other Operating Expenses": NaN,
        "Other Taxes": 3307000.0,
        "Selling General And Administration": NaN,
        "General And Administrative Expense": NaN,
        "Other Gand A": NaN,
        "Gross Profit": NaN,
        "Cost Of Revenue": NaN,
        "Total Revenue": NaN,
        "Operating Revenue": NaN
    },
    "2023-06-30": {
        "Tax Effect Of Unusual Items": NaN,
        "Tax Rate For Calcs": NaN,
        "Normalized EBITDA": NaN,
        "Total Unusual Items": NaN,
        "Total Unusual Items Excluding Goodwill": NaN,
        "Net Income From Continuing Operation Net Minority Interest": NaN,
        "Reconciled Depreciation": NaN,
        "Reconciled Cost Of Revenue": NaN,
        "EBITDA": NaN,
        "EBIT": NaN,
        "Net Interest Income": NaN,
        "Interest Expense": NaN,
        "Normalized Income": NaN,
        "Net Income From Continuing And Discontinued Operation": NaN,
        "Total Expenses": NaN,
        "Total Operating Income As Reported": NaN,
        "Diluted Average Shares": 16457000.0,
        "Basic Average Shares": 16457000.0,
        "Diluted EPS": -0.35,
        "Basic EPS": -0.35,
        "Diluted NI Availto Com Stockholders": NaN,
        "Average Dilution Earnings": 0.0,
        "Net Income Common Stockholders": NaN,
        "Otherunder Preferred Stock Dividend": 0.0,
        "Preferred Stock Dividends": NaN,
        "Net Income": NaN,
        "Net Income Including Noncontrolling Interests": NaN,
        "Net Income Continuous Operations": NaN,
        "Tax Provision": NaN,
        "Pretax Income": NaN,
        "Other Income Expense": NaN,
        "Gain On Sale Of Security": NaN,
        "Net Non Operating Interest Income Expense": NaN,
        "Interest Expense Non Operating": NaN,
        "Operating Income": NaN,
        "Operating Expense": NaN,
        "Other Operating Expenses": NaN,
        "Other Taxes": 3180000.0,
        "Selling General And Administration": NaN,
        "General And Administrative Expense": NaN,
        "Other Gand A": NaN,
        "Gross Profit": NaN,
        "Cost Of Revenue": NaN,
        "Total Revenue": NaN,
        "Operating Revenue": NaN
    },
    "2023-03-31": {
        "Tax Effect Of Unusual Items": NaN,
        "Tax Rate For Calcs": NaN,
        "Normalized EBITDA": NaN,
        "Total Unusual Items": NaN,
        "Total Unusual Items Excluding Goodwill": NaN,
        "Net Income From Continuing Operation Net Minority Interest": NaN,
        "Reconciled Depreciation": NaN,
        "Reconciled Cost Of Revenue": NaN,
        "EBITDA": NaN,
        "EBIT": NaN,
        "Net Interest Income": NaN,
        "Interest Expense": NaN,
        "Normalized Income": NaN,
        "Net Income From Continuing And Discontinued Operation": NaN,
        "Total Expenses": NaN,
        "Total Operating Income As Reported": NaN,
        "Diluted Average Shares": NaN,
        "Basic Average Shares": NaN,
        "Diluted EPS": NaN,
        "Basic EPS": NaN,
        "Diluted NI Availto Com Stockholders": NaN,
        "Average Dilution Earnings": 1000.0,
        "Net Income Common Stockholders": NaN,
        "Otherunder Preferred Stock Dividend": NaN,
        "Preferred Stock Dividends": NaN,
        "Net Income": NaN,
        "Net Income Including Noncontrolling Interests": NaN,
        "Net Income Continuous Operations": NaN,
        "Tax Provision": NaN,
        "Pretax Income": NaN,
        "Other Income Expense": NaN,
        "Gain On Sale Of Security": NaN,
        "Net Non Operating Interest Income Expense": NaN,
        "Interest Expense Non Operating": NaN,
        "Operating Income": NaN,
        "Operating Expense": NaN,
        "Other Operating Expenses": NaN,
        "Other Taxes": NaN,
        "Selling General And Administration": NaN,
        "General And Administrative Expense": NaN,
        "Other Gand A": NaN,
        "Gross Profit": NaN,
        "Cost Of Revenue": NaN,
        "Total Revenue": NaN,
        "Operating Revenue": NaN
    },
    "2024-03-31": {
        "Tax Effect Of Unusual Items": NaN,
        "Tax Rate For Calcs": NaN,
        "Normalized EBITDA": NaN,
        "Total Unusual Items": NaN,
        "Total Unusual Items Excluding Goodwill": NaN,
        "Net Income From Continuing Operation Net Minority Interest": NaN,
        "Reconciled Depreciation": NaN,
        "Reconciled Cost Of Revenue": NaN,
        "EBITDA": NaN,
        "EBIT": NaN,
        "Net Interest Income": NaN,
        "Interest Expense": NaN,
        "Normalized Income": NaN,
        "Net Income From Continuing And Discontinued Operation": NaN,
        "Total Expenses": NaN,
        "Total Operating Income As Reported": NaN,
        "Diluted Average Shares": NaN,
        "Basic Average Shares": NaN,
        "Diluted EPS": NaN,
        "Basic EPS": NaN,
        "Diluted NI Availto Com Stockholders": NaN,
        "Average Dilution Earnings": 0.0,
        "Net Income Common Stockholders": NaN,
        "Otherunder Preferred Stock Dividend": NaN,
        "Preferred Stock Dividends": NaN,
        "Net Income": NaN,
        "Net Income Including Noncontrolling Interests": NaN,
        "Net Income Continuous Operations": NaN,
        "Tax Provision": NaN,
        "Pretax Income": NaN,
        "Other Income Expense": NaN,
        "Gain On Sale Of Security": NaN,
        "Net Non Operating Interest Income Expense": NaN,
        "Interest Expense Non Operating": NaN,
        "Operating Income": NaN,
        "Operating Expense": NaN,
        "Other Operating Expenses": NaN,
        "Other Taxes": NaN,
        "Selling General And Administration": NaN,
        "General And Administrative Expense": NaN,
        "Other Gand A": NaN,
        "Gross Profit": NaN,
        "Cost Of Revenue": NaN,
        "Total Revenue": NaN,
        "Operating Revenue": NaN
    },
    "2022-12-31": {
        "Tax Effect Of Unusual Items": NaN,
        "Tax Rate For Calcs": NaN,
        "Normalized EBITDA": NaN,
        "Total Unusual Items": NaN,
        "Total Unusual Items Excluding Goodwill": NaN,
        "Net Income From Continuing Operation Net Minority Interest": NaN,
        "Reconciled Depreciation": NaN,
        "Reconciled Cost Of Revenue": NaN,
        "EBITDA": NaN,
        "EBIT": NaN,
        "Net Interest Income": NaN,
        "Interest Expense": NaN,
        "Normalized Income": NaN,
        "Net Income From Continuing And Discontinued Operation": NaN,
        "Total Expenses": NaN,
        "Total Operating Income As Reported": NaN,
        "Diluted Average Shares": NaN,
        "Basic Average Shares": NaN,
        "Diluted EPS": NaN,
        "Basic EPS": NaN,
        "Diluted NI Availto Com Stockholders": NaN,
        "Average Dilution Earnings": NaN,
        "Net Income Common Stockholders": NaN,
        "Otherunder Preferred Stock Dividend": NaN,
        "Preferred Stock Dividends": NaN,
        "Net Income": NaN,
        "Net Income Including Noncontrolling Interests": NaN,
        "Net Income Continuous Operations": NaN,
        "Tax Provision": NaN,
        "Pretax Income": NaN,
        "Other Income Expense": NaN,
        "Special Income Charges": 0.0,
        "Gain On Sale Of Security": NaN,
        "Net Non Operating Interest Income Expense": NaN,
        "Interest Expense Non Operating": NaN,
        "Operating Income": NaN,
        "Operating Expense": NaN,
        "Other Operating Expenses": NaN,
        "Other Taxes": NaN,
        "Selling General And Administration": NaN,
        "General And Administrative Expense": NaN,
        "Other Gand A": NaN,
        "Gross Profit": NaN,
        "Cost Of Revenue": NaN,
        "Total Revenue": NaN,
        "Operating Revenue": NaN
    },
    "2022-09-30": {
        "Tax Effect Of Unusual Items": NaN,
        "Tax Rate For Calcs": NaN,
        "Normalized EBITDA": NaN,
        "Total Unusual Items": NaN,
        "Total Unusual Items Excluding Goodwill": NaN,
        "Net Income From Continuing Operation Net Minority Interest": NaN,
        "Reconciled Depreciation": NaN,
        "Reconciled Cost Of Revenue": NaN,
        "EBITDA": NaN,
        "EBIT": NaN,
        "Net Interest Income": NaN,
        "Interest Expense": NaN,
        "Normalized Income": NaN,
        "Net Income From Continuing And Discontinued Operation": NaN,
        "Total Expenses": NaN,
        "Total Operating Income As Reported": NaN,
        "Diluted Average Shares": NaN,
        "Basic Average Shares": NaN,
        "Diluted EPS": NaN,
        "Basic EPS": NaN,
        "Diluted NI Availto Com Stockholders": NaN,
        "Average Dilution Earnings": NaN,
        "Net Income Common Stockholders": NaN,
        "Otherunder Preferred Stock Dividend": NaN,
        "Preferred Stock Dividends": NaN,
        "Net Income": NaN,
        "Net Income Including Noncontrolling Interests": NaN,
        "Net Income Continuous Operations": NaN,
        "Tax Provision": NaN,
        "Pretax Income": NaN,
        "Other Income Expense": NaN,
        "Special Income Charges": 0.0,
        "Gain On Sale Of Security": NaN,
        "Net Non Operating Interest Income Expense": NaN,
        "Interest Expense Non Operating": NaN,
        "Operating Income": NaN,
        "Operating Expense": NaN,
        "Other Operating Expenses": NaN,
        "Other Taxes": 5613000.0,
        "Selling General And Administration": NaN,
        "General And Administrative Expense": NaN,
        "Other Gand A": NaN,
        "Gross Profit": NaN,
        "Cost Of Revenue": NaN,
        "Total Revenue": NaN,
        "Operating Revenue": NaN
    },
    "2024-06-30": {
        "Tax Effect Of Unusual Items": NaN,
        "Tax Rate For Calcs": NaN,
        "Normalized EBITDA": NaN,
        "Total Unusual Items": NaN,
        "Total Unusual Items Excluding Goodwill": NaN,
        "Net Income From Continuing Operation Net Minority Interest": NaN,
        "Reconciled Depreciation": NaN,
        "Reconciled Cost Of Revenue": NaN,
        "EBITDA": NaN,
        "EBIT": NaN,
        "Net Interest Income": NaN,
        "Interest Expense": NaN,
        "Normalized Income": NaN,
        "Net Income From Continuing And Discontinued Operation": NaN,
        "Total Expenses": NaN,
        "Total Operating Income As Reported": NaN,
        "Diluted Average Shares": NaN,
        "Basic Average Shares": NaN,
        "Diluted EPS": NaN,
        "Basic EPS": NaN,
        "Diluted NI Availto Com Stockholders": NaN,
        "Average Dilution Earnings": 0.0,
        "Net Income Common Stockholders": NaN,
        "Otherunder Preferred Stock Dividend": 0.0,
        "Preferred Stock Dividends": NaN,
        "Net Income": NaN,
        "Net Income Including Noncontrolling Interests": NaN,
        "Net Income Continuous Operations": NaN,
        "Tax Provision": NaN,
        "Pretax Income": NaN,
        "Other Income Expense": NaN,
        "Gain On Sale Of Security": NaN,
        "Net Non Operating Interest Income Expense": NaN,
        "Interest Expense Non Operating": NaN,
        "Operating Income": NaN,
        "Operating Expense": NaN,
        "Other Operating Expenses": NaN,
        "Other Taxes": 3349000.0,
        "Selling General And Administration": NaN,
        "General And Administrative Expense": NaN,
        "Other Gand A": NaN,
        "Gross Profit": NaN,
        "Cost Of Revenue": NaN,
        "Total Revenue": NaN,
        "Operating Revenue": NaN
    },
    "2024-09-30": {
        "Tax Effect Of Unusual Items": 0.0,
        "Tax Rate For Calcs": 0.0,
        "Normalized EBITDA": 12861000.0,
        "Total Unusual Items": 26896000.0,
        "Total Unusual Items Excluding Goodwill": 26896000.0,
        "Net Income From Continuing Operation Net Minority Interest": 21628000.0,
        "Reconciled Depreciation": 11807000.0,
        "Reconciled Cost Of Revenue": 25384000.0,
        "EBITDA": 39757000.0,
        "EBIT": 27950000.0,
        "Net Interest Income": -6322000.0,
        "Interest Expense": 6322000.0,
        "Normalized Income": -5268000.0,
        "Net Income From Continuing And Discontinued Operation": 21628000.0,
        "Total Expenses": 44212000.0,
        "Total Operating Income As Reported": 1054000.0,
        "Diluted Average Shares": 16523000.0,
        "Basic Average Shares": 16457000.0,
        "Diluted EPS": 0.34,
        "Basic EPS": 0.34,
        "Diluted NI Availto Com Stockholders": 5575000.0,
        "Average Dilution Earnings": NaN,
        "Net Income Common Stockholders": 5575000.0,
        "Otherunder Preferred Stock Dividend": 6732000.0,
        "Preferred Stock Dividends": 9321000.0,
        "Net Income": 21628000.0,
        "Net Income Including Noncontrolling Interests": 21628000.0,
        "Net Income Continuous Operations": 21628000.0,
        "Tax Provision": 0.0,
        "Pretax Income": 21628000.0,
        "Other Income Expense": 26896000.0,
        "Gain On Sale Of Security": 26896000.0,
        "Net Non Operating Interest Income Expense": -6322000.0,
        "Interest Expense Non Operating": 6322000.0,
        "Operating Income": 1054000.0,
        "Operating Expense": 18828000.0,
        "Other Operating Expenses": 12442000.0,
        "Other Taxes": 2532000.0,
        "Selling General And Administration": 3854000.0,
        "General And Administrative Expense": 3854000.0,
        "Other Gand A": 3854000.0,
        "Gross Profit": 19882000.0,
        "Cost Of Revenue": 25384000.0,
        "Total Revenue": 45266000.0,
        "Operating Revenue": 45102000.0
    },
    "2024-12-31": {
        "Tax Effect Of Unusual Items": 0.0,
        "Tax Rate For Calcs": 0.0,
        "Normalized EBITDA": 15450000.0,
        "Total Unusual Items": -27624000.0,
        "Total Unusual Items Excluding Goodwill": -27624000.0,
        "Net Income From Continuing Operation Net Minority Interest": -22202000.0,
        "Reconciled Depreciation": 14881000.0,
        "Reconciled Cost Of Revenue": 38602000.0,
        "EBITDA": -12174000.0,
        "EBIT": -27055000.0,
        "Net Interest Income": 4853000.0,
        "Interest Expense": -4853000.0,
        "Normalized Income": 5422000.0,
        "Net Income From Continuing And Discontinued Operation": -22202000.0,
        "Total Expenses": 49084000.0,
        "Total Operating Income As Reported": -17942000.0,
        "Diluted Average Shares": 16457000.0,
        "Basic Average Shares": 16457000.0,
        "Diluted EPS": -1.88,
        "Basic EPS": -1.88,
        "Diluted NI Availto Com Stockholders": -30882000.0,
        "Average Dilution Earnings": NaN,
        "Net Income Common Stockholders": -30882000.0,
        "Otherunder Preferred Stock Dividend": 0.0,
        "Preferred Stock Dividends": 8680000.0,
        "Net Income": -22202000.0,
        "Net Income Including Noncontrolling Interests": -22202000.0,
        "Net Income Continuous Operations": -22202000.0,
        "Tax Provision": 0.0,
        "Pretax Income": -22202000.0,
        "Other Income Expense": -27624000.0,
        "Gain On Sale Of Security": -1624000.0,
        "Net Non Operating Interest Income Expense": 4853000.0,
        "Interest Expense Non Operating": -4853000.0,
        "Operating Income": 569000.0,
        "Operating Expense": 10482000.0,
        "Other Operating Expenses": 12263000.0,
        "Other Taxes": NaN,
        "Selling General And Administration": 7091000.0,
        "General And Administrative Expense": 7091000.0,
        "Other Gand A": 7091000.0,
        "Gross Profit": 11051000.0,
        "Cost Of Revenue": 38602000.0,
        "Total Revenue": 49653000.0,
        "Operating Revenue": 49499000.0
    },
    "2025-03-31": {
        "Tax Effect Of Unusual Items": 0.0,
        "Tax Rate For Calcs": 0.0,
        "Normalized EBITDA": 16199000.0,
        "Total Unusual Items": 9302000.0,
        "Total Unusual Items Excluding Goodwill": 9302000.0,
        "Net Income From Continuing Operation Net Minority Interest": 6023000.0,
        "Reconciled Depreciation": 12808000.0,
        "Reconciled Cost Of Revenue": 24871000.0,
        "EBITDA": 25501000.0,
        "EBIT": 12693000.0,
        "Net Interest Income": -6670000.0,
        "Interest Expense": 6670000.0,
        "Normalized Income": -3279000.0,
        "Net Income From Continuing And Discontinued Operation": 6023000.0,
        "Total Expenses": 44084000.0,
        "Total Operating Income As Reported": 3391000.0,
        "Diluted Average Shares": 16457000.0,
        "Basic Average Shares": 16457000.0,
        "Diluted EPS": -0.35,
        "Basic EPS": -0.35,
        "Diluted NI Availto Com Stockholders": -5797000.0,
        "Average Dilution Earnings": NaN,
        "Net Income Common Stockholders": -5797000.0,
        "Otherunder Preferred Stock Dividend": 0.0,
        "Preferred Stock Dividends": 11820000.0,
        "Net Income": 6023000.0,
        "Net Income Including Noncontrolling Interests": 6023000.0,
        "Net Income Continuous Operations": 6023000.0,
        "Tax Provision": 0.0,
        "Pretax Income": 6023000.0,
        "Other Income Expense": 9302000.0,
        "Gain On Sale Of Security": 9302000.0,
        "Net Non Operating Interest Income Expense": -6670000.0,
        "Interest Expense Non Operating": 6670000.0,
        "Operating Income": 3391000.0,
        "Operating Expense": 19213000.0,
        "Other Operating Expenses": 12000000.0,
        "Other Taxes": 2800000.0,
        "Selling General And Administration": 4413000.0,
        "General And Administrative Expense": 4413000.0,
        "Other Gand A": 4413000.0,
        "Gross Profit": 22604000.0,
        "Cost Of Revenue": 24871000.0,
        "Total Revenue": 47475000.0,
        "Operating Revenue": 47385000.0
    },
    "2025-06-30": {
        "Tax Effect Of Unusual Items": 0.0,
        "Tax Rate For Calcs": 0.0,
        "Normalized EBITDA": 14058000.0,
        "Total Unusual Items": 11548000.0,
        "Total Unusual Items Excluding Goodwill": 11548000.0,
        "Net Income From Continuing Operation Net Minority Interest": 4796000.0,
        "Reconciled Depreciation": 14211000.0,
        "Reconciled Cost Of Revenue": 26918000.0,
        "EBITDA": 25606000.0,
        "EBIT": 11395000.0,
        "Net Interest Income": -6599000.0,
        "Interest Expense": 6599000.0,
        "Normalized Income": -6752000.0,
        "Net Income From Continuing And Discontinued Operation": 4796000.0,
        "Total Expenses": 42965000.0,
        "Total Operating Income As Reported": -153000.0,
        "Diluted Average Shares": 16457000.0,
        "Basic Average Shares": 16457000.0,
        "Diluted EPS": -0.21,
        "Basic EPS": -0.21,
        "Diluted NI Availto Com Stockholders": -3474000.0,
        "Average Dilution Earnings": NaN,
        "Net Income Common Stockholders": -3474000.0,
        "Otherunder Preferred Stock Dividend": NaN,
        "Preferred Stock Dividends": 8270000.0,
        "Net Income": 4796000.0,
        "Net Income Including Noncontrolling Interests": 4796000.0,
        "Net Income Continuous Operations": 4796000.0,
        "Tax Provision": 0.0,
        "Pretax Income": 4796000.0,
        "Other Income Expense": 11548000.0,
        "Gain On Sale Of Security": 11548000.0,
        "Net Non Operating Interest Income Expense": -6599000.0,
        "Interest Expense Non Operating": 6599000.0,
        "Operating Income": -153000.0,
        "Operating Expense": 16047000.0,
        "Other Operating Expenses": 10958000.0,
        "Other Taxes": 2522000.0,
        "Selling General And Administration": 2567000.0,
        "General And Administrative Expense": 2567000.0,
        "Other Gand A": 2567000.0,
        "Gross Profit": 15894000.0,
        "Cost Of Revenue": 26918000.0,
        "Total Revenue": 42812000.0,
        "Operating Revenue": 42576000.0
    },
    "2025-09-30": {
        "Tax Effect Of Unusual Items": 0.0,
        "Tax Rate For Calcs": 0.0,
        "Normalized EBITDA": 13510000.0,
        "Total Unusual Items": 5180000.0,
        "Total Unusual Items Excluding Goodwill": 5180000.0,
        "Net Income From Continuing Operation Net Minority Interest": -735000.0,
        "Reconciled Depreciation": 12684000.0,
        "Reconciled Cost Of Revenue": 26750000.0,
        "EBITDA": 18690000.0,
        "EBIT": 6006000.0,
        "Net Interest Income": -6741000.0,
        "Interest Expense": 6741000.0,
        "Normalized Income": -5915000.0,
        "Net Income From Continuing And Discontinued Operation": -735000.0,
        "Total Expenses": 42656000.0,
        "Total Operating Income As Reported": 826000.0,
        "Diluted Average Shares": 16457000.0,
        "Basic Average Shares": 16457000.0,
        "Diluted EPS": -0.91,
        "Basic EPS": -0.91,
        "Diluted NI Availto Com Stockholders": -15014000.0,
        "Average Dilution Earnings": NaN,
        "Net Income Common Stockholders": -15014000.0,
        "Otherunder Preferred Stock Dividend": 0.0,
        "Preferred Stock Dividends": 14279000.0,
        "Net Income": -735000.0,
        "Net Income Including Noncontrolling Interests": -735000.0,
        "Net Income Continuous Operations": -735000.0,
        "Tax Provision": 0.0,
        "Pretax Income": -735000.0,
        "Other Income Expense": 5180000.0,
        "Gain On Sale Of Security": 5180000.0,
        "Net Non Operating Interest Income Expense": -6741000.0,
        "Interest Expense Non Operating": 6741000.0,
        "Operating Income": 826000.0,
        "Operating Expense": 15906000.0,
        "Other Operating Expenses": 10199000.0,
        "Other Taxes": 2622000.0,
        "Selling General And Administration": 3085000.0,
        "General And Administrative Expense": 3085000.0,
        "Other Gand A": 3085000.0,
        "Gross Profit": 16732000.0,
        "Cost Of Revenue": 26750000.0,
        "Total Revenue": 43482000.0,
        "Operating Revenue": 43386000.0
    }
}