{
    "2023-05-31": {
        "Tax Effect Of Unusual Items": NaN,
        "Tax Rate For Calcs": NaN,
        "Normalized EBITDA": NaN,
        "Total Unusual Items": NaN,
        "Total Unusual Items Excluding Goodwill": NaN,
        "Net Income From Continuing Operation Net Minority Interest": NaN,
        "Reconciled Depreciation": NaN,
        "Reconciled Cost Of Revenue": NaN,
        "EBITDA": NaN,
        "EBIT": NaN,
        "Net Interest Income": -2000000.0,
        "Interest Expense": 2000000.0,
        "Normalized Income": NaN,
        "Net Income From Continuing And Discontinued Operation": NaN,
        "Total Expenses": NaN,
        "Total Operating Income As Reported": NaN,
        "Diluted Average Shares": NaN,
        "Basic Average Shares": NaN,
        "Diluted EPS": NaN,
        "Basic EPS": NaN,
        "Diluted NI Availto Com Stockholders": NaN,
        "Average Dilution Earnings": 0.0,
        "Net Income Common Stockholders": NaN,
        "Net Income": NaN,
        "Net Income Including Noncontrolling Interests": NaN,
        "Net Income Discontinuous Operations": NaN,
        "Net Income Continuous Operations": NaN,
        "Tax Provision": NaN,
        "Pretax Income": NaN,
        "Other Income Expense": NaN,
        "Other Non Operating Income Expenses": -22000000.0,
        "Special Income Charges": NaN,
        "Gain On Sale Of Ppe": NaN,
        "Impairment Of Capital Assets": NaN,
        "Gain On Sale Of Security": NaN,
        "Net Non Operating Interest Income Expense": -2000000.0,
        "Interest Expense Non Operating": 2000000.0,
        "Operating Income": NaN,
        "Operating Expense": NaN,
        "Depreciation Amortization Depletion Income Statement": NaN,
        "Depreciation And Amortization In Income Statement": NaN,
        "Amortization": NaN,
        "Amortization Of Intangibles Income Statement": NaN,
        "Depreciation Income Statement": 3000000.0,
        "Research And Development": NaN,
        "Selling General And Administration": NaN,
        "Selling And Marketing Expense": NaN,
        "General And Administrative Expense": NaN,
        "Other Gand A": NaN,
        "Gross Profit": NaN,
        "Cost Of Revenue": NaN,
        "Total Revenue": NaN,
        "Operating Revenue": NaN
    },
    "2023-02-28": {
        "Tax Effect Of Unusual Items": NaN,
        "Tax Rate For Calcs": NaN,
        "Normalized EBITDA": NaN,
        "Total Unusual Items": NaN,
        "Total Unusual Items Excluding Goodwill": NaN,
        "Net Income From Continuing Operation Net Minority Interest": NaN,
        "Reconciled Depreciation": NaN,
        "Reconciled Cost Of Revenue": NaN,
        "EBITDA": NaN,
        "EBIT": NaN,
        "Net Interest Income": NaN,
        "Interest Expense": NaN,
        "Normalized Income": NaN,
        "Net Income From Continuing And Discontinued Operation": NaN,
        "Total Expenses": NaN,
        "Total Operating Income As Reported": NaN,
        "Diluted Average Shares": NaN,
        "Basic Average Shares": NaN,
        "Diluted EPS": NaN,
        "Basic EPS": NaN,
        "Diluted NI Availto Com Stockholders": NaN,
        "Average Dilution Earnings": -25000000.0,
        "Net Income Common Stockholders": NaN,
        "Net Income": NaN,
        "Net Income Including Noncontrolling Interests": NaN,
        "Net Income Continuous Operations": NaN,
        "Tax Provision": NaN,
        "Pretax Income": NaN,
        "Other Income Expense": NaN,
        "Other Non Operating Income Expenses": 26000000.0,
        "Special Income Charges": NaN,
        "Gain On Sale Of Ppe": 0.0,
        "Other Special Charges": 0.0,
        "Impairment Of Capital Assets": NaN,
        "Gain On Sale Of Security": NaN,
        "Net Non Operating Interest Income Expense": NaN,
        "Interest Expense Non Operating": NaN,
        "Operating Income": NaN,
        "Operating Expense": NaN,
        "Depreciation Amortization Depletion Income Statement": NaN,
        "Depreciation And Amortization In Income Statement": NaN,
        "Amortization": NaN,
        "Amortization Of Intangibles Income Statement": NaN,
        "Depreciation Income Statement": 2000000.0,
        "Research And Development": NaN,
        "Selling General And Administration": NaN,
        "Selling And Marketing Expense": NaN,
        "General And Administrative Expense": NaN,
        "Other Gand A": NaN,
        "Gross Profit": NaN,
        "Cost Of Revenue": NaN,
        "Total Revenue": NaN,
        "Operating Revenue": NaN
    },
    "2022-11-30": {
        "Tax Effect Of Unusual Items": NaN,
        "Tax Rate For Calcs": NaN,
        "Normalized EBITDA": NaN,
        "Total Unusual Items": NaN,
        "Total Unusual Items Excluding Goodwill": NaN,
        "Net Income From Continuing Operation Net Minority Interest": NaN,
        "Reconciled Depreciation": NaN,
        "Reconciled Cost Of Revenue": NaN,
        "EBITDA": NaN,
        "EBIT": NaN,
        "Net Interest Income": NaN,
        "Interest Expense": NaN,
        "Normalized Income": NaN,
        "Net Income From Continuing And Discontinued Operation": NaN,
        "Total Expenses": NaN,
        "Total Operating Income As Reported": NaN,
        "Diluted Average Shares": NaN,
        "Basic Average Shares": NaN,
        "Diluted EPS": NaN,
        "Basic EPS": NaN,
        "Diluted NI Availto Com Stockholders": NaN,
        "Average Dilution Earnings": NaN,
        "Net Income Common Stockholders": NaN,
        "Net Income": NaN,
        "Net Income Including Noncontrolling Interests": NaN,
        "Net Income Continuous Operations": NaN,
        "Tax Provision": NaN,
        "Pretax Income": NaN,
        "Other Income Expense": NaN,
        "Other Non Operating Income Expenses": NaN,
        "Special Income Charges": NaN,
        "Gain On Sale Of Ppe": 0.0,
        "Other Special Charges": NaN,
        "Impairment Of Capital Assets": NaN,
        "Gain On Sale Of Security": NaN,
        "Net Non Operating Interest Income Expense": NaN,
        "Interest Expense Non Operating": NaN,
        "Operating Income": NaN,
        "Operating Expense": NaN,
        "Depreciation Amortization Depletion Income Statement": NaN,
        "Depreciation And Amortization In Income Statement": NaN,
        "Amortization": NaN,
        "Amortization Of Intangibles Income Statement": NaN,
        "Depreciation Income Statement": 2000000.0,
        "Research And Development": NaN,
        "Selling General And Administration": NaN,
        "Selling And Marketing Expense": NaN,
        "General And Administrative Expense": NaN,
        "Other Gand A": NaN,
        "Gross Profit": NaN,
        "Cost Of Revenue": NaN,
        "Total Revenue": NaN,
        "Operating Revenue": NaN
    },
    "2022-08-31": {
        "Tax Effect Of Unusual Items": 0.0,
        "Tax Rate For Calcs": 0.2621,
        "Normalized EBITDA": -31000000.0,
        "Total Unusual Items": 0.0,
        "Total Unusual Items Excluding Goodwill": 0.0,
        "Net Income From Continuing Operation Net Minority Interest": -54000000.0,
        "Reconciled Depreciation": 28000000.0,
        "Reconciled Cost Of Revenue": 59000000.0,
        "EBITDA": -31000000.0,
        "EBIT": -59000000.0,
        "Net Interest Income": NaN,
        "Interest Expense": NaN,
        "Normalized Income": -54000000.0,
        "Net Income From Continuing And Discontinued Operation": -54000000.0,
        "Total Expenses": 227000000.0,
        "Total Operating Income As Reported": -47000000.0,
        "Diluted Average Shares": 638147000.0,
        "Basic Average Shares": 577314000.0,
        "Diluted EPS": -0.1,
        "Basic EPS": -0.09,
        "Diluted NI Availto Com Stockholders": -54000000.0,
        "Average Dilution Earnings": -8000000.0,
        "Net Income Common Stockholders": -54000000.0,
        "Net Income": -54000000.0,
        "Net Income Including Noncontrolling Interests": -54000000.0,
        "Net Income Continuous Operations": -54000000.0,
        "Tax Provision": 5000000.0,
        "Pretax Income": -49000000.0,
        "Other Income Expense": 10000000.0,
        "Other Non Operating Income Expenses": 10000000.0,
        "Special Income Charges": 2000000.0,
        "Gain On Sale Of Ppe": 6000000.0,
        "Other Special Charges": NaN,
        "Impairment Of Capital Assets": 4000000.0,
        "Gain On Sale Of Security": -2000000.0,
        "Net Non Operating Interest Income Expense": NaN,
        "Interest Expense Non Operating": NaN,
        "Operating Income": -59000000.0,
        "Operating Expense": 165000000.0,
        "Depreciation Amortization Depletion Income Statement": 25000000.0,
        "Depreciation And Amortization In Income Statement": 25000000.0,
        "Amortization": 25000000.0,
        "Amortization Of Intangibles Income Statement": 25000000.0,
        "Depreciation Income Statement": NaN,
        "Research And Development": 54000000.0,
        "Selling General And Administration": 86000000.0,
        "General And Administrative Expense": 86000000.0,
        "Other Gand A": 86000000.0,
        "Gross Profit": 106000000.0,
        "Cost Of Revenue": 62000000.0,
        "Total Revenue": 168000000.0,
        "Operating Revenue": 168000000.0
    },
    "2022-05-31": {
        "Tax Effect Of Unusual Items": -66400000.0,
        "Tax Rate For Calcs": 0.4,
        "Normalized EBITDA": 137000000.0,
        "Total Unusual Items": -166000000.0,
        "Total Unusual Items Excluding Goodwill": -166000000.0,
        "Net Income From Continuing Operation Net Minority Interest": -181000000.0,
        "Reconciled Depreciation": 29000000.0,
        "Reconciled Cost Of Revenue": 62000000.0,
        "EBIT": -58000000.0,
        "Normalized Income": -81400000.0,
        "Net Income From Continuing And Discontinued Operation": -181000000.0,
        "Total Expenses": 226000000.0,
        "Total Operating Income As Reported": -177000000.0,
        "Diluted Average Shares": 637710000.0,
        "Basic Average Shares": 576877000.0,
        "Diluted EPS": -0.35,
        "Basic EPS": -0.31,
        "Diluted NI Availto Com Stockholders": -181000000.0,
        "Average Dilution Earnings": -44000000.0,
        "Net Income Common Stockholders": -181000000.0,
        "Net Income": -181000000.0,
        "Net Income Including Noncontrolling Interests": -181000000.0,
        "Net Income Continuous Operations": -181000000.0,
        "Tax Provision": 3000000.0,
        "Pretax Income": -178000000.0,
        "Other Income Expense": -120000000.0,
        "Other Non Operating Income Expenses": 46000000.0,
        "Special Income Charges": -165000000.0,
        "Gain On Sale Of Ppe": NaN,
        "Other Special Charges": 165000000.0,
        "Impairment Of Capital Assets": NaN,
        "Gain On Sale Of Security": -1000000.0,
        "Operating Income": -58000000.0,
        "Operating Expense": 162000000.0,
        "Depreciation Amortization Depletion Income Statement": 27000000.0,
        "Depreciation And Amortization In Income Statement": 27000000.0,
        "Amortization": 27000000.0,
        "Amortization Of Intangibles Income Statement": 27000000.0,
        "Depreciation Income Statement": 4000000.0,
        "Research And Development": 53000000.0,
        "Selling General And Administration": 82000000.0,
        "General And Administrative Expense": 82000000.0,
        "Other Gand A": 82000000.0,
        "Gross Profit": 104000000.0,
        "Cost Of Revenue": 64000000.0,
        "Total Revenue": 168000000.0,
        "Operating Revenue": 168000000.0
    },
    "2023-08-31": {
        "Tax Effect Of Unusual Items": NaN,
        "Tax Rate For Calcs": NaN,
        "Normalized EBITDA": NaN,
        "Total Unusual Items": NaN,
        "Total Unusual Items Excluding Goodwill": NaN,
        "Net Income From Continuing Operation Net Minority Interest": NaN,
        "Reconciled Depreciation": NaN,
        "Reconciled Cost Of Revenue": NaN,
        "EBITDA": NaN,
        "EBIT": NaN,
        "Net Interest Income": NaN,
        "Interest Expense": NaN,
        "Normalized Income": NaN,
        "Net Income From Continuing And Discontinued Operation": NaN,
        "Total Expenses": NaN,
        "Total Operating Income As Reported": NaN,
        "Diluted Average Shares": NaN,
        "Basic Average Shares": NaN,
        "Diluted EPS": NaN,
        "Basic EPS": NaN,
        "Diluted NI Availto Com Stockholders": NaN,
        "Average Dilution Earnings": 0.0,
        "Net Income Common Stockholders": NaN,
        "Net Income": NaN,
        "Net Income Including Noncontrolling Interests": NaN,
        "Net Income Discontinuous Operations": NaN,
        "Net Income Continuous Operations": NaN,
        "Tax Provision": NaN,
        "Pretax Income": NaN,
        "Other Income Expense": NaN,
        "Other Non Operating Income Expenses": 6000000.0,
        "Special Income Charges": NaN,
        "Gain On Sale Of Ppe": 0.0,
        "Impairment Of Capital Assets": NaN,
        "Gain On Sale Of Security": NaN,
        "Net Non Operating Interest Income Expense": NaN,
        "Interest Expense Non Operating": NaN,
        "Operating Income": NaN,
        "Operating Expense": NaN,
        "Depreciation Amortization Depletion Income Statement": NaN,
        "Depreciation And Amortization In Income Statement": NaN,
        "Amortization": NaN,
        "Amortization Of Intangibles Income Statement": NaN,
        "Depreciation Income Statement": NaN,
        "Research And Development": NaN,
        "Selling General And Administration": NaN,
        "Selling And Marketing Expense": NaN,
        "General And Administrative Expense": NaN,
        "Other Gand A": NaN,
        "Gross Profit": NaN,
        "Cost Of Revenue": NaN,
        "Total Revenue": NaN,
        "Operating Revenue": NaN
    },
    "2023-11-30": {
        "Tax Effect Of Unusual Items": NaN,
        "Tax Rate For Calcs": NaN,
        "Normalized EBITDA": NaN,
        "Total Unusual Items": NaN,
        "Total Unusual Items Excluding Goodwill": NaN,
        "Net Income From Continuing Operation Net Minority Interest": NaN,
        "Reconciled Depreciation": NaN,
        "Reconciled Cost Of Revenue": NaN,
        "EBITDA": NaN,
        "EBIT": NaN,
        "Net Interest Income": NaN,
        "Interest Expense": NaN,
        "Normalized Income": NaN,
        "Net Income From Continuing And Discontinued Operation": NaN,
        "Total Expenses": NaN,
        "Total Operating Income As Reported": NaN,
        "Diluted Average Shares": NaN,
        "Basic Average Shares": NaN,
        "Diluted EPS": NaN,
        "Basic EPS": NaN,
        "Diluted NI Availto Com Stockholders": NaN,
        "Average Dilution Earnings": -12000000.0,
        "Net Income Common Stockholders": NaN,
        "Net Income": NaN,
        "Net Income Including Noncontrolling Interests": NaN,
        "Net Income Discontinuous Operations": -29000000.0,
        "Net Income Continuous Operations": NaN,
        "Tax Provision": NaN,
        "Pretax Income": NaN,
        "Other Income Expense": NaN,
        "Other Non Operating Income Expenses": 13000000.0,
        "Special Income Charges": NaN,
        "Gain On Sale Of Ppe": 0.0,
        "Impairment Of Capital Assets": NaN,
        "Gain On Sale Of Security": NaN,
        "Net Non Operating Interest Income Expense": NaN,
        "Interest Expense Non Operating": NaN,
        "Operating Income": NaN,
        "Operating Expense": NaN,
        "Depreciation Amortization Depletion Income Statement": NaN,
        "Depreciation And Amortization In Income Statement": NaN,
        "Amortization": NaN,
        "Amortization Of Intangibles Income Statement": NaN,
        "Depreciation Income Statement": NaN,
        "Research And Development": NaN,
        "Selling General And Administration": NaN,
        "Selling And Marketing Expense": NaN,
        "General And Administrative Expense": NaN,
        "Other Gand A": NaN,
        "Gross Profit": NaN,
        "Cost Of Revenue": NaN,
        "Total Revenue": NaN,
        "Operating Revenue": NaN
    },
    "2024-02-29": {
        "Tax Effect Of Unusual Items": NaN,
        "Tax Rate For Calcs": NaN,
        "Normalized EBITDA": NaN,
        "Total Unusual Items": NaN,
        "Total Unusual Items Excluding Goodwill": NaN,
        "Net Income From Continuing Operation Net Minority Interest": NaN,
        "Reconciled Depreciation": NaN,
        "Reconciled Cost Of Revenue": NaN,
        "EBITDA": NaN,
        "EBIT": NaN,
        "Net Interest Income": NaN,
        "Interest Expense": NaN,
        "Normalized Income": NaN,
        "Net Income From Continuing And Discontinued Operation": NaN,
        "Total Expenses": NaN,
        "Total Operating Income As Reported": NaN,
        "Diluted Average Shares": NaN,
        "Basic Average Shares": NaN,
        "Diluted EPS": NaN,
        "Basic EPS": NaN,
        "Diluted NI Availto Com Stockholders": NaN,
        "Average Dilution Earnings": 0.0,
        "Net Income Common Stockholders": NaN,
        "Net Income": NaN,
        "Net Income Including Noncontrolling Interests": NaN,
        "Net Income Discontinuous Operations": NaN,
        "Net Income Continuous Operations": NaN,
        "Tax Provision": NaN,
        "Pretax Income": NaN,
        "Other Income Expense": NaN,
        "Other Non Operating Income Expenses": 0.0,
        "Special Income Charges": NaN,
        "Gain On Sale Of Ppe": 0.0,
        "Impairment Of Capital Assets": NaN,
        "Gain On Sale Of Security": NaN,
        "Net Non Operating Interest Income Expense": NaN,
        "Interest Expense Non Operating": NaN,
        "Operating Income": NaN,
        "Operating Expense": NaN,
        "Depreciation Amortization Depletion Income Statement": NaN,
        "Depreciation And Amortization In Income Statement": NaN,
        "Amortization": NaN,
        "Amortization Of Intangibles Income Statement": NaN,
        "Depreciation Income Statement": NaN,
        "Research And Development": NaN,
        "Selling General And Administration": NaN,
        "Selling And Marketing Expense": NaN,
        "General And Administrative Expense": NaN,
        "Other Gand A": NaN,
        "Gross Profit": NaN,
        "Cost Of Revenue": NaN,
        "Total Revenue": NaN,
        "Operating Revenue": NaN
    },
    "2024-05-31": {
        "Tax Effect Of Unusual Items": NaN,
        "Tax Rate For Calcs": NaN,
        "Normalized EBITDA": NaN,
        "Total Unusual Items": NaN,
        "Total Unusual Items Excluding Goodwill": NaN,
        "Net Income From Continuing Operation Net Minority Interest": NaN,
        "Reconciled Depreciation": NaN,
        "Reconciled Cost Of Revenue": NaN,
        "EBITDA": NaN,
        "EBIT": NaN,
        "Net Interest Income": -2000000.0,
        "Interest Expense": 2000000.0,
        "Normalized Income": NaN,
        "Net Income From Continuing And Discontinued Operation": NaN,
        "Total Expenses": NaN,
        "Total Operating Income As Reported": NaN,
        "Diluted Average Shares": NaN,
        "Basic Average Shares": NaN,
        "Diluted EPS": NaN,
        "Basic EPS": NaN,
        "Diluted NI Availto Com Stockholders": NaN,
        "Average Dilution Earnings": NaN,
        "Net Income Common Stockholders": NaN,
        "Net Income": NaN,
        "Net Income Including Noncontrolling Interests": NaN,
        "Net Income Discontinuous Operations": NaN,
        "Net Income Continuous Operations": NaN,
        "Tax Provision": NaN,
        "Pretax Income": NaN,
        "Other Income Expense": NaN,
        "Other Non Operating Income Expenses": NaN,
        "Special Income Charges": NaN,
        "Gain On Sale Of Ppe": NaN,
        "Impairment Of Capital Assets": NaN,
        "Gain On Sale Of Security": 4000000.0,
        "Net Non Operating Interest Income Expense": -2000000.0,
        "Interest Expense Non Operating": 2000000.0,
        "Operating Income": NaN,
        "Operating Expense": NaN,
        "Depreciation Amortization Depletion Income Statement": NaN,
        "Depreciation And Amortization In Income Statement": NaN,
        "Amortization": NaN,
        "Amortization Of Intangibles Income Statement": NaN,
        "Depreciation Income Statement": 2000000.0,
        "Research And Development": NaN,
        "Selling General And Administration": NaN,
        "Selling And Marketing Expense": NaN,
        "General And Administrative Expense": NaN,
        "Other Gand A": NaN,
        "Gross Profit": NaN,
        "Cost Of Revenue": NaN,
        "Total Revenue": NaN,
        "Operating Revenue": NaN
    },
    "2024-08-31": {
        "Tax Effect Of Unusual Items": 600000.0,
        "Tax Rate For Calcs": 0.285714,
        "Normalized EBITDA": 13700000.0,
        "Total Unusual Items": 2100000.0,
        "Total Unusual Items Excluding Goodwill": 2100000.0,
        "Net Income From Continuing Operation Net Minority Interest": 3500000.0,
        "Reconciled Depreciation": 13000000.0,
        "Reconciled Cost Of Revenue": 29200000.0,
        "EBITDA": 15800000.0,
        "EBIT": 2800000.0,
        "Net Interest Income": NaN,
        "Interest Expense": NaN,
        "Normalized Income": 2000000.0,
        "Net Income From Continuing And Discontinued Operation": -19700000.0,
        "Total Expenses": 123400000.0,
        "Total Operating Income As Reported": 2200000.0,
        "Diluted Average Shares": 590549000.0,
        "Basic Average Shares": 590549000.0,
        "Diluted EPS": -0.03,
        "Basic EPS": -0.03,
        "Diluted NI Availto Com Stockholders": -19700000.0,
        "Average Dilution Earnings": NaN,
        "Net Income Common Stockholders": -19700000.0,
        "Net Income": -19700000.0,
        "Net Income Including Noncontrolling Interests": -19700000.0,
        "Net Income Discontinuous Operations": -23200000.0,
        "Net Income Continuous Operations": 3500000.0,
        "Tax Provision": 1400000.0,
        "Pretax Income": 4900000.0,
        "Other Income Expense": 2100000.0,
        "Other Non Operating Income Expenses": NaN,
        "Special Income Charges": -600000.0,
        "Gain On Sale Of Ppe": NaN,
        "Impairment Of Capital Assets": 600000.0,
        "Gain On Sale Of Security": 2700000.0,
        "Net Non Operating Interest Income Expense": NaN,
        "Interest Expense Non Operating": NaN,
        "Operating Income": 2800000.0,
        "Operating Expense": 85800000.0,
        "Depreciation Amortization Depletion Income Statement": 4600000.0,
        "Depreciation And Amortization In Income Statement": 4600000.0,
        "Amortization": 4600000.0,
        "Amortization Of Intangibles Income Statement": 4600000.0,
        "Depreciation Income Statement": NaN,
        "Research And Development": 27100000.0,
        "Selling General And Administration": 54100000.0,
        "Selling And Marketing Expense": 21300000.0,
        "General And Administrative Expense": 32800000.0,
        "Other Gand A": 32800000.0,
        "Gross Profit": 88600000.0,
        "Cost Of Revenue": 37600000.0,
        "Total Revenue": 126200000.0,
        "Operating Revenue": 126200000.0
    },
    "2024-11-30": {
        "Tax Effect Of Unusual Items": -368421.052632,
        "Tax Rate For Calcs": 0.368421,
        "Normalized EBITDA": 33800000.0,
        "Total Unusual Items": -1000000.0,
        "Total Unusual Items Excluding Goodwill": -1000000.0,
        "Net Income From Continuing Operation Net Minority Interest": 12000000.0,
        "Reconciled Depreciation": 12800000.0,
        "Reconciled Cost Of Revenue": 22200000.0,
        "EBITDA": 32800000.0,
        "EBIT": 20000000.0,
        "Net Interest Income": NaN,
        "Interest Expense": NaN,
        "Normalized Income": 12631578.947368,
        "Net Income From Continuing And Discontinued Operation": -11000000.0,
        "Total Expenses": 123000000.0,
        "Total Operating Income As Reported": 19000000.0,
        "Diluted Average Shares": 593530000.0,
        "Basic Average Shares": 591240000.0,
        "Diluted EPS": -0.02,
        "Basic EPS": -0.02,
        "Diluted NI Availto Com Stockholders": -11000000.0,
        "Average Dilution Earnings": NaN,
        "Net Income Common Stockholders": -11000000.0,
        "Net Income": -11000000.0,
        "Net Income Including Noncontrolling Interests": -11000000.0,
        "Net Income Discontinuous Operations": -23000000.0,
        "Net Income Continuous Operations": 12000000.0,
        "Tax Provision": 7000000.0,
        "Pretax Income": 19000000.0,
        "Other Income Expense": -1000000.0,
        "Other Non Operating Income Expenses": NaN,
        "Special Income Charges": -1000000.0,
        "Gain On Sale Of Ppe": NaN,
        "Impairment Of Capital Assets": 1000000.0,
        "Gain On Sale Of Security": NaN,
        "Net Non Operating Interest Income Expense": NaN,
        "Interest Expense Non Operating": NaN,
        "Operating Income": 20000000.0,
        "Operating Expense": 92000000.0,
        "Depreciation Amortization Depletion Income Statement": 4000000.0,
        "Depreciation And Amortization In Income Statement": 4000000.0,
        "Amortization": 4000000.0,
        "Amortization Of Intangibles Income Statement": 4000000.0,
        "Depreciation Income Statement": NaN,
        "Research And Development": 27000000.0,
        "Selling General And Administration": 61000000.0,
        "Selling And Marketing Expense": 23000000.0,
        "General And Administrative Expense": 38000000.0,
        "Other Gand A": 38000000.0,
        "Gross Profit": 112000000.0,
        "Cost Of Revenue": 31000000.0,
        "Total Revenue": 143000000.0,
        "Operating Revenue": 143000000.0
    },
    "2025-02-28": {
        "Tax Effect Of Unusual Items": -405000.0,
        "Tax Rate For Calcs": 0.15,
        "Normalized EBITDA": 11900000.0,
        "Total Unusual Items": -2700000.0,
        "Total Unusual Items Excluding Goodwill": -2700000.0,
        "Net Income From Continuing Operation Net Minority Interest": -7500000.0,
        "Reconciled Depreciation": 5700000.0,
        "Reconciled Cost Of Revenue": 36100000.0,
        "EBITDA": 9200000.0,
        "EBIT": 3500000.0,
        "Net Interest Income": NaN,
        "Interest Expense": NaN,
        "Normalized Income": -5205000.0,
        "Net Income From Continuing And Discontinued Operation": -7000000.0,
        "Total Expenses": 141800000.0,
        "Total Operating Income As Reported": -6200000.0,
        "Diluted Average Shares": 594267000.0,
        "Basic Average Shares": 594267000.0,
        "Diluted EPS": -0.01,
        "Basic EPS": -0.01,
        "Diluted NI Availto Com Stockholders": -7000000.0,
        "Average Dilution Earnings": NaN,
        "Net Income Common Stockholders": -7000000.0,
        "Net Income": -7000000.0,
        "Net Income Including Noncontrolling Interests": -7000000.0,
        "Net Income Discontinuous Operations": 500000.0,
        "Net Income Continuous Operations": -7500000.0,
        "Tax Provision": 1000000.0,
        "Pretax Income": -6500000.0,
        "Other Income Expense": -2700000.0,
        "Other Non Operating Income Expenses": NaN,
        "Special Income Charges": -8400000.0,
        "Gain On Sale Of Ppe": NaN,
        "Impairment Of Capital Assets": 5600000.0,
        "Gain On Sale Of Security": 5700000.0,
        "Net Non Operating Interest Income Expense": NaN,
        "Interest Expense Non Operating": NaN,
        "Operating Income": 2100000.0,
        "Operating Expense": 103800000.0,
        "Depreciation Amortization Depletion Income Statement": 3800000.0,
        "Depreciation And Amortization In Income Statement": 3800000.0,
        "Amortization": -3300000.0,
        "Amortization Of Intangibles Income Statement": -3300000.0,
        "Depreciation Income Statement": NaN,
        "Research And Development": 23800000.0,
        "Selling General And Administration": 76200000.0,
        "Selling And Marketing Expense": 27500000.0,
        "General And Administrative Expense": 48700000.0,
        "Other Gand A": 48700000.0,
        "Gross Profit": 105900000.0,
        "Cost Of Revenue": 38000000.0,
        "Total Revenue": 143900000.0,
        "Operating Revenue": 143900000.0
    },
    "2025-05-31": {
        "Tax Effect Of Unusual Items": 855000.0,
        "Tax Rate For Calcs": 0.15,
        "Normalized EBITDA": 7800000.0,
        "Total Unusual Items": 5700000.0,
        "Total Unusual Items Excluding Goodwill": 5700000.0,
        "Net Income From Continuing Operation Net Minority Interest": 1900000.0,
        "Reconciled Depreciation": 5700000.0,
        "Reconciled Cost Of Revenue": 29700000.0,
        "EBITDA": 13500000.0,
        "EBIT": 7800000.0,
        "Net Interest Income": -2900000.0,
        "Interest Expense": 2900000.0,
        "Normalized Income": -2945000.0,
        "Net Income From Continuing And Discontinued Operation": 1900000.0,
        "Total Expenses": 119600000.0,
        "Total Operating Income As Reported": 2000000.0,
        "Diluted Average Shares": 600831000.0,
        "Basic Average Shares": 596300000.0,
        "Diluted EPS": 0.0,
        "Basic EPS": 0.0,
        "Diluted NI Availto Com Stockholders": 1900000.0,
        "Average Dilution Earnings": NaN,
        "Net Income Common Stockholders": 1900000.0,
        "Net Income": 1900000.0,
        "Net Income Including Noncontrolling Interests": 1900000.0,
        "Net Income Discontinuous Operations": 0.0,
        "Net Income Continuous Operations": 1900000.0,
        "Tax Provision": 3000000.0,
        "Pretax Income": 4900000.0,
        "Other Income Expense": 5700000.0,
        "Other Non Operating Income Expenses": NaN,
        "Special Income Charges": -100000.0,
        "Gain On Sale Of Ppe": NaN,
        "Impairment Of Capital Assets": 100000.0,
        "Gain On Sale Of Security": 5800000.0,
        "Net Non Operating Interest Income Expense": -2900000.0,
        "Interest Expense Non Operating": 2900000.0,
        "Operating Income": 2100000.0,
        "Operating Expense": 88200000.0,
        "Depreciation Amortization Depletion Income Statement": 4000000.0,
        "Depreciation And Amortization In Income Statement": 4000000.0,
        "Amortization": 4000000.0,
        "Amortization Of Intangibles Income Statement": 4000000.0,
        "Depreciation Income Statement": NaN,
        "Research And Development": 25000000.0,
        "Selling General And Administration": 59200000.0,
        "Selling And Marketing Expense": 28700000.0,
        "General And Administrative Expense": 30500000.0,
        "Other Gand A": 30500000.0,
        "Gross Profit": 90300000.0,
        "Cost Of Revenue": 31400000.0,
        "Total Revenue": 121700000.0,
        "Operating Revenue": 121700000.0
    },
    "2025-08-31": {
        "Tax Effect Of Unusual Items": 10447.761194,
        "Tax Rate For Calcs": 0.007463,
        "Normalized EBITDA": 15200000.0,
        "Total Unusual Items": 1400000.0,
        "Total Unusual Items Excluding Goodwill": 1400000.0,
        "Net Income From Continuing Operation Net Minority Interest": 13300000.0,
        "Reconciled Depreciation": 4600000.0,
        "Reconciled Cost Of Revenue": 31500000.0,
        "EBITDA": 16600000.0,
        "EBIT": 12000000.0,
        "Net Interest Income": NaN,
        "Interest Expense": NaN,
        "Normalized Income": 11910447.761194,
        "Net Income From Continuing And Discontinued Operation": 13300000.0,
        "Total Expenses": 117600000.0,
        "Total Operating Income As Reported": 11500000.0,
        "Diluted Average Shares": 597369000.0,
        "Basic Average Shares": 592938000.0,
        "Diluted EPS": 0.02,
        "Basic EPS": 0.02,
        "Diluted NI Availto Com Stockholders": 13300000.0,
        "Average Dilution Earnings": NaN,
        "Net Income Common Stockholders": 13300000.0,
        "Net Income": 13300000.0,
        "Net Income Including Noncontrolling Interests": 13300000.0,
        "Net Income Discontinuous Operations": 0.0,
        "Net Income Continuous Operations": 13300000.0,
        "Tax Provision": 100000.0,
        "Pretax Income": 13400000.0,
        "Other Income Expense": 1400000.0,
        "Other Non Operating Income Expenses": NaN,
        "Special Income Charges": -500000.0,
        "Gain On Sale Of Ppe": NaN,
        "Impairment Of Capital Assets": 500000.0,
        "Gain On Sale Of Security": 1900000.0,
        "Net Non Operating Interest Income Expense": NaN,
        "Interest Expense Non Operating": NaN,
        "Operating Income": 12000000.0,
        "Operating Expense": 84600000.0,
        "Depreciation Amortization Depletion Income Statement": 3100000.0,
        "Depreciation And Amortization In Income Statement": 3100000.0,
        "Amortization": 3100000.0,
        "Amortization Of Intangibles Income Statement": 3100000.0,
        "Depreciation Income Statement": NaN,
        "Research And Development": 25600000.0,
        "Selling General And Administration": 55900000.0,
        "Selling And Marketing Expense": 24400000.0,
        "General And Administrative Expense": 31500000.0,
        "Other Gand A": 31500000.0,
        "Gross Profit": 96600000.0,
        "Cost Of Revenue": 33000000.0,
        "Total Revenue": 129600000.0,
        "Operating Revenue": 129600000.0
    }
}