{
    "2023-03-31": {
        "Tax Effect Of Unusual Items": NaN,
        "Tax Rate For Calcs": NaN,
        "Total Unusual Items": NaN,
        "Total Unusual Items Excluding Goodwill": NaN,
        "Net Income From Continuing Operation Net Minority Interest": NaN,
        "Reconciled Depreciation": NaN,
        "Net Interest Income": NaN,
        "Interest Expense": NaN,
        "Interest Income": NaN,
        "Normalized Income": NaN,
        "Net Income From Continuing And Discontinued Operation": NaN,
        "Rent Expense Supplemental": NaN,
        "Diluted Average Shares": 10642171000.0,
        "Basic Average Shares": 10642171000.0,
        "Diluted EPS": 0.48,
        "Basic EPS": 0.48,
        "Diluted NI Availto Com Stockholders": NaN,
        "Net Income Common Stockholders": NaN,
        "Net Income": NaN,
        "Minority Interests": NaN,
        "Net Income Including Noncontrolling Interests": NaN,
        "Net Income Continuous Operations": NaN,
        "Tax Provision": NaN,
        "Pretax Income": NaN,
        "Other Non Operating Income Expenses": NaN,
        "Special Income Charges": NaN,
        "Other Special Charges": NaN,
        "Gain On Sale Of Security": NaN,
        "Depreciation Amortization Depletion Income Statement": NaN,
        "Depreciation And Amortization In Income Statement": NaN,
        "Amortization": NaN,
        "Amortization Of Intangibles Income Statement": NaN,
        "Depreciation Income Statement": NaN,
        "Selling General And Administration": NaN,
        "Selling And Marketing Expense": NaN,
        "General And Administrative Expense": NaN,
        "Other Gand A": NaN,
        "Insurance And Claims": NaN,
        "Rent And Landing Fees": NaN,
        "Salaries And Wages": NaN,
        "Total Revenue": NaN,
        "Operating Revenue": NaN,
        "Professional Expense And Contract Services Expense": NaN,
        "Other Non Interest Expense": NaN
    },
    "2022-12-31": {
        "Tax Effect Of Unusual Items": 7103960.0,
        "Tax Rate For Calcs": 0.34,
        "Total Unusual Items": 20894000.0,
        "Total Unusual Items Excluding Goodwill": 20894000.0,
        "Net Income From Continuing Operation Net Minority Interest": 785849000.0,
        "Reconciled Depreciation": 1445805000.0,
        "Net Interest Income": 17753899000.0,
        "Interest Expense": 35372979000.0,
        "Interest Income": 53126878000.0,
        "Normalized Income": 772058960.0,
        "Net Income From Continuing And Discontinued Operation": 785849000.0,
        "Rent Expense Supplemental": 39143000.0,
        "Diluted Average Shares": NaN,
        "Basic Average Shares": NaN,
        "Diluted EPS": NaN,
        "Basic EPS": NaN,
        "Diluted NI Availto Com Stockholders": 785849000.0,
        "Net Income Common Stockholders": 785849000.0,
        "Net Income": 785849000.0,
        "Minority Interests": -43564000.0,
        "Net Income Including Noncontrolling Interests": 829413000.0,
        "Net Income Continuous Operations": 829413000.0,
        "Tax Provision": -3372344000.0,
        "Pretax Income": -2542931000.0,
        "Other Non Operating Income Expenses": -1995734000.0,
        "Special Income Charges": 20894000.0,
        "Other Special Charges": -20894000.0,
        "Gain On Sale Of Security": 1102636000.0,
        "Depreciation Amortization Depletion Income Statement": 1445805000.0,
        "Depreciation And Amortization In Income Statement": 1445805000.0,
        "Amortization": 794180000.0,
        "Amortization Of Intangibles Income Statement": 794180000.0,
        "Depreciation Income Statement": 651625000.0,
        "Selling General And Administration": 11242052000.0,
        "Selling And Marketing Expense": 1536013000.0,
        "General And Administrative Expense": 9706039000.0,
        "Other Gand A": 3987673000.0,
        "Insurance And Claims": 186931000.0,
        "Rent And Landing Fees": 39143000.0,
        "Salaries And Wages": 5492292000.0,
        "Total Revenue": 27361974000.0,
        "Operating Revenue": 27361974000.0
    },
    "2022-09-30": {
        "Tax Effect Of Unusual Items": NaN,
        "Tax Rate For Calcs": NaN,
        "Total Unusual Items": NaN,
        "Total Unusual Items Excluding Goodwill": NaN,
        "Net Income From Continuing Operation Net Minority Interest": NaN,
        "Reconciled Depreciation": NaN,
        "Net Interest Income": NaN,
        "Interest Expense": NaN,
        "Interest Income": NaN,
        "Normalized Income": NaN,
        "Net Income From Continuing And Discontinued Operation": NaN,
        "Rent Expense Supplemental": NaN,
        "Diluted Average Shares": 11152856250.0,
        "Basic Average Shares": 11152856250.0,
        "Diluted EPS": 0.48,
        "Basic EPS": 0.48,
        "Diluted NI Availto Com Stockholders": NaN,
        "Net Income Common Stockholders": NaN,
        "Net Income": NaN,
        "Minority Interests": NaN,
        "Net Income Including Noncontrolling Interests": NaN,
        "Net Income Continuous Operations": NaN,
        "Tax Provision": NaN,
        "Pretax Income": NaN,
        "Other Non Operating Income Expenses": NaN,
        "Special Income Charges": NaN,
        "Other Special Charges": NaN,
        "Gain On Sale Of Security": NaN,
        "Depreciation Amortization Depletion Income Statement": NaN,
        "Depreciation And Amortization In Income Statement": NaN,
        "Amortization": NaN,
        "Amortization Of Intangibles Income Statement": NaN,
        "Depreciation Income Statement": NaN,
        "Selling General And Administration": NaN,
        "Selling And Marketing Expense": NaN,
        "General And Administrative Expense": NaN,
        "Other Gand A": NaN,
        "Insurance And Claims": NaN,
        "Rent And Landing Fees": NaN,
        "Salaries And Wages": NaN,
        "Total Revenue": NaN,
        "Operating Revenue": NaN
    },
    "2022-06-30": {
        "Tax Effect Of Unusual Items": 24170404.200919,
        "Tax Rate For Calcs": 0.238254,
        "Total Unusual Items": 101448000.0,
        "Total Unusual Items Excluding Goodwill": 101448000.0,
        "Net Income From Continuing Operation Net Minority Interest": 7138335000.0,
        "Reconciled Depreciation": 1415954000.0,
        "Net Interest Income": 19162753000.0,
        "Interest Expense": 30687911000.0,
        "Interest Income": 49850664000.0,
        "Normalized Income": 7061057404.200919,
        "Net Income From Continuing And Discontinued Operation": 7138335000.0,
        "Rent Expense Supplemental": 24317000.0,
        "Diluted Average Shares": 11170415385.0,
        "Basic Average Shares": 11170415385.0,
        "Diluted EPS": 0.65,
        "Basic EPS": 0.65,
        "Diluted NI Availto Com Stockholders": 7138335000.0,
        "Net Income Common Stockholders": 7138335000.0,
        "Net Income": 7138335000.0,
        "Minority Interests": -70991000.0,
        "Net Income Including Noncontrolling Interests": 7209326000.0,
        "Net Income Continuous Operations": 7209326000.0,
        "Tax Provision": 2254888000.0,
        "Pretax Income": 9464214000.0,
        "Other Non Operating Income Expenses": -921717000.0,
        "Special Income Charges": 101448000.0,
        "Other Special Charges": -101448000.0,
        "Gain On Sale Of Security": 24672000.0,
        "Depreciation Amortization Depletion Income Statement": 1415954000.0,
        "Depreciation And Amortization In Income Statement": 1415954000.0,
        "Amortization": 775942000.0,
        "Amortization Of Intangibles Income Statement": 775942000.0,
        "Depreciation Income Statement": 640012000.0,
        "Selling General And Administration": 10492736000.0,
        "Selling And Marketing Expense": 1371482000.0,
        "General And Administrative Expense": 9121254000.0,
        "Other Gand A": 3776831000.0,
        "Rent And Landing Fees": 24317000.0,
        "Salaries And Wages": 5320106000.0,
        "Total Revenue": 27385113000.0,
        "Operating Revenue": 27385113000.0
    },
    "2022-03-31": {
        "Diluted EPS": 0.13,
        "Total Revenue": NaN,
        "Gross Profit": NaN,
        "Operating Income": NaN,
        "EBIT": NaN,
        "Net Income": NaN
    },
    "2021-09-30": {
        "Diluted EPS": 0.11,
        "Total Revenue": NaN,
        "Gross Profit": NaN,
        "Operating Income": NaN,
        "EBIT": NaN,
        "Net Income": NaN
    },
    "2021-03-31": {
        "Diluted EPS": 0.1,
        "Total Revenue": NaN,
        "Gross Profit": NaN,
        "Operating Income": NaN,
        "EBIT": NaN,
        "Net Income": NaN
    },
    "2020-09-30": {
        "Diluted EPS": 0.07,
        "Total Revenue": NaN,
        "Gross Profit": NaN,
        "Operating Income": 967,
        "EBIT": NaN,
        "Net Income": 781
    },
    "2020-03-31": {
        "Diluted EPS": 0.08,
        "Total Revenue": NaN,
        "Gross Profit": NaN,
        "Operating Income": NaN,
        "EBIT": NaN,
        "Net Income": 764
    },
    "2019-03-31": {
        "Diluted EPS": 0.14,
        "Total Revenue": NaN,
        "Gross Profit": NaN,
        "Operating Income": NaN,
        "EBIT": NaN,
        "Net Income": NaN
    },
    "2018-03-31": {
        "Diluted EPS": 0.13,
        "Total Revenue": NaN,
        "Gross Profit": NaN,
        "Operating Income": NaN,
        "EBIT": NaN,
        "Net Income": NaN
    },
    "2017-03-31": {
        "Diluted EPS": 0.13,
        "Total Revenue": NaN,
        "Gross Profit": NaN,
        "Operating Income": NaN,
        "EBIT": NaN,
        "Net Income": NaN
    },
    "2016-03-31": {
        "Diluted EPS": 0.11,
        "Total Revenue": NaN,
        "Gross Profit": NaN,
        "Operating Income": NaN,
        "EBIT": NaN,
        "Net Income": NaN
    },
    "2015-06-30": {
        "Diluted EPS": 0.14,
        "Total Revenue": NaN,
        "Gross Profit": NaN,
        "Operating Income": NaN,
        "EBIT": NaN,
        "Net Income": NaN
    },
    "2015-03-31": {
        "Diluted EPS": 0.14,
        "Total Revenue": NaN,
        "Gross Profit": NaN,
        "Operating Income": 496,
        "EBIT": NaN,
        "Net Income": NaN
    },
    "2014-12-31": {
        "Diluted EPS": 0.27,
        "Total Revenue": NaN,
        "Gross Profit": NaN,
        "Operating Income": NaN,
        "EBIT": NaN,
        "Net Income": NaN
    },
    "2014-09-30": {
        "Diluted EPS": 0.17,
        "Total Revenue": NaN,
        "Gross Profit": NaN,
        "Operating Income": NaN,
        "EBIT": NaN,
        "Net Income": NaN
    },
    "2014-06-30": {
        "Diluted EPS": 0.16,
        "Total Revenue": NaN,
        "Gross Profit": NaN,
        "Operating Income": NaN,
        "EBIT": NaN,
        "Net Income": NaN
    },
    "2014-03-31": {
        "Diluted EPS": 0.14,
        "Total Revenue": NaN,
        "Gross Profit": NaN,
        "Operating Income": NaN,
        "EBIT": NaN,
        "Net Income": NaN
    },
    "2013-12-31": {
        "Diluted EPS": 0.13,
        "Total Revenue": NaN,
        "Gross Profit": NaN,
        "Operating Income": 755,
        "EBIT": NaN,
        "Net Income": NaN
    },
    "2013-09-30": {
        "Diluted EPS": 0.13,
        "Total Revenue": NaN,
        "Gross Profit": NaN,
        "Operating Income": NaN,
        "EBIT": NaN,
        "Net Income": NaN
    },
    "2013-06-30": {
        "Diluted EPS": 0.14,
        "Total Revenue": NaN,
        "Gross Profit": NaN,
        "Operating Income": NaN,
        "EBIT": NaN,
        "Net Income": NaN
    },
    "2013-03-31": {
        "Diluted EPS": 0.14,
        "Total Revenue": NaN,
        "Gross Profit": NaN,
        "Operating Income": NaN,
        "EBIT": NaN,
        "Net Income": NaN
    },
    "2012-12-31": {
        "Diluted EPS": 0.13,
        "Total Revenue": NaN,
        "Gross Profit": NaN,
        "Operating Income": NaN,
        "EBIT": NaN,
        "Net Income": NaN
    },
    "2012-09-30": {
        "Diluted EPS": 0.13,
        "Total Revenue": NaN,
        "Gross Profit": -207,
        "Operating Income": NaN,
        "EBIT": NaN,
        "Net Income": NaN
    },
    "2012-06-30": {
        "Diluted EPS": 0.13,
        "Total Revenue": NaN,
        "Gross Profit": NaN,
        "Operating Income": NaN,
        "EBIT": NaN,
        "Net Income": NaN
    },
    "2012-03-31": {
        "Diluted EPS": 0.14,
        "Total Revenue": NaN,
        "Gross Profit": -546,
        "Operating Income": NaN,
        "EBIT": NaN,
        "Net Income": NaN
    },
    "2011-12-31": {
        "Diluted EPS": 0.14,
        "Total Revenue": NaN,
        "Gross Profit": -515,
        "Operating Income": NaN,
        "EBIT": NaN,
        "Net Income": NaN
    },
    "2011-09-30": {
        "Diluted EPS": 0.15,
        "Total Revenue": NaN,
        "Gross Profit": NaN,
        "Operating Income": NaN,
        "EBIT": NaN,
        "Net Income": NaN
    },
    "2011-06-30": {
        "Diluted EPS": 0.17,
        "Total Revenue": NaN,
        "Gross Profit": 208,
        "Operating Income": NaN,
        "EBIT": NaN,
        "Net Income": NaN
    },
    "2011-03-31": {
        "Diluted EPS": 0.16,
        "Total Revenue": NaN,
        "Gross Profit": NaN,
        "Operating Income": NaN,
        "EBIT": NaN,
        "Net Income": NaN
    },
    "2010-12-31": {
        "Diluted EPS": 0.15,
        "Total Revenue": NaN,
        "Gross Profit": NaN,
        "Operating Income": NaN,
        "EBIT": NaN,
        "Net Income": NaN
    },
    "2010-09-30": {
        "Diluted EPS": 0.14,
        "Total Revenue": NaN,
        "Gross Profit": NaN,
        "Operating Income": NaN,
        "EBIT": NaN,
        "Net Income": NaN
    },
    "2010-06-30": {
        "Diluted EPS": 0.13,
        "Total Revenue": NaN,
        "Gross Profit": NaN,
        "Operating Income": NaN,
        "EBIT": NaN,
        "Net Income": NaN
    },
    "2010-03-31": {
        "Diluted EPS": 0.11,
        "Total Revenue": NaN,
        "Gross Profit": -86,
        "Operating Income": NaN,
        "EBIT": NaN,
        "Net Income": NaN
    },
    "2009-12-31": {
        "Diluted EPS": 0.11,
        "Total Revenue": NaN,
        "Gross Profit": NaN,
        "Operating Income": NaN,
        "EBIT": NaN,
        "Net Income": NaN
    },
    "2009-09-30": {
        "Diluted EPS": 0.1,
        "Total Revenue": NaN,
        "Gross Profit": 530,
        "Operating Income": NaN,
        "EBIT": NaN,
        "Net Income": NaN
    },
    "2009-06-30": {
        "Diluted EPS": 0.12,
        "Total Revenue": NaN,
        "Gross Profit": NaN,
        "Operating Income": NaN,
        "EBIT": NaN,
        "Net Income": NaN
    },
    "2009-03-31": {
        "Diluted EPS": 0.07,
        "Total Revenue": NaN,
        "Gross Profit": NaN,
        "Operating Income": NaN,
        "EBIT": NaN,
        "Net Income": 748
    },
    "2023-06-30": {
        "Tax Effect Of Unusual Items": NaN,
        "Tax Rate For Calcs": NaN,
        "Total Unusual Items": NaN,
        "Total Unusual Items Excluding Goodwill": NaN,
        "Net Income From Continuing Operation Net Minority Interest": NaN,
        "Reconciled Depreciation": NaN,
        "Net Interest Income": NaN,
        "Interest Expense": NaN,
        "Interest Income": NaN,
        "Normalized Income": NaN,
        "Net Income From Continuing And Discontinued Operation": NaN,
        "Rent Expense Supplemental": NaN,
        "Diluted Average Shares": 11156730556.0,
        "Basic Average Shares": 11156730556.0,
        "Diluted EPS": 0.36,
        "Basic EPS": 0.36,
        "Diluted NI Availto Com Stockholders": NaN,
        "Net Income Common Stockholders": NaN,
        "Net Income": NaN,
        "Minority Interests": NaN,
        "Net Income Including Noncontrolling Interests": NaN,
        "Net Income Continuous Operations": NaN,
        "Tax Provision": NaN,
        "Pretax Income": NaN,
        "Other Non Operating Income Expenses": NaN,
        "Special Income Charges": NaN,
        "Other Special Charges": NaN,
        "Gain On Sale Of Security": NaN,
        "Depreciation Amortization Depletion Income Statement": NaN,
        "Depreciation And Amortization In Income Statement": NaN,
        "Amortization": NaN,
        "Amortization Of Intangibles Income Statement": NaN,
        "Depreciation Income Statement": NaN,
        "Selling General And Administration": NaN,
        "Selling And Marketing Expense": NaN,
        "General And Administrative Expense": NaN,
        "Other Gand A": NaN,
        "Insurance And Claims": NaN,
        "Rent And Landing Fees": NaN,
        "Salaries And Wages": NaN,
        "Total Revenue": NaN,
        "Operating Revenue": NaN,
        "Professional Expense And Contract Services Expense": NaN,
        "Other Non Interest Expense": NaN
    },
    "2023-09-30": {
        "Tax Effect Of Unusual Items": NaN,
        "Tax Rate For Calcs": NaN,
        "Total Unusual Items": NaN,
        "Total Unusual Items Excluding Goodwill": NaN,
        "Net Income From Continuing Operation Net Minority Interest": NaN,
        "Reconciled Depreciation": NaN,
        "Net Interest Income": NaN,
        "Interest Expense": NaN,
        "Interest Income": NaN,
        "Normalized Income": NaN,
        "Net Income From Continuing And Discontinued Operation": NaN,
        "Rent Expense Supplemental": NaN,
        "Diluted Average Shares": 11333250000.0,
        "Basic Average Shares": 11333250000.0,
        "Diluted EPS": 0.3,
        "Basic EPS": 0.3,
        "Diluted NI Availto Com Stockholders": NaN,
        "Net Income Common Stockholders": NaN,
        "Net Income": NaN,
        "Minority Interests": NaN,
        "Net Income Including Noncontrolling Interests": NaN,
        "Net Income Continuous Operations": NaN,
        "Tax Provision": NaN,
        "Pretax Income": NaN,
        "Other Non Operating Income Expenses": NaN,
        "Special Income Charges": NaN,
        "Other Special Charges": NaN,
        "Gain On Sale Of Security": NaN,
        "Depreciation Amortization Depletion Income Statement": NaN,
        "Depreciation And Amortization In Income Statement": NaN,
        "Amortization": NaN,
        "Amortization Of Intangibles Income Statement": NaN,
        "Depreciation Income Statement": NaN,
        "Selling General And Administration": NaN,
        "Selling And Marketing Expense": NaN,
        "General And Administrative Expense": NaN,
        "Other Gand A": NaN,
        "Insurance And Claims": NaN,
        "Rent And Landing Fees": NaN,
        "Salaries And Wages": NaN,
        "Total Revenue": NaN,
        "Operating Revenue": NaN,
        "Professional Expense And Contract Services Expense": NaN,
        "Other Non Interest Expense": NaN
    },
    "2023-12-31": {
        "Tax Effect Of Unusual Items": NaN,
        "Tax Rate For Calcs": NaN,
        "Total Unusual Items": NaN,
        "Total Unusual Items Excluding Goodwill": NaN,
        "Net Income From Continuing Operation Net Minority Interest": NaN,
        "Reconciled Depreciation": NaN,
        "Net Interest Income": NaN,
        "Interest Expense": NaN,
        "Interest Income": NaN,
        "Normalized Income": NaN,
        "Net Income From Continuing And Discontinued Operation": NaN,
        "Rent Expense Supplemental": NaN,
        "Diluted Average Shares": NaN,
        "Basic Average Shares": NaN,
        "Diluted EPS": NaN,
        "Basic EPS": NaN,
        "Diluted NI Availto Com Stockholders": NaN,
        "Net Income Common Stockholders": NaN,
        "Net Income": NaN,
        "Minority Interests": NaN,
        "Net Income Including Noncontrolling Interests": NaN,
        "Net Income Continuous Operations": NaN,
        "Tax Provision": NaN,
        "Pretax Income": NaN,
        "Other Non Operating Income Expenses": NaN,
        "Special Income Charges": NaN,
        "Other Special Charges": NaN,
        "Gain On Sale Of Security": NaN,
        "Depreciation Amortization Depletion Income Statement": NaN,
        "Depreciation And Amortization In Income Statement": NaN,
        "Amortization": NaN,
        "Amortization Of Intangibles Income Statement": NaN,
        "Depreciation Income Statement": NaN,
        "Selling General And Administration": NaN,
        "Selling And Marketing Expense": NaN,
        "General And Administrative Expense": NaN,
        "Other Gand A": NaN,
        "Insurance And Claims": NaN,
        "Rent And Landing Fees": NaN,
        "Salaries And Wages": NaN,
        "Total Revenue": NaN,
        "Operating Revenue": NaN,
        "Professional Expense And Contract Services Expense": 2522249000.0,
        "Other Non Interest Expense": NaN
    },
    "2024-03-31": {
        "Tax Effect Of Unusual Items": -32004209.882468,
        "Tax Rate For Calcs": 0.022718,
        "Total Unusual Items": -1408788000.0,
        "Total Unusual Items Excluding Goodwill": -1408788000.0,
        "Net Income From Continuing Operation Net Minority Interest": 4120943000.0,
        "Reconciled Depreciation": 1657115000.0,
        "Net Interest Income": 18050472000.0,
        "Interest Expense": 35877711000.0,
        "Interest Income": 53928183000.0,
        "Normalized Income": 5497726790.117532,
        "Net Income From Continuing And Discontinued Operation": 4120943000.0,
        "Rent Expense Supplemental": 16235000.0,
        "Diluted Average Shares": 10629320000.0,
        "Basic Average Shares": 10629320000.0,
        "Diluted EPS": 0.37,
        "Basic EPS": 0.37,
        "Diluted NI Availto Com Stockholders": 4120943000.0,
        "Net Income Common Stockholders": 4120943000.0,
        "Net Income": 4120943000.0,
        "Minority Interests": -81825000.0,
        "Net Income Including Noncontrolling Interests": 4202768000.0,
        "Net Income Continuous Operations": 4202768000.0,
        "Tax Provision": 97696000.0,
        "Pretax Income": 4300464000.0,
        "Other Non Operating Income Expenses": 799603000.0,
        "Special Income Charges": -1408788000.0,
        "Other Special Charges": 1408788000.0,
        "Gain On Sale Of Security": -1452475000.0,
        "Depreciation Amortization Depletion Income Statement": 1519257000.0,
        "Depreciation And Amortization In Income Statement": 1519257000.0,
        "Amortization": 894848000.0,
        "Amortization Of Intangibles Income Statement": 894848000.0,
        "Depreciation Income Statement": 624409000.0,
        "Selling General And Administration": 10243620000.0,
        "Selling And Marketing Expense": 1286610000.0,
        "General And Administrative Expense": 8957010000.0,
        "Other Gand A": 3464931000.0,
        "Insurance And Claims": 200958000.0,
        "Rent And Landing Fees": 16235000.0,
        "Salaries And Wages": 5274886000.0,
        "Total Revenue": 24731394000.0,
        "Operating Revenue": 24731394000.0,
        "Professional Expense And Contract Services Expense": 1416195000.0,
        "Other Non Interest Expense": 1705384000.0
    },
    "2024-06-30": {
        "Tax Effect Of Unusual Items": -425406300.0,
        "Tax Rate For Calcs": 0.34,
        "Total Unusual Items": -1251195000.0,
        "Total Unusual Items Excluding Goodwill": -1251195000.0,
        "Net Income From Continuing Operation Net Minority Interest": 4116153000.0,
        "Reconciled Depreciation": 1631075000.0,
        "Net Interest Income": 17086078000.0,
        "Interest Expense": 34558506000.0,
        "Interest Income": 51644584000.0,
        "Normalized Income": 4941941700.0,
        "Net Income From Continuing And Discontinued Operation": 4116153000.0,
        "Rent Expense Supplemental": 22461000.0,
        "Diluted Average Shares": 11124737838.0,
        "Basic Average Shares": 11124737838.0,
        "Diluted EPS": 0.37,
        "Basic EPS": 0.37,
        "Diluted NI Availto Com Stockholders": 4116153000.0,
        "Net Income Common Stockholders": 4116153000.0,
        "Net Income": 4116153000.0,
        "Minority Interests": -69254000.0,
        "Net Income Including Noncontrolling Interests": 4185407000.0,
        "Net Income Continuous Operations": 4185407000.0,
        "Tax Provision": -456597000.0,
        "Pretax Income": 3728810000.0,
        "Other Non Operating Income Expenses": -364262000.0,
        "Special Income Charges": -1251195000.0,
        "Other Special Charges": 1251195000.0,
        "Gain On Sale Of Security": -1189403000.0,
        "Depreciation Amortization Depletion Income Statement": 1548852000.0,
        "Depreciation And Amortization In Income Statement": 1548852000.0,
        "Amortization": 901329000.0,
        "Amortization Of Intangibles Income Statement": 901329000.0,
        "Depreciation Income Statement": 647523000.0,
        "Selling General And Administration": 10396708000.0,
        "Selling And Marketing Expense": 1314228000.0,
        "General And Administrative Expense": 9082480000.0,
        "Other Gand A": 3497184000.0,
        "Insurance And Claims": 203144000.0,
        "Rent And Landing Fees": 22461000.0,
        "Salaries And Wages": 5359691000.0,
        "Total Revenue": 25692727000.0,
        "Operating Revenue": 25692727000.0,
        "Professional Expense And Contract Services Expense": 1274796000.0,
        "Other Non Interest Expense": 1052875000.0
    },
    "2024-09-30": {
        "Tax Effect Of Unusual Items": -185287587.116073,
        "Tax Rate For Calcs": 0.113164,
        "Total Unusual Items": -1637340000.0,
        "Total Unusual Items Excluding Goodwill": -1637340000.0,
        "Net Income From Continuing Operation Net Minority Interest": 4869616000.0,
        "Reconciled Depreciation": 1689927000.0,
        "Net Interest Income": 13625941000.0,
        "Interest Expense": 37292629000.0,
        "Interest Income": 50918570000.0,
        "Normalized Income": 6321668412.883927,
        "Net Income From Continuing And Discontinued Operation": 4869616000.0,
        "Rent Expense Supplemental": 22686000.0,
        "Diluted Average Shares": 11067309091.0,
        "Basic Average Shares": 11067309091.0,
        "Diluted EPS": 0.44,
        "Basic EPS": 0.44,
        "Diluted NI Availto Com Stockholders": 4869616000.0,
        "Net Income Common Stockholders": 4869616000.0,
        "Net Income": 4869616000.0,
        "Minority Interests": -75467000.0,
        "Net Income Including Noncontrolling Interests": 4945083000.0,
        "Net Income Continuous Operations": 4945083000.0,
        "Tax Provision": 631012000.0,
        "Pretax Income": 5576095000.0,
        "Other Non Operating Income Expenses": 154443000.0,
        "Special Income Charges": -1637340000.0,
        "Other Special Charges": 1637340000.0,
        "Gain On Sale Of Security": 891844000.0,
        "Depreciation Amortization Depletion Income Statement": 1609400000.0,
        "Depreciation And Amortization In Income Statement": 1609400000.0,
        "Amortization": 938892000.0,
        "Amortization Of Intangibles Income Statement": 938892000.0,
        "Depreciation Income Statement": 670508000.0,
        "Selling General And Administration": 10722946000.0,
        "Selling And Marketing Expense": 1272895000.0,
        "General And Administrative Expense": 9450051000.0,
        "Other Gand A": 3598562000.0,
        "Insurance And Claims": 202866000.0,
        "Rent And Landing Fees": 22686000.0,
        "Salaries And Wages": 5625937000.0,
        "Total Revenue": 24913149000.0,
        "Operating Revenue": 24913149000.0,
        "Professional Expense And Contract Services Expense": 1710196000.0,
        "Other Non Interest Expense": 2823440000.0
    },
    "2024-12-31": {
        "Tax Effect Of Unusual Items": -497998000.0,
        "Tax Rate For Calcs": 0.34,
        "Total Unusual Items": -1464700000.0,
        "Total Unusual Items Excluding Goodwill": -1464700000.0,
        "Net Income From Continuing Operation Net Minority Interest": 4146188000.0,
        "Reconciled Depreciation": 1756363000.0,
        "Net Interest Income": 18692073000.0,
        "Interest Expense": 36550307000.0,
        "Interest Income": 55242380000.0,
        "Normalized Income": 5112890000.0,
        "Net Income From Continuing And Discontinued Operation": 4146188000.0,
        "Rent Expense Supplemental": 76787000.0,
        "Diluted Average Shares": NaN,
        "Basic Average Shares": NaN,
        "Diluted EPS": NaN,
        "Basic EPS": NaN,
        "Diluted NI Availto Com Stockholders": -4891045000.0,
        "Net Income Common Stockholders": -4891045000.0,
        "Net Income": 4146188000.0,
        "Minority Interests": -62707000.0,
        "Net Income Including Noncontrolling Interests": 4208895000.0,
        "Net Income Continuous Operations": 4208895000.0,
        "Tax Provision": -913750000.0,
        "Pretax Income": 3295145000.0,
        "Other Non Operating Income Expenses": -1805395000.0,
        "Special Income Charges": -1464700000.0,
        "Other Special Charges": 1464700000.0,
        "Gain On Sale Of Security": -649018000.0,
        "Depreciation Amortization Depletion Income Statement": 1693587000.0,
        "Depreciation And Amortization In Income Statement": 1693587000.0,
        "Amortization": 1070951000.0,
        "Amortization Of Intangibles Income Statement": 1070951000.0,
        "Depreciation Income Statement": 622636000.0,
        "Selling General And Administration": 11737504000.0,
        "Selling And Marketing Expense": 1545651000.0,
        "General And Administrative Expense": 10191853000.0,
        "Other Gand A": 3892677000.0,
        "Insurance And Claims": 205593000.0,
        "Rent And Landing Fees": 76787000.0,
        "Salaries And Wages": 6016796000.0,
        "Total Revenue": 29701491000.0,
        "Operating Revenue": 29701491000.0,
        "Professional Expense And Contract Services Expense": 1552784000.0,
        "Other Non Interest Expense": 1001848000.0
    },
    "2025-03-31": {
        "Tax Effect Of Unusual Items": -83216966.049681,
        "Tax Rate For Calcs": 0.063873,
        "Total Unusual Items": -1302853000.0,
        "Total Unusual Items Excluding Goodwill": -1302853000.0,
        "Net Income From Continuing Operation Net Minority Interest": 5604829000.0,
        "Reconciled Depreciation": 1670985000.0,
        "Net Interest Income": 22345460000.0,
        "Interest Expense": 40083757000.0,
        "Interest Income": 62429217000.0,
        "Normalized Income": 6824465033.950319,
        "Net Income From Continuing And Discontinued Operation": 5604829000.0,
        "Rent Expense Supplemental": 24931000.0,
        "Diluted Average Shares": 10584506000.0,
        "Basic Average Shares": 10584506000.0,
        "Diluted EPS": 0.5,
        "Basic EPS": 0.5,
        "Diluted NI Availto Com Stockholders": 5604829000.0,
        "Net Income Common Stockholders": 5604829000.0,
        "Net Income": 5604829000.0,
        "Minority Interests": -70833000.0,
        "Net Income Including Noncontrolling Interests": 5675662000.0,
        "Net Income Continuous Operations": 5675662000.0,
        "Tax Provision": 387256000.0,
        "Pretax Income": 6062918000.0,
        "Other Non Operating Income Expenses": -912561000.0,
        "Special Income Charges": -1302853000.0,
        "Other Special Charges": 1302853000.0,
        "Gain On Sale Of Security": -852808000.0,
        "Depreciation Amortization Depletion Income Statement": 1670985000.0,
        "Depreciation And Amortization In Income Statement": 1670985000.0,
        "Amortization": 1132254000.0,
        "Amortization Of Intangibles Income Statement": 1132254000.0,
        "Depreciation Income Statement": 538731000.0,
        "Selling General And Administration": 11071773000.0,
        "Selling And Marketing Expense": 1328456000.0,
        "General And Administrative Expense": 9743317000.0,
        "Other Gand A": 3641538000.0,
        "Insurance And Claims": 205340000.0,
        "Rent And Landing Fees": 24931000.0,
        "Salaries And Wages": 5871508000.0,
        "Total Revenue": 30161798000.0,
        "Operating Revenue": 30161798000.0,
        "Professional Expense And Contract Services Expense": NaN,
        "Other Non Interest Expense": 2073779000.0
    }
}