{
    "2023-03-31": {
        "Tax Effect Of Unusual Items": NaN,
        "Tax Rate For Calcs": NaN,
        "Total Unusual Items": NaN,
        "Total Unusual Items Excluding Goodwill": NaN,
        "Net Income From Continuing Operation Net Minority Interest": NaN,
        "Reconciled Depreciation": NaN,
        "Net Interest Income": NaN,
        "Interest Expense": NaN,
        "Interest Income": NaN,
        "Normalized Income": NaN,
        "Net Income From Continuing And Discontinued Operation": NaN,
        "Rent Expense Supplemental": NaN,
        "Diluted Average Shares": 10642171000.0,
        "Basic Average Shares": 10642171000.0,
        "Diluted EPS": 0.48,
        "Basic EPS": 0.48,
        "Diluted NI Availto Com Stockholders": NaN,
        "Net Income Common Stockholders": NaN,
        "Net Income": NaN,
        "Minority Interests": NaN,
        "Net Income Including Noncontrolling Interests": NaN,
        "Net Income Continuous Operations": NaN,
        "Tax Provision": NaN,
        "Pretax Income": NaN,
        "Other Non Operating Income Expenses": NaN,
        "Special Income Charges": NaN,
        "Other Special Charges": NaN,
        "Gain On Sale Of Security": NaN,
        "Depreciation Amortization Depletion Income Statement": NaN,
        "Depreciation And Amortization In Income Statement": NaN,
        "Amortization": NaN,
        "Amortization Of Intangibles Income Statement": NaN,
        "Depreciation Income Statement": NaN,
        "Selling General And Administration": NaN,
        "Selling And Marketing Expense": NaN,
        "General And Administrative Expense": NaN,
        "Other Gand A": NaN,
        "Insurance And Claims": NaN,
        "Rent And Landing Fees": NaN,
        "Salaries And Wages": NaN,
        "Total Revenue": NaN,
        "Operating Revenue": NaN,
        "Professional Expense And Contract Services Expense": NaN,
        "Other Non Interest Expense": NaN
    },
    "2022-12-31": {
        "Tax Effect Of Unusual Items": 7103960.0,
        "Tax Rate For Calcs": 0.34,
        "Total Unusual Items": 20894000.0,
        "Total Unusual Items Excluding Goodwill": 20894000.0,
        "Net Income From Continuing Operation Net Minority Interest": 785849000.0,
        "Reconciled Depreciation": 1445805000.0,
        "Net Interest Income": 17753899000.0,
        "Interest Expense": 35372979000.0,
        "Interest Income": 53126878000.0,
        "Normalized Income": 772058960.0,
        "Net Income From Continuing And Discontinued Operation": 785849000.0,
        "Rent Expense Supplemental": 39143000.0,
        "Diluted Average Shares": NaN,
        "Basic Average Shares": NaN,
        "Diluted EPS": NaN,
        "Basic EPS": NaN,
        "Diluted NI Availto Com Stockholders": 785849000.0,
        "Net Income Common Stockholders": 785849000.0,
        "Net Income": 785849000.0,
        "Minority Interests": -43564000.0,
        "Net Income Including Noncontrolling Interests": 829413000.0,
        "Net Income Continuous Operations": 829413000.0,
        "Tax Provision": -3372344000.0,
        "Pretax Income": -2542931000.0,
        "Other Non Operating Income Expenses": -1995734000.0,
        "Special Income Charges": 20894000.0,
        "Other Special Charges": -20894000.0,
        "Gain On Sale Of Security": 1102636000.0,
        "Depreciation Amortization Depletion Income Statement": 1445805000.0,
        "Depreciation And Amortization In Income Statement": 1445805000.0,
        "Amortization": 794180000.0,
        "Amortization Of Intangibles Income Statement": 794180000.0,
        "Depreciation Income Statement": 651625000.0,
        "Selling General And Administration": 11242052000.0,
        "Selling And Marketing Expense": 1536013000.0,
        "General And Administrative Expense": 9706039000.0,
        "Other Gand A": 3987673000.0,
        "Insurance And Claims": 186931000.0,
        "Rent And Landing Fees": 39143000.0,
        "Salaries And Wages": 5492292000.0,
        "Total Revenue": 27361974000.0,
        "Operating Revenue": 27361974000.0
    },
    "2022-09-30": {
        "Tax Effect Of Unusual Items": NaN,
        "Tax Rate For Calcs": NaN,
        "Total Unusual Items": NaN,
        "Total Unusual Items Excluding Goodwill": NaN,
        "Net Income From Continuing Operation Net Minority Interest": NaN,
        "Reconciled Depreciation": NaN,
        "Net Interest Income": NaN,
        "Interest Expense": NaN,
        "Interest Income": NaN,
        "Normalized Income": NaN,
        "Net Income From Continuing And Discontinued Operation": NaN,
        "Rent Expense Supplemental": NaN,
        "Diluted Average Shares": 11152856250.0,
        "Basic Average Shares": 11152856250.0,
        "Diluted EPS": 0.48,
        "Basic EPS": 0.48,
        "Diluted NI Availto Com Stockholders": NaN,
        "Net Income Common Stockholders": NaN,
        "Net Income": NaN,
        "Minority Interests": NaN,
        "Net Income Including Noncontrolling Interests": NaN,
        "Net Income Continuous Operations": NaN,
        "Tax Provision": NaN,
        "Pretax Income": NaN,
        "Other Non Operating Income Expenses": NaN,
        "Special Income Charges": NaN,
        "Other Special Charges": NaN,
        "Gain On Sale Of Security": NaN,
        "Depreciation Amortization Depletion Income Statement": NaN,
        "Depreciation And Amortization In Income Statement": NaN,
        "Amortization": NaN,
        "Amortization Of Intangibles Income Statement": NaN,
        "Depreciation Income Statement": NaN,
        "Selling General And Administration": NaN,
        "Selling And Marketing Expense": NaN,
        "General And Administrative Expense": NaN,
        "Other Gand A": NaN,
        "Insurance And Claims": NaN,
        "Rent And Landing Fees": NaN,
        "Salaries And Wages": NaN,
        "Total Revenue": NaN,
        "Operating Revenue": NaN
    },
    "2022-06-30": {
        "Tax Effect Of Unusual Items": 24170404.200919,
        "Tax Rate For Calcs": 0.238254,
        "Total Unusual Items": 101448000.0,
        "Total Unusual Items Excluding Goodwill": 101448000.0,
        "Net Income From Continuing Operation Net Minority Interest": 7138335000.0,
        "Reconciled Depreciation": 1415954000.0,
        "Net Interest Income": 19162753000.0,
        "Interest Expense": 30687911000.0,
        "Interest Income": 49850664000.0,
        "Normalized Income": 7061057404.200919,
        "Net Income From Continuing And Discontinued Operation": 7138335000.0,
        "Rent Expense Supplemental": 24317000.0,
        "Diluted Average Shares": 11170415385.0,
        "Basic Average Shares": 11170415385.0,
        "Diluted EPS": 0.65,
        "Basic EPS": 0.65,
        "Diluted NI Availto Com Stockholders": 7138335000.0,
        "Net Income Common Stockholders": 7138335000.0,
        "Net Income": 7138335000.0,
        "Minority Interests": -70991000.0,
        "Net Income Including Noncontrolling Interests": 7209326000.0,
        "Net Income Continuous Operations": 7209326000.0,
        "Tax Provision": 2254888000.0,
        "Pretax Income": 9464214000.0,
        "Other Non Operating Income Expenses": -921717000.0,
        "Special Income Charges": 101448000.0,
        "Other Special Charges": -101448000.0,
        "Gain On Sale Of Security": 24672000.0,
        "Depreciation Amortization Depletion Income Statement": 1415954000.0,
        "Depreciation And Amortization In Income Statement": 1415954000.0,
        "Amortization": 775942000.0,
        "Amortization Of Intangibles Income Statement": 775942000.0,
        "Depreciation Income Statement": 640012000.0,
        "Selling General And Administration": 10492736000.0,
        "Selling And Marketing Expense": 1371482000.0,
        "General And Administrative Expense": 9121254000.0,
        "Other Gand A": 3776831000.0,
        "Rent And Landing Fees": 24317000.0,
        "Salaries And Wages": 5320106000.0,
        "Total Revenue": 27385113000.0,
        "Operating Revenue": 27385113000.0
    },
    "2022-03-31": {
        "Diluted EPS": 0.13,
        "Total Revenue": NaN,
        "Gross Profit": NaN,
        "Operating Income": NaN,
        "EBIT": NaN,
        "Net Income": NaN
    },
    "2021-09-30": {
        "Diluted EPS": 0.11,
        "Total Revenue": NaN,
        "Gross Profit": NaN,
        "Operating Income": NaN,
        "EBIT": NaN,
        "Net Income": NaN
    },
    "2021-03-31": {
        "Diluted EPS": 0.1,
        "Total Revenue": NaN,
        "Gross Profit": NaN,
        "Operating Income": NaN,
        "EBIT": NaN,
        "Net Income": NaN
    },
    "2020-09-30": {
        "Diluted EPS": 0.07,
        "Total Revenue": NaN,
        "Gross Profit": NaN,
        "Operating Income": 967,
        "EBIT": NaN,
        "Net Income": 781
    },
    "2020-03-31": {
        "Diluted EPS": 0.08,
        "Total Revenue": NaN,
        "Gross Profit": NaN,
        "Operating Income": NaN,
        "EBIT": NaN,
        "Net Income": 764
    },
    "2019-03-31": {
        "Diluted EPS": 0.14,
        "Total Revenue": NaN,
        "Gross Profit": NaN,
        "Operating Income": NaN,
        "EBIT": NaN,
        "Net Income": NaN
    },
    "2018-09-30": {
        "Diluted EPS": 0.0,
        "Total Revenue": NaN,
        "Gross Profit": NaN,
        "Operating Income": NaN,
        "Net Income": NaN
    },
    "2018-03-31": {
        "Diluted EPS": 0.13,
        "Total Revenue": NaN,
        "Gross Profit": NaN,
        "Operating Income": NaN,
        "EBIT": NaN,
        "Net Income": NaN
    },
    "2017-03-31": {
        "Diluted EPS": 0.13,
        "Total Revenue": NaN,
        "Gross Profit": NaN,
        "Operating Income": NaN,
        "EBIT": NaN,
        "Net Income": NaN
    },
    "2016-03-31": {
        "Diluted EPS": 0.11,
        "Total Revenue": NaN,
        "Gross Profit": NaN,
        "Operating Income": NaN,
        "EBIT": NaN,
        "Net Income": NaN
    },
    "2015-06-30": {
        "Diluted EPS": 0.14,
        "Total Revenue": NaN,
        "Gross Profit": NaN,
        "Operating Income": NaN,
        "EBIT": NaN,
        "Net Income": NaN
    },
    "2015-03-31": {
        "Diluted EPS": 0.14,
        "Total Revenue": NaN,
        "Gross Profit": NaN,
        "Operating Income": 496,
        "EBIT": NaN,
        "Net Income": NaN
    },
    "2014-12-31": {
        "Diluted EPS": 0.27,
        "Total Revenue": NaN,
        "Gross Profit": NaN,
        "Operating Income": NaN,
        "EBIT": NaN,
        "Net Income": NaN
    },
    "2014-09-30": {
        "Diluted EPS": 0.17,
        "Total Revenue": NaN,
        "Gross Profit": NaN,
        "Operating Income": NaN,
        "EBIT": NaN,
        "Net Income": NaN
    },
    "2014-06-30": {
        "Diluted EPS": 0.16,
        "Total Revenue": NaN,
        "Gross Profit": NaN,
        "Operating Income": NaN,
        "EBIT": NaN,
        "Net Income": NaN
    },
    "2014-03-31": {
        "Diluted EPS": 0.14,
        "Total Revenue": NaN,
        "Gross Profit": NaN,
        "Operating Income": NaN,
        "EBIT": NaN,
        "Net Income": NaN
    },
    "2013-12-31": {
        "Diluted EPS": 0.13,
        "Total Revenue": NaN,
        "Gross Profit": NaN,
        "Operating Income": 755,
        "EBIT": NaN,
        "Net Income": NaN
    },
    "2013-09-30": {
        "Diluted EPS": 0.13,
        "Total Revenue": NaN,
        "Gross Profit": NaN,
        "Operating Income": NaN,
        "EBIT": NaN,
        "Net Income": NaN
    },
    "2013-06-30": {
        "Diluted EPS": 0.14,
        "Total Revenue": NaN,
        "Gross Profit": NaN,
        "Operating Income": NaN,
        "EBIT": NaN,
        "Net Income": NaN
    },
    "2013-03-31": {
        "Diluted EPS": 0.14,
        "Total Revenue": NaN,
        "Gross Profit": NaN,
        "Operating Income": NaN,
        "EBIT": NaN,
        "Net Income": NaN
    },
    "2012-12-31": {
        "Diluted EPS": 0.13,
        "Total Revenue": NaN,
        "Gross Profit": NaN,
        "Operating Income": NaN,
        "EBIT": NaN,
        "Net Income": NaN
    },
    "2012-09-30": {
        "Diluted EPS": 0.13,
        "Total Revenue": NaN,
        "Gross Profit": -207,
        "Operating Income": NaN,
        "EBIT": NaN,
        "Net Income": NaN
    },
    "2012-06-30": {
        "Diluted EPS": 0.13,
        "Total Revenue": NaN,
        "Gross Profit": NaN,
        "Operating Income": NaN,
        "EBIT": NaN,
        "Net Income": NaN
    },
    "2012-03-31": {
        "Diluted EPS": 0.14,
        "Total Revenue": NaN,
        "Gross Profit": -546,
        "Operating Income": NaN,
        "EBIT": NaN,
        "Net Income": NaN
    },
    "2011-12-31": {
        "Diluted EPS": 0.14,
        "Total Revenue": NaN,
        "Gross Profit": -515,
        "Operating Income": NaN,
        "EBIT": NaN,
        "Net Income": NaN
    },
    "2011-09-30": {
        "Diluted EPS": 0.15,
        "Total Revenue": NaN,
        "Gross Profit": NaN,
        "Operating Income": NaN,
        "EBIT": NaN,
        "Net Income": NaN
    },
    "2011-06-30": {
        "Diluted EPS": 0.17,
        "Total Revenue": NaN,
        "Gross Profit": 208,
        "Operating Income": NaN,
        "EBIT": NaN,
        "Net Income": NaN
    },
    "2011-03-31": {
        "Diluted EPS": 0.16,
        "Total Revenue": NaN,
        "Gross Profit": NaN,
        "Operating Income": NaN,
        "EBIT": NaN,
        "Net Income": NaN
    },
    "2010-12-31": {
        "Diluted EPS": 0.15,
        "Total Revenue": NaN,
        "Gross Profit": NaN,
        "Operating Income": NaN,
        "EBIT": NaN,
        "Net Income": NaN
    },
    "2010-09-30": {
        "Diluted EPS": 0.14,
        "Total Revenue": NaN,
        "Gross Profit": NaN,
        "Operating Income": NaN,
        "EBIT": NaN,
        "Net Income": NaN
    },
    "2010-06-30": {
        "Diluted EPS": 0.13,
        "Total Revenue": NaN,
        "Gross Profit": NaN,
        "Operating Income": NaN,
        "EBIT": NaN,
        "Net Income": NaN
    },
    "2010-03-31": {
        "Diluted EPS": 0.11,
        "Total Revenue": NaN,
        "Gross Profit": -86,
        "Operating Income": NaN,
        "EBIT": NaN,
        "Net Income": NaN
    },
    "2009-12-31": {
        "Diluted EPS": 0.11,
        "Total Revenue": NaN,
        "Gross Profit": NaN,
        "Operating Income": NaN,
        "EBIT": NaN,
        "Net Income": NaN
    },
    "2009-09-30": {
        "Diluted EPS": 0.1,
        "Total Revenue": NaN,
        "Gross Profit": 530,
        "Operating Income": NaN,
        "EBIT": NaN,
        "Net Income": NaN
    },
    "2009-06-30": {
        "Diluted EPS": 0.12,
        "Total Revenue": NaN,
        "Gross Profit": NaN,
        "Operating Income": NaN,
        "EBIT": NaN,
        "Net Income": NaN
    },
    "2009-03-31": {
        "Diluted EPS": 0.07,
        "Total Revenue": NaN,
        "Gross Profit": NaN,
        "Operating Income": NaN,
        "EBIT": NaN,
        "Net Income": 748
    },
    "2023-06-30": {
        "Tax Effect Of Unusual Items": NaN,
        "Tax Rate For Calcs": NaN,
        "Total Unusual Items": NaN,
        "Total Unusual Items Excluding Goodwill": NaN,
        "Net Income From Continuing Operation Net Minority Interest": NaN,
        "Reconciled Depreciation": NaN,
        "Net Interest Income": NaN,
        "Interest Expense": NaN,
        "Interest Income": NaN,
        "Normalized Income": NaN,
        "Net Income From Continuing And Discontinued Operation": NaN,
        "Rent Expense Supplemental": NaN,
        "Diluted Average Shares": 11156730556.0,
        "Basic Average Shares": 11156730556.0,
        "Diluted EPS": 0.36,
        "Basic EPS": 0.36,
        "Diluted NI Availto Com Stockholders": NaN,
        "Net Income Common Stockholders": NaN,
        "Net Income": NaN,
        "Minority Interests": NaN,
        "Net Income Including Noncontrolling Interests": NaN,
        "Net Income Continuous Operations": NaN,
        "Tax Provision": NaN,
        "Pretax Income": NaN,
        "Other Non Operating Income Expenses": NaN,
        "Special Income Charges": NaN,
        "Other Special Charges": NaN,
        "Gain On Sale Of Security": NaN,
        "Depreciation Amortization Depletion Income Statement": NaN,
        "Depreciation And Amortization In Income Statement": NaN,
        "Amortization": NaN,
        "Amortization Of Intangibles Income Statement": NaN,
        "Depreciation Income Statement": NaN,
        "Selling General And Administration": NaN,
        "Selling And Marketing Expense": NaN,
        "General And Administrative Expense": NaN,
        "Other Gand A": NaN,
        "Insurance And Claims": NaN,
        "Rent And Landing Fees": NaN,
        "Salaries And Wages": NaN,
        "Total Revenue": NaN,
        "Operating Revenue": NaN,
        "Professional Expense And Contract Services Expense": NaN,
        "Other Non Interest Expense": NaN
    },
    "2023-09-30": {
        "Tax Effect Of Unusual Items": 17786420.0,
        "Tax Rate For Calcs": 0.34,
        "Total Unusual Items": 52313000.0,
        "Total Unusual Items Excluding Goodwill": 52313000.0,
        "Net Income From Continuing Operation Net Minority Interest": 3399975000.0,
        "Reconciled Depreciation": 1662016000.0,
        "Net Interest Income": 15167892000.0,
        "Interest Expense": 40151166000.0,
        "Interest Income": 55319058000.0,
        "Normalized Income": 3365448420.0,
        "Net Income From Continuing And Discontinued Operation": 3399975000.0,
        "Rent Expense Supplemental": 19987000.0,
        "Diluted Average Shares": 11333250000.0,
        "Basic Average Shares": 11333250000.0,
        "Diluted EPS": 0.3,
        "Basic EPS": 0.3,
        "Diluted NI Availto Com Stockholders": 3399975000.0,
        "Net Income Common Stockholders": 3399975000.0,
        "Net Income": 3399975000.0,
        "Minority Interests": -71069000.0,
        "Net Income Including Noncontrolling Interests": 3471044000.0,
        "Net Income Continuous Operations": 3471044000.0,
        "Tax Provision": -1413179000.0,
        "Pretax Income": 2057865000.0,
        "Other Non Operating Income Expenses": 2118091000.0,
        "Special Income Charges": 52313000.0,
        "Other Special Charges": -52313000.0,
        "Gain On Sale Of Security": 438107000.0,
        "Depreciation Amortization Depletion Income Statement": 1531010000.0,
        "Depreciation And Amortization In Income Statement": 1531010000.0,
        "Amortization": 906492000.0,
        "Amortization Of Intangibles Income Statement": 906492000.0,
        "Depreciation Income Statement": 624518000.0,
        "Selling General And Administration": 10159604000.0,
        "Selling And Marketing Expense": 1130965000.0,
        "General And Administrative Expense": 9028639000.0,
        "Other Gand A": 3652279000.0,
        "Insurance And Claims": 198708000.0,
        "Rent And Landing Fees": 19987000.0,
        "Salaries And Wages": 5157665000.0,
        "Total Revenue": 24121064000.0,
        "Operating Revenue": 24121064000.0,
        "Professional Expense And Contract Services Expense": 1893893000.0,
        "Other Non Interest Expense": 1879749000.0
    },
    "2023-12-31": {
        "Tax Effect Of Unusual Items": 21862340.0,
        "Tax Rate For Calcs": 0.34,
        "Total Unusual Items": 64301000.0,
        "Total Unusual Items Excluding Goodwill": 64301000.0,
        "Net Income From Continuing Operation Net Minority Interest": 1435139000.0,
        "Reconciled Depreciation": 1548926000.0,
        "Net Interest Income": 8512160000.0,
        "Interest Expense": 37059319000.0,
        "Interest Income": 45571479000.0,
        "Normalized Income": 1392700340.0,
        "Net Income From Continuing And Discontinued Operation": 1435139000.0,
        "Rent Expense Supplemental": 9063000.0,
        "Diluted Average Shares": NaN,
        "Basic Average Shares": NaN,
        "Diluted EPS": NaN,
        "Basic EPS": NaN,
        "Diluted NI Availto Com Stockholders": 1435139000.0,
        "Net Income Common Stockholders": 1435139000.0,
        "Net Income": 1435139000.0,
        "Minority Interests": -51507000.0,
        "Net Income Including Noncontrolling Interests": 1486646000.0,
        "Net Income Continuous Operations": 1486646000.0,
        "Tax Provision": -2662689000.0,
        "Pretax Income": -1176043000.0,
        "Other Non Operating Income Expenses": -3130731000.0,
        "Special Income Charges": 64301000.0,
        "Other Special Charges": -64301000.0,
        "Gain On Sale Of Security": 8347527000.0,
        "Depreciation Amortization Depletion Income Statement": 1420908000.0,
        "Depreciation And Amortization In Income Statement": 1420908000.0,
        "Amortization": 797753000.0,
        "Amortization Of Intangibles Income Statement": 797753000.0,
        "Depreciation Income Statement": 623155000.0,
        "Selling General And Administration": 10715267000.0,
        "Selling And Marketing Expense": 1353572000.0,
        "General And Administrative Expense": 9361695000.0,
        "Other Gand A": 3723847000.0,
        "Insurance And Claims": 204118000.0,
        "Rent And Landing Fees": 9063000.0,
        "Salaries And Wages": 5424667000.0,
        "Total Revenue": 25808893000.0,
        "Operating Revenue": 25808893000.0,
        "Professional Expense And Contract Services Expense": 2522249000.0,
        "Other Non Interest Expense": 3196838000.0
    },
    "2024-03-31": {
        "Tax Effect Of Unusual Items": 168268.882614,
        "Tax Rate For Calcs": 0.022718,
        "Total Unusual Items": 7407000.0,
        "Total Unusual Items Excluding Goodwill": 7407000.0,
        "Net Income From Continuing Operation Net Minority Interest": 4120943000.0,
        "Reconciled Depreciation": 1657115000.0,
        "Net Interest Income": 18050472000.0,
        "Interest Expense": 35877711000.0,
        "Interest Income": 53928183000.0,
        "Normalized Income": 4113704268.882614,
        "Net Income From Continuing And Discontinued Operation": 4120943000.0,
        "Rent Expense Supplemental": 16235000.0,
        "Diluted Average Shares": 10629320000.0,
        "Basic Average Shares": 10629320000.0,
        "Diluted EPS": 0.37,
        "Basic EPS": 0.37,
        "Diluted NI Availto Com Stockholders": 4120943000.0,
        "Net Income Common Stockholders": 4120943000.0,
        "Net Income": 4120943000.0,
        "Minority Interests": -81825000.0,
        "Net Income Including Noncontrolling Interests": 4202768000.0,
        "Net Income Continuous Operations": 4202768000.0,
        "Tax Provision": 97696000.0,
        "Pretax Income": 4300464000.0,
        "Other Non Operating Income Expenses": 799603000.0,
        "Special Income Charges": 7407000.0,
        "Other Special Charges": -7407000.0,
        "Gain On Sale Of Security": -1161062000.0,
        "Depreciation Amortization Depletion Income Statement": 1519257000.0,
        "Depreciation And Amortization In Income Statement": 1519257000.0,
        "Amortization": 894848000.0,
        "Amortization Of Intangibles Income Statement": 894848000.0,
        "Depreciation Income Statement": 624409000.0,
        "Selling General And Administration": 10243620000.0,
        "Selling And Marketing Expense": 1286610000.0,
        "General And Administrative Expense": 8957010000.0,
        "Other Gand A": 3464931000.0,
        "Insurance And Claims": 200958000.0,
        "Rent And Landing Fees": 16235000.0,
        "Salaries And Wages": 5274886000.0,
        "Total Revenue": 25022807000.0,
        "Operating Revenue": 25022807000.0,
        "Professional Expense And Contract Services Expense": 1416195000.0,
        "Other Non Interest Expense": 1996797000.0
    },
    "2024-06-30": {
        "Tax Effect Of Unusual Items": 8024340.0,
        "Tax Rate For Calcs": 0.34,
        "Total Unusual Items": 23601000.0,
        "Total Unusual Items Excluding Goodwill": 23601000.0,
        "Net Income From Continuing Operation Net Minority Interest": 4116153000.0,
        "Reconciled Depreciation": 1631075000.0,
        "Net Interest Income": 17086078000.0,
        "Interest Expense": 34558506000.0,
        "Interest Income": 51644584000.0,
        "Normalized Income": 4100576340.0,
        "Net Income From Continuing And Discontinued Operation": 4116153000.0,
        "Rent Expense Supplemental": 22461000.0,
        "Diluted Average Shares": 11124737838.0,
        "Basic Average Shares": 11124737838.0,
        "Diluted EPS": 0.37,
        "Basic EPS": 0.37,
        "Diluted NI Availto Com Stockholders": 4116153000.0,
        "Net Income Common Stockholders": 4116153000.0,
        "Net Income": 4116153000.0,
        "Minority Interests": -69254000.0,
        "Net Income Including Noncontrolling Interests": 4185407000.0,
        "Net Income Continuous Operations": 4185407000.0,
        "Tax Provision": -456597000.0,
        "Pretax Income": 3728810000.0,
        "Other Non Operating Income Expenses": -364262000.0,
        "Special Income Charges": 23601000.0,
        "Other Special Charges": -23601000.0,
        "Gain On Sale Of Security": -1189403000.0,
        "Depreciation Amortization Depletion Income Statement": 1548852000.0,
        "Depreciation And Amortization In Income Statement": 1548852000.0,
        "Amortization": 901329000.0,
        "Amortization Of Intangibles Income Statement": 901329000.0,
        "Depreciation Income Statement": 647523000.0,
        "Selling General And Administration": 10396708000.0,
        "Selling And Marketing Expense": 1314228000.0,
        "General And Administrative Expense": 9082480000.0,
        "Other Gand A": 3497184000.0,
        "Insurance And Claims": 203144000.0,
        "Rent And Landing Fees": 22461000.0,
        "Salaries And Wages": 5359691000.0,
        "Total Revenue": 25692727000.0,
        "Operating Revenue": 25692727000.0,
        "Professional Expense And Contract Services Expense": 1274796000.0,
        "Other Non Interest Expense": 1052875000.0
    },
    "2024-09-30": {
        "Tax Effect Of Unusual Items": 8244660.514572,
        "Tax Rate For Calcs": 0.113164,
        "Total Unusual Items": 72856000.0,
        "Total Unusual Items Excluding Goodwill": 72856000.0,
        "Net Income From Continuing Operation Net Minority Interest": 4869616000.0,
        "Reconciled Depreciation": 1689927000.0,
        "Net Interest Income": 13625941000.0,
        "Interest Expense": 37292629000.0,
        "Interest Income": 50918570000.0,
        "Normalized Income": 4805004660.514572,
        "Net Income From Continuing And Discontinued Operation": 4869616000.0,
        "Rent Expense Supplemental": 22686000.0,
        "Diluted Average Shares": 11067309091.0,
        "Basic Average Shares": 11067309091.0,
        "Diluted EPS": 0.44,
        "Basic EPS": 0.44,
        "Diluted NI Availto Com Stockholders": 4869616000.0,
        "Net Income Common Stockholders": 4869616000.0,
        "Net Income": 4869616000.0,
        "Minority Interests": -75467000.0,
        "Net Income Including Noncontrolling Interests": 4945083000.0,
        "Net Income Continuous Operations": 4945083000.0,
        "Tax Provision": 631012000.0,
        "Pretax Income": 5576095000.0,
        "Other Non Operating Income Expenses": 154443000.0,
        "Special Income Charges": 72856000.0,
        "Other Special Charges": -72856000.0,
        "Gain On Sale Of Security": 891844000.0,
        "Depreciation Amortization Depletion Income Statement": 1609400000.0,
        "Depreciation And Amortization In Income Statement": 1609400000.0,
        "Amortization": 938892000.0,
        "Amortization Of Intangibles Income Statement": 938892000.0,
        "Depreciation Income Statement": 670508000.0,
        "Selling General And Administration": 10722946000.0,
        "Selling And Marketing Expense": 1272895000.0,
        "General And Administrative Expense": 9450051000.0,
        "Other Gand A": 3598562000.0,
        "Insurance And Claims": 202866000.0,
        "Rent And Landing Fees": 22686000.0,
        "Salaries And Wages": 5625937000.0,
        "Total Revenue": 24913149000.0,
        "Operating Revenue": 24913149000.0,
        "Professional Expense And Contract Services Expense": 1710196000.0,
        "Other Non Interest Expense": 2823440000.0
    }
}