{
    "2023-03-31": {
        "Tax Effect Of Unusual Items": NaN,
        "Tax Rate For Calcs": NaN,
        "Normalized EBITDA": NaN,
        "Total Unusual Items": NaN,
        "Total Unusual Items Excluding Goodwill": NaN,
        "Net Income From Continuing Operation Net Minority Interest": NaN,
        "Reconciled Depreciation": NaN,
        "Reconciled Cost Of Revenue": NaN,
        "EBITDA": NaN,
        "EBIT": NaN,
        "Net Interest Income": NaN,
        "Interest Expense": NaN,
        "Interest Income": NaN,
        "Normalized Income": NaN,
        "Net Income From Continuing And Discontinued Operation": NaN,
        "Total Expenses": NaN,
        "Total Operating Income As Reported": NaN,
        "Diluted Average Shares": NaN,
        "Basic Average Shares": NaN,
        "Diluted EPS": NaN,
        "Basic EPS": NaN,
        "Diluted NI Availto Com Stockholders": NaN,
        "Net Income Common Stockholders": NaN,
        "Net Income": NaN,
        "Minority Interests": NaN,
        "Net Income Including Noncontrolling Interests": NaN,
        "Net Income Continuous Operations": NaN,
        "Pretax Income": NaN,
        "Other Income Expense": NaN,
        "Other Non Operating Income Expenses": -601000.0,
        "Special Income Charges": NaN,
        "Gain On Sale Of Ppe": -601000.0,
        "Gain On Sale Of Business": NaN,
        "Other Special Charges": NaN,
        "Write Off": 3226000.0,
        "Impairment Of Capital Assets": NaN,
        "Restructuring And Mergern Acquisition": NaN,
        "Earnings From Equity Interest": NaN,
        "Gain On Sale Of Security": NaN,
        "Net Non Operating Interest Income Expense": NaN,
        "Interest Expense Non Operating": NaN,
        "Interest Income Non Operating": NaN,
        "Operating Income": NaN,
        "Operating Expense": NaN,
        "Research And Development": NaN,
        "Selling General And Administration": NaN,
        "Gross Profit": NaN,
        "Cost Of Revenue": NaN,
        "Total Revenue": NaN,
        "Operating Revenue": NaN
    },
    "2022-12-31": {
        "Tax Effect Of Unusual Items": NaN,
        "Tax Rate For Calcs": NaN,
        "Normalized EBITDA": NaN,
        "Total Unusual Items": NaN,
        "Total Unusual Items Excluding Goodwill": NaN,
        "Net Income From Continuing Operation Net Minority Interest": NaN,
        "Reconciled Depreciation": NaN,
        "Reconciled Cost Of Revenue": NaN,
        "EBITDA": NaN,
        "EBIT": NaN,
        "Net Interest Income": NaN,
        "Interest Expense": NaN,
        "Interest Income": NaN,
        "Normalized Income": NaN,
        "Net Income From Continuing And Discontinued Operation": NaN,
        "Total Expenses": NaN,
        "Total Operating Income As Reported": NaN,
        "Diluted Average Shares": NaN,
        "Basic Average Shares": NaN,
        "Diluted EPS": NaN,
        "Basic EPS": NaN,
        "Diluted NI Availto Com Stockholders": NaN,
        "Net Income Common Stockholders": NaN,
        "Net Income": NaN,
        "Minority Interests": NaN,
        "Net Income Including Noncontrolling Interests": NaN,
        "Net Income Continuous Operations": NaN,
        "Pretax Income": NaN,
        "Other Income Expense": NaN,
        "Other Non Operating Income Expenses": NaN,
        "Special Income Charges": NaN,
        "Gain On Sale Of Ppe": 4560000.0,
        "Gain On Sale Of Business": NaN,
        "Other Special Charges": NaN,
        "Write Off": NaN,
        "Impairment Of Capital Assets": NaN,
        "Restructuring And Mergern Acquisition": NaN,
        "Earnings From Equity Interest": NaN,
        "Gain On Sale Of Security": NaN,
        "Net Non Operating Interest Income Expense": NaN,
        "Interest Expense Non Operating": NaN,
        "Interest Income Non Operating": NaN,
        "Operating Income": NaN,
        "Operating Expense": NaN,
        "Research And Development": NaN,
        "Selling General And Administration": NaN,
        "Gross Profit": NaN,
        "Cost Of Revenue": NaN,
        "Total Revenue": NaN,
        "Operating Revenue": NaN
    },
    "2022-09-30": {
        "Tax Effect Of Unusual Items": NaN,
        "Tax Rate For Calcs": NaN,
        "Normalized EBITDA": NaN,
        "Total Unusual Items": NaN,
        "Total Unusual Items Excluding Goodwill": NaN,
        "Net Income From Continuing Operation Net Minority Interest": NaN,
        "Reconciled Depreciation": NaN,
        "Reconciled Cost Of Revenue": NaN,
        "EBITDA": NaN,
        "EBIT": NaN,
        "Net Interest Income": NaN,
        "Interest Expense": NaN,
        "Interest Income": NaN,
        "Normalized Income": NaN,
        "Net Income From Continuing And Discontinued Operation": NaN,
        "Total Expenses": NaN,
        "Total Operating Income As Reported": NaN,
        "Diluted Average Shares": NaN,
        "Basic Average Shares": NaN,
        "Diluted EPS": NaN,
        "Basic EPS": NaN,
        "Diluted NI Availto Com Stockholders": NaN,
        "Net Income Common Stockholders": NaN,
        "Net Income": NaN,
        "Minority Interests": NaN,
        "Net Income Including Noncontrolling Interests": NaN,
        "Net Income Continuous Operations": NaN,
        "Pretax Income": NaN,
        "Other Income Expense": NaN,
        "Other Non Operating Income Expenses": NaN,
        "Special Income Charges": NaN,
        "Gain On Sale Of Ppe": 6331000.0,
        "Other Special Charges": NaN,
        "Write Off": NaN,
        "Impairment Of Capital Assets": NaN,
        "Restructuring And Mergern Acquisition": NaN,
        "Gain On Sale Of Security": NaN,
        "Net Non Operating Interest Income Expense": NaN,
        "Interest Expense Non Operating": NaN,
        "Interest Income Non Operating": NaN,
        "Operating Income": NaN,
        "Operating Expense": NaN,
        "Research And Development": NaN,
        "Selling General And Administration": NaN,
        "Gross Profit": NaN,
        "Cost Of Revenue": NaN,
        "Total Revenue": NaN,
        "Operating Revenue": NaN
    },
    "2022-06-30": {
        "Tax Effect Of Unusual Items": 0.0,
        "Tax Rate For Calcs": 0.0,
        "Normalized EBITDA": 27698000.0,
        "Total Unusual Items": -8396000.0,
        "Total Unusual Items Excluding Goodwill": -8396000.0,
        "Net Income From Continuing Operation Net Minority Interest": -9856000.0,
        "Reconciled Depreciation": 1582000.0,
        "Reconciled Cost Of Revenue": 700000.0,
        "EBITDA": 19302000.0,
        "EBIT": 17720000.0,
        "Net Interest Income": -19513000.0,
        "Interest Expense": 20279000.0,
        "Interest Income": 766000.0,
        "Normalized Income": -1460000.0,
        "Net Income From Continuing And Discontinued Operation": -9856000.0,
        "Total Expenses": 145526000.0,
        "Total Operating Income As Reported": -80176000.0,
        "Diluted Average Shares": 146684804.0,
        "Basic Average Shares": 146684804.0,
        "Diluted EPS": -0.07,
        "Basic EPS": -0.07,
        "Diluted NI Availto Com Stockholders": -9856000.0,
        "Net Income Common Stockholders": -9856000.0,
        "Net Income": -9856000.0,
        "Minority Interests": -7297000.0,
        "Net Income Including Noncontrolling Interests": -2559000.0,
        "Net Income Continuous Operations": -2559000.0,
        "Pretax Income": -2559000.0,
        "Other Income Expense": 88734000.0,
        "Other Non Operating Income Expenses": 97130000.0,
        "Special Income Charges": -8396000.0,
        "Gain On Sale Of Ppe": 107946000.0,
        "Impairment Of Capital Assets": 0.0,
        "Restructuring And Mergern Acquisition": 8396000.0,
        "Gain On Sale Of Security": NaN,
        "Net Non Operating Interest Income Expense": -19513000.0,
        "Interest Expense Non Operating": 20279000.0,
        "Interest Income Non Operating": 766000.0,
        "Operating Income": -71780000.0,
        "Operating Expense": 144826000.0,
        "Research And Development": 108400000.0,
        "Selling General And Administration": 36426000.0,
        "Gross Profit": 73046000.0,
        "Cost Of Revenue": 700000.0,
        "Total Revenue": 73746000.0,
        "Operating Revenue": 73746000.0
    },
    "2023-06-30": {
        "Tax Effect Of Unusual Items": NaN,
        "Tax Rate For Calcs": NaN,
        "Normalized EBITDA": NaN,
        "Total Unusual Items": NaN,
        "Total Unusual Items Excluding Goodwill": NaN,
        "Net Income From Continuing Operation Net Minority Interest": NaN,
        "Reconciled Depreciation": NaN,
        "Reconciled Cost Of Revenue": NaN,
        "EBITDA": NaN,
        "EBIT": NaN,
        "Net Interest Income": NaN,
        "Interest Expense": NaN,
        "Interest Income": NaN,
        "Normalized Income": NaN,
        "Net Income From Continuing And Discontinued Operation": NaN,
        "Total Expenses": NaN,
        "Total Operating Income As Reported": NaN,
        "Diluted Average Shares": NaN,
        "Basic Average Shares": NaN,
        "Diluted EPS": NaN,
        "Basic EPS": NaN,
        "Diluted NI Availto Com Stockholders": NaN,
        "Net Income Common Stockholders": NaN,
        "Net Income": NaN,
        "Minority Interests": NaN,
        "Net Income Including Noncontrolling Interests": NaN,
        "Net Income Continuous Operations": NaN,
        "Pretax Income": NaN,
        "Other Income Expense": NaN,
        "Other Non Operating Income Expenses": 76000.0,
        "Special Income Charges": NaN,
        "Gain On Sale Of Ppe": 0.0,
        "Gain On Sale Of Business": 0.0,
        "Other Special Charges": NaN,
        "Write Off": 2959000.0,
        "Impairment Of Capital Assets": NaN,
        "Restructuring And Mergern Acquisition": NaN,
        "Earnings From Equity Interest": 0.0,
        "Gain On Sale Of Security": 1400000.0,
        "Net Non Operating Interest Income Expense": NaN,
        "Interest Expense Non Operating": NaN,
        "Interest Income Non Operating": NaN,
        "Operating Income": NaN,
        "Operating Expense": NaN,
        "Research And Development": NaN,
        "Selling General And Administration": NaN,
        "Gross Profit": NaN,
        "Cost Of Revenue": NaN,
        "Total Revenue": NaN,
        "Operating Revenue": NaN
    },
    "2022-03-31": {
        "Diluted EPS": -1.35,
        "Total Revenue": 2,
        "Gross Profit": 0,
        "Operating Income": -174,
        "EBIT": -172,
        "Net Income": -196
    },
    "2021-12-31": {
        "Diluted EPS": -1.0,
        "Total Revenue": 13,
        "Gross Profit": 11,
        "Operating Income": -166,
        "EBIT": -164,
        "Net Income": -147
    },
    "2021-09-30": {
        "Diluted EPS": -1.06,
        "Total Revenue": 2,
        "Gross Profit": 1,
        "Operating Income": -149,
        "EBIT": -149,
        "Net Income": -156
    },
    "2021-06-30": {
        "Diluted EPS": -0.66,
        "Total Revenue": 54,
        "Gross Profit": 54,
        "Operating Income": -94,
        "EBIT": -91,
        "Net Income": -96
    },
    "2021-03-31": {
        "Diluted EPS": -1.18,
        "Total Revenue": 0,
        "Gross Profit": 0,
        "Operating Income": -168,
        "EBIT": -167,
        "Net Income": -163
    },
    "2020-12-31": {
        "Diluted EPS": -1.01,
        "Total Revenue": 0,
        "Gross Profit": 0,
        "Operating Income": -127,
        "EBIT": -127,
        "Net Income": -120
    },
    "2020-09-30": {
        "Diluted EPS": -0.98,
        "Total Revenue": 8,
        "Gross Profit": 8,
        "Operating Income": -120,
        "EBIT": -121,
        "Net Income": -116
    },
    "2020-06-30": {
        "Diluted EPS": -1.03,
        "Total Revenue": NaN,
        "Gross Profit": NaN,
        "Operating Income": -125,
        "EBIT": -123,
        "Net Income": -121
    },
    "2020-03-31": {
        "Diluted EPS": -0.78,
        "Total Revenue": NaN,
        "Gross Profit": NaN,
        "Operating Income": -102,
        "EBIT": -102,
        "Net Income": -92
    },
    "2019-12-31": {
        "Diluted EPS": -0.6,
        "Total Revenue": 14,
        "Gross Profit": 14,
        "Operating Income": -79,
        "EBIT": -79,
        "Net Income": -73
    },
    "2019-09-30": {
        "Diluted EPS": -0.51,
        "Total Revenue": 27,
        "Gross Profit": 24,
        "Operating Income": -55,
        "EBIT": -55,
        "Net Income": -60
    },
    "2019-06-30": {
        "Diluted EPS": -0.71,
        "Total Revenue": NaN,
        "Gross Profit": NaN,
        "Operating Income": -69,
        "EBIT": -69,
        "Net Income": -66
    },
    "2019-03-31": {
        "Diluted EPS": -0.66,
        "Total Revenue": NaN,
        "Gross Profit": NaN,
        "Operating Income": -64,
        "EBIT": -64,
        "Net Income": -61
    },
    "2018-12-31": {
        "Diluted EPS": 0.0,
        "Total Revenue": NaN,
        "Gross Profit": NaN,
        "Operating Income": NaN,
        "EBIT": NaN,
        "Net Income": NaN
    },
    "2018-09-30": {
        "Diluted EPS": -0.52,
        "Total Revenue": NaN,
        "Gross Profit": NaN,
        "Operating Income": -41,
        "EBIT": -41,
        "Net Income": -31
    },
    "2017-12-31": {
        "Diluted EPS": 0.0,
        "Total Revenue": NaN,
        "Gross Profit": NaN,
        "Operating Income": NaN,
        "EBIT": NaN,
        "Net Income": NaN
    },
    "2023-09-30": {
        "Tax Effect Of Unusual Items": NaN,
        "Tax Rate For Calcs": NaN,
        "Normalized EBITDA": NaN,
        "Total Unusual Items": NaN,
        "Total Unusual Items Excluding Goodwill": NaN,
        "Net Income From Continuing Operation Net Minority Interest": NaN,
        "Reconciled Depreciation": NaN,
        "Reconciled Cost Of Revenue": NaN,
        "EBITDA": NaN,
        "EBIT": NaN,
        "Net Interest Income": NaN,
        "Interest Expense": NaN,
        "Interest Income": NaN,
        "Normalized Income": NaN,
        "Net Income From Continuing And Discontinued Operation": NaN,
        "Total Expenses": NaN,
        "Total Operating Income As Reported": NaN,
        "Diluted Average Shares": NaN,
        "Basic Average Shares": NaN,
        "Diluted EPS": NaN,
        "Basic EPS": NaN,
        "Diluted NI Availto Com Stockholders": NaN,
        "Net Income Common Stockholders": NaN,
        "Net Income": NaN,
        "Minority Interests": NaN,
        "Net Income Including Noncontrolling Interests": NaN,
        "Net Income Continuous Operations": NaN,
        "Pretax Income": NaN,
        "Other Income Expense": NaN,
        "Other Non Operating Income Expenses": -5283000.0,
        "Special Income Charges": NaN,
        "Gain On Sale Of Ppe": -5283000.0,
        "Gain On Sale Of Business": 0.0,
        "Other Special Charges": NaN,
        "Write Off": 0.0,
        "Impairment Of Capital Assets": NaN,
        "Restructuring And Mergern Acquisition": NaN,
        "Earnings From Equity Interest": 0.0,
        "Net Non Operating Interest Income Expense": NaN,
        "Interest Expense Non Operating": NaN,
        "Interest Income Non Operating": NaN,
        "Operating Income": NaN,
        "Operating Expense": NaN,
        "Research And Development": NaN,
        "Selling General And Administration": NaN,
        "Gross Profit": NaN,
        "Cost Of Revenue": NaN,
        "Total Revenue": NaN,
        "Operating Revenue": NaN
    },
    "2023-12-31": {
        "Tax Effect Of Unusual Items": NaN,
        "Tax Rate For Calcs": NaN,
        "Normalized EBITDA": NaN,
        "Total Unusual Items": NaN,
        "Total Unusual Items Excluding Goodwill": NaN,
        "Net Income From Continuing Operation Net Minority Interest": NaN,
        "Reconciled Depreciation": NaN,
        "Reconciled Cost Of Revenue": NaN,
        "EBITDA": NaN,
        "EBIT": NaN,
        "Net Interest Income": NaN,
        "Interest Expense": NaN,
        "Interest Income": NaN,
        "Normalized Income": NaN,
        "Net Income From Continuing And Discontinued Operation": NaN,
        "Total Expenses": NaN,
        "Total Operating Income As Reported": NaN,
        "Diluted Average Shares": NaN,
        "Basic Average Shares": NaN,
        "Diluted EPS": NaN,
        "Basic EPS": NaN,
        "Diluted NI Availto Com Stockholders": NaN,
        "Net Income Common Stockholders": NaN,
        "Net Income": NaN,
        "Minority Interests": NaN,
        "Net Income Including Noncontrolling Interests": NaN,
        "Net Income Continuous Operations": NaN,
        "Tax Provision": NaN,
        "Pretax Income": NaN,
        "Other Income Expense": NaN,
        "Other Non Operating Income Expenses": NaN,
        "Special Income Charges": NaN,
        "Gain On Sale Of Ppe": NaN,
        "Gain On Sale Of Business": NaN,
        "Other Special Charges": NaN,
        "Write Off": 6496000.0,
        "Impairment Of Capital Assets": NaN,
        "Restructuring And Mergern Acquisition": NaN,
        "Earnings From Equity Interest": NaN,
        "Gain On Sale Of Security": NaN,
        "Net Non Operating Interest Income Expense": NaN,
        "Interest Expense Non Operating": NaN,
        "Interest Income Non Operating": NaN,
        "Operating Income": NaN,
        "Operating Expense": NaN,
        "Research And Development": NaN,
        "Selling General And Administration": NaN,
        "Gross Profit": NaN,
        "Cost Of Revenue": NaN,
        "Total Revenue": NaN,
        "Operating Revenue": NaN
    },
    "2024-03-31": {
        "Tax Effect Of Unusual Items": NaN,
        "Tax Rate For Calcs": NaN,
        "Normalized EBITDA": NaN,
        "Total Unusual Items": NaN,
        "Total Unusual Items Excluding Goodwill": NaN,
        "Net Income From Continuing Operation Net Minority Interest": NaN,
        "Reconciled Depreciation": NaN,
        "Reconciled Cost Of Revenue": NaN,
        "EBITDA": NaN,
        "EBIT": NaN,
        "Net Interest Income": NaN,
        "Interest Expense": NaN,
        "Interest Income": NaN,
        "Normalized Income": NaN,
        "Net Income From Continuing And Discontinued Operation": NaN,
        "Total Expenses": NaN,
        "Total Operating Income As Reported": NaN,
        "Diluted Average Shares": NaN,
        "Basic Average Shares": NaN,
        "Diluted EPS": NaN,
        "Basic EPS": NaN,
        "Diluted NI Availto Com Stockholders": NaN,
        "Net Income Common Stockholders": NaN,
        "Net Income": NaN,
        "Minority Interests": NaN,
        "Net Income Including Noncontrolling Interests": NaN,
        "Net Income Continuous Operations": NaN,
        "Tax Provision": NaN,
        "Pretax Income": NaN,
        "Other Income Expense": NaN,
        "Other Non Operating Income Expenses": 9483000.0,
        "Special Income Charges": NaN,
        "Gain On Sale Of Ppe": NaN,
        "Gain On Sale Of Business": NaN,
        "Other Special Charges": 26590000.0,
        "Write Off": 1164000.0,
        "Impairment Of Capital Assets": NaN,
        "Restructuring And Mergern Acquisition": NaN,
        "Earnings From Equity Interest": NaN,
        "Gain On Sale Of Security": NaN,
        "Net Non Operating Interest Income Expense": NaN,
        "Interest Expense Non Operating": NaN,
        "Interest Income Non Operating": NaN,
        "Operating Income": NaN,
        "Operating Expense": NaN,
        "Research And Development": NaN,
        "Selling General And Administration": NaN,
        "Gross Profit": NaN,
        "Cost Of Revenue": NaN,
        "Total Revenue": NaN,
        "Operating Revenue": NaN
    },
    "2024-06-30": {
        "Tax Effect Of Unusual Items": NaN,
        "Tax Rate For Calcs": NaN,
        "Normalized EBITDA": NaN,
        "Total Unusual Items": NaN,
        "Total Unusual Items Excluding Goodwill": NaN,
        "Net Income From Continuing Operation Net Minority Interest": NaN,
        "Reconciled Depreciation": NaN,
        "Reconciled Cost Of Revenue": NaN,
        "EBITDA": NaN,
        "EBIT": NaN,
        "Net Interest Income": NaN,
        "Interest Expense": NaN,
        "Interest Income": NaN,
        "Normalized Income": NaN,
        "Net Income From Continuing And Discontinued Operation": NaN,
        "Total Expenses": NaN,
        "Total Operating Income As Reported": NaN,
        "Diluted Average Shares": NaN,
        "Basic Average Shares": NaN,
        "Diluted EPS": NaN,
        "Basic EPS": NaN,
        "Diluted NI Availto Com Stockholders": NaN,
        "Net Income Common Stockholders": NaN,
        "Net Income": NaN,
        "Minority Interests": NaN,
        "Net Income Including Noncontrolling Interests": NaN,
        "Net Income Continuous Operations": NaN,
        "Tax Provision": 0.0,
        "Pretax Income": NaN,
        "Other Income Expense": NaN,
        "Other Non Operating Income Expenses": 468000.0,
        "Special Income Charges": NaN,
        "Gain On Sale Of Ppe": -632000.0,
        "Gain On Sale Of Business": 126294000.0,
        "Other Special Charges": NaN,
        "Write Off": NaN,
        "Impairment Of Capital Assets": NaN,
        "Restructuring And Mergern Acquisition": NaN,
        "Earnings From Equity Interest": NaN,
        "Gain On Sale Of Security": NaN,
        "Net Non Operating Interest Income Expense": NaN,
        "Interest Expense Non Operating": NaN,
        "Interest Income Non Operating": NaN,
        "Operating Income": NaN,
        "Operating Expense": NaN,
        "Research And Development": NaN,
        "Selling General And Administration": NaN,
        "Gross Profit": NaN,
        "Cost Of Revenue": NaN,
        "Total Revenue": NaN,
        "Operating Revenue": NaN
    },
    "2024-09-30": {
        "Tax Effect Of Unusual Items": 0.0,
        "Tax Rate For Calcs": 0.0,
        "Normalized EBITDA": -188858000.0,
        "Total Unusual Items": 49203000.0,
        "Total Unusual Items Excluding Goodwill": 49203000.0,
        "Net Income From Continuing Operation Net Minority Interest": -162040000.0,
        "Reconciled Depreciation": 1538000.0,
        "Reconciled Cost Of Revenue": 598000.0,
        "EBITDA": -139655000.0,
        "EBIT": -141193000.0,
        "Net Interest Income": -19765000.0,
        "Interest Expense": 23061000.0,
        "Interest Income": 3296000.0,
        "Normalized Income": -211243000.0,
        "Net Income From Continuing And Discontinued Operation": -162040000.0,
        "Total Expenses": 189861000.0,
        "Total Operating Income As Reported": -191750000.0,
        "Diluted Average Shares": 188510372.0,
        "Basic Average Shares": 188510372.0,
        "Diluted EPS": -0.86,
        "Basic EPS": -0.86,
        "Diluted NI Availto Com Stockholders": -162040000.0,
        "Net Income Common Stockholders": -162040000.0,
        "Net Income": -162040000.0,
        "Minority Interests": 2214000.0,
        "Net Income Including Noncontrolling Interests": -164254000.0,
        "Net Income Continuous Operations": -164254000.0,
        "Tax Provision": NaN,
        "Pretax Income": -164254000.0,
        "Other Income Expense": 42640000.0,
        "Other Non Operating Income Expenses": NaN,
        "Special Income Charges": 49203000.0,
        "Gain On Sale Of Ppe": 1797000.0,
        "Gain On Sale Of Business": 52027000.0,
        "Other Special Charges": NaN,
        "Write Off": NaN,
        "Impairment Of Capital Assets": 0.0,
        "Restructuring And Mergern Acquisition": 4621000.0,
        "Earnings From Equity Interest": -6563000.0,
        "Gain On Sale Of Security": NaN,
        "Net Non Operating Interest Income Expense": -19765000.0,
        "Interest Expense Non Operating": 23061000.0,
        "Interest Income Non Operating": 3296000.0,
        "Operating Income": -187129000.0,
        "Operating Expense": 189263000.0,
        "Research And Development": 120444000.0,
        "Selling General And Administration": 68819000.0,
        "Gross Profit": 2134000.0,
        "Cost Of Revenue": 598000.0,
        "Total Revenue": 2732000.0,
        "Operating Revenue": 2732000.0
    },
    "2024-12-31": {
        "Tax Effect Of Unusual Items": 0.0,
        "Tax Rate For Calcs": 0.0,
        "Normalized EBITDA": -227843000.0,
        "Total Unusual Items": -7205000.0,
        "Total Unusual Items Excluding Goodwill": -7205000.0,
        "Net Income From Continuing Operation Net Minority Interest": -265050000.0,
        "Reconciled Depreciation": 1367000.0,
        "Reconciled Cost Of Revenue": 2084000.0,
        "EBITDA": -235048000.0,
        "EBIT": -236415000.0,
        "Net Interest Income": -25138000.0,
        "Interest Expense": 29821000.0,
        "Interest Income": 4683000.0,
        "Normalized Income": -257845000.0,
        "Net Income From Continuing And Discontinued Operation": -265050000.0,
        "Total Expenses": 227216000.0,
        "Total Operating Income As Reported": -226027000.0,
        "Diluted Average Shares": 189437438.0,
        "Basic Average Shares": 189437438.0,
        "Diluted EPS": -1.4,
        "Basic EPS": -1.4,
        "Diluted NI Availto Com Stockholders": -265050000.0,
        "Net Income Common Stockholders": -265050000.0,
        "Net Income": -265050000.0,
        "Minority Interests": 2339000.0,
        "Net Income Including Noncontrolling Interests": -267389000.0,
        "Net Income Continuous Operations": -267389000.0,
        "Tax Provision": NaN,
        "Pretax Income": -266236000.0,
        "Other Income Expense": -19764000.0,
        "Other Non Operating Income Expenses": NaN,
        "Special Income Charges": -15341000.0,
        "Gain On Sale Of Ppe": NaN,
        "Gain On Sale Of Business": 0.0,
        "Other Special Charges": 0.0,
        "Write Off": NaN,
        "Impairment Of Capital Assets": 0.0,
        "Restructuring And Mergern Acquisition": 4693000.0,
        "Earnings From Equity Interest": -16695000.0,
        "Gain On Sale Of Security": NaN,
        "Net Non Operating Interest Income Expense": -25138000.0,
        "Interest Expense Non Operating": 29821000.0,
        "Interest Income Non Operating": 4683000.0,
        "Operating Income": -221334000.0,
        "Operating Expense": 225132000.0,
        "Research And Development": 130350000.0,
        "Selling General And Administration": 94782000.0,
        "Gross Profit": 3798000.0,
        "Cost Of Revenue": 2084000.0,
        "Total Revenue": 5882000.0,
        "Operating Revenue": 5882000.0
    },
    "2025-03-31": {
        "Tax Effect Of Unusual Items": 0.0,
        "Tax Rate For Calcs": 0.0,
        "Normalized EBITDA": -104458000.0,
        "Total Unusual Items": -21725000.0,
        "Total Unusual Items Excluding Goodwill": -21725000.0,
        "Net Income From Continuing Operation Net Minority Interest": -167422000.0,
        "Reconciled Depreciation": 1284000.0,
        "Reconciled Cost Of Revenue": 2639000.0,
        "EBITDA": -126183000.0,
        "EBIT": -127467000.0,
        "Net Interest Income": -36756000.0,
        "Interest Expense": 42141000.0,
        "Interest Income": 5385000.0,
        "Normalized Income": -145697000.0,
        "Net Income From Continuing And Discontinued Operation": -167422000.0,
        "Total Expenses": 220435000.0,
        "Total Operating Income As Reported": -104372000.0,
        "Diluted Average Shares": 190145253.0,
        "Basic Average Shares": 190145253.0,
        "Diluted EPS": -0.88,
        "Basic EPS": -0.88,
        "Diluted NI Availto Com Stockholders": -167422000.0,
        "Net Income Common Stockholders": -167422000.0,
        "Net Income": -167422000.0,
        "Minority Interests": 2186000.0,
        "Net Income Including Noncontrolling Interests": -169608000.0,
        "Net Income Continuous Operations": -169608000.0,
        "Tax Provision": NaN,
        "Pretax Income": -169608000.0,
        "Other Income Expense": -29050000.0,
        "Other Non Operating Income Expenses": 8231000.0,
        "Special Income Charges": -21725000.0,
        "Gain On Sale Of Ppe": NaN,
        "Gain On Sale Of Business": NaN,
        "Other Special Charges": 21155000.0,
        "Write Off": NaN,
        "Impairment Of Capital Assets": 0.0,
        "Restructuring And Mergern Acquisition": 570000.0,
        "Earnings From Equity Interest": -15556000.0,
        "Gain On Sale Of Security": NaN,
        "Net Non Operating Interest Income Expense": -36756000.0,
        "Interest Expense Non Operating": 42141000.0,
        "Interest Income Non Operating": 5385000.0,
        "Operating Income": -103802000.0,
        "Operating Expense": 217796000.0,
        "Research And Development": 111431000.0,
        "Selling General And Administration": 106365000.0,
        "Gross Profit": 113994000.0,
        "Cost Of Revenue": 2639000.0,
        "Total Revenue": 116633000.0,
        "Operating Revenue": 116633000.0
    },
    "2025-06-30": {
        "Tax Effect Of Unusual Items": 1300950.0,
        "Tax Rate For Calcs": 0.21,
        "Normalized EBITDA": -148899000.0,
        "Total Unusual Items": 6195000.0,
        "Total Unusual Items Excluding Goodwill": 6195000.0,
        "Net Income From Continuing Operation Net Minority Interest": -181903000.0,
        "Reconciled Depreciation": 1317000.0,
        "Reconciled Cost Of Revenue": 3653000.0,
        "EBITDA": -142704000.0,
        "EBIT": -144021000.0,
        "Net Interest Income": -33739000.0,
        "Interest Expense": 37637000.0,
        "Interest Income": 3898000.0,
        "Normalized Income": -186797050.0,
        "Net Income From Continuing And Discontinued Operation": -181903000.0,
        "Total Expenses": 244038000.0,
        "Total Operating Income As Reported": -134278000.0,
        "Diluted Average Shares": 190517215.0,
        "Basic Average Shares": 190517215.0,
        "Diluted EPS": -0.95,
        "Basic EPS": -0.95,
        "Diluted NI Availto Com Stockholders": -181903000.0,
        "Net Income Common Stockholders": -181903000.0,
        "Net Income": -181903000.0,
        "Minority Interests": 1855000.0,
        "Net Income Including Noncontrolling Interests": -183758000.0,
        "Net Income Continuous Operations": -183758000.0,
        "Tax Provision": 2100000.0,
        "Pretax Income": -181658000.0,
        "Other Income Expense": -14446000.0,
        "Other Non Operating Income Expenses": -452000.0,
        "Special Income Charges": -805000.0,
        "Gain On Sale Of Ppe": 6548000.0,
        "Gain On Sale Of Business": 0.0,
        "Other Special Charges": NaN,
        "Write Off": NaN,
        "Impairment Of Capital Assets": 0.0,
        "Restructuring And Mergern Acquisition": 805000.0,
        "Earnings From Equity Interest": -20189000.0,
        "Gain On Sale Of Security": 7000000.0,
        "Net Non Operating Interest Income Expense": -33739000.0,
        "Interest Expense Non Operating": 37637000.0,
        "Interest Income Non Operating": 3898000.0,
        "Operating Income": -133473000.0,
        "Operating Expense": 240385000.0,
        "Research And Development": 111231000.0,
        "Selling General And Administration": 129154000.0,
        "Gross Profit": 106912000.0,
        "Cost Of Revenue": 3653000.0,
        "Total Revenue": 110565000.0,
        "Operating Revenue": 110565000.0
    },
    "2025-09-30": {
        "Tax Effect Of Unusual Items": 63131.562296,
        "Tax Rate For Calcs": 0.008285,
        "Normalized EBITDA": -144555000.0,
        "Total Unusual Items": 7620000.0,
        "Total Unusual Items Excluding Goodwill": 7620000.0,
        "Net Income From Continuing Operation Net Minority Interest": -182743000.0,
        "Reconciled Depreciation": 1398000.0,
        "Reconciled Cost Of Revenue": 6563000.0,
        "EBITDA": -136935000.0,
        "EBIT": -138333000.0,
        "Net Interest Income": -41910000.0,
        "Interest Expense": 48149000.0,
        "Interest Income": 6239000.0,
        "Normalized Income": -190299868.437704,
        "Net Income From Continuing And Discontinued Operation": -182743000.0,
        "Total Expenses": 257058000.0,
        "Total Operating Income As Reported": -145199000.0,
        "Diluted Average Shares": 191854152.0,
        "Basic Average Shares": 191854152.0,
        "Diluted EPS": -0.95,
        "Basic EPS": -0.95,
        "Diluted NI Availto Com Stockholders": -182743000.0,
        "Net Income Common Stockholders": -182743000.0,
        "Net Income": -182743000.0,
        "Minority Interests": 2194000.0,
        "Net Income Including Noncontrolling Interests": -184937000.0,
        "Net Income Continuous Operations": -184937000.0,
        "Tax Provision": -1545000.0,
        "Pretax Income": -186482000.0,
        "Other Income Expense": -8214000.0,
        "Other Non Operating Income Expenses": NaN,
        "Special Income Charges": 7620000.0,
        "Gain On Sale Of Ppe": 16461000.0,
        "Gain On Sale Of Business": 0.0,
        "Other Special Charges": NaN,
        "Write Off": NaN,
        "Impairment Of Capital Assets": 0.0,
        "Restructuring And Mergern Acquisition": 8841000.0,
        "Earnings From Equity Interest": -15834000.0,
        "Gain On Sale Of Security": NaN,
        "Net Non Operating Interest Income Expense": -41910000.0,
        "Interest Expense Non Operating": 48149000.0,
        "Interest Income Non Operating": 6239000.0,
        "Operating Income": -136358000.0,
        "Operating Expense": 250495000.0,
        "Research And Development": 112874000.0,
        "Selling General And Administration": 137621000.0,
        "Gross Profit": 114137000.0,
        "Cost Of Revenue": 6563000.0,
        "Total Revenue": 120700000.0,
        "Operating Revenue": 120700000.0
    }
}