{
    "2023-12-31": {
        "Tax Effect Of Unusual Items": NaN,
        "Tax Rate For Calcs": NaN,
        "Normalized EBITDA": NaN,
        "Total Unusual Items": NaN,
        "Total Unusual Items Excluding Goodwill": NaN,
        "Net Income From Continuing Operation Net Minority Interest": NaN,
        "Reconciled Depreciation": NaN,
        "Reconciled Cost Of Revenue": NaN,
        "EBITDA": NaN,
        "EBIT": NaN,
        "Net Interest Income": NaN,
        "Interest Expense": 55000.0,
        "Interest Income": NaN,
        "Normalized Income": NaN,
        "Net Income From Continuing And Discontinued Operation": NaN,
        "Total Expenses": NaN,
        "Total Operating Income As Reported": NaN,
        "Diluted Average Shares": NaN,
        "Basic Average Shares": NaN,
        "Diluted EPS": NaN,
        "Basic EPS": NaN,
        "Diluted NI Availto Com Stockholders": NaN,
        "Net Income Common Stockholders": NaN,
        "Net Income": NaN,
        "Net Income Including Noncontrolling Interests": NaN,
        "Net Income Continuous Operations": NaN,
        "Pretax Income": NaN,
        "Other Income Expense": NaN,
        "Other Non Operating Income Expenses": NaN,
        "Gain On Sale Of Security": NaN,
        "Net Non Operating Interest Income Expense": NaN,
        "Interest Expense Non Operating": 55000.0,
        "Interest Income Non Operating": NaN,
        "Operating Income": NaN,
        "Operating Expense": NaN,
        "Research And Development": NaN,
        "Selling General And Administration": NaN,
        "Selling And Marketing Expense": NaN,
        "General And Administrative Expense": NaN,
        "Other Gand A": NaN,
        "Salaries And Wages": 1116000.0,
        "Gross Profit": NaN,
        "Cost Of Revenue": NaN,
        "Total Revenue": NaN,
        "Operating Revenue": NaN
    },
    "2024-12-31": {
        "Tax Effect Of Unusual Items": 0.0,
        "Tax Rate For Calcs": 0.0,
        "Normalized EBITDA": -2054000.0,
        "Total Unusual Items": -6022000.0,
        "Total Unusual Items Excluding Goodwill": -6022000.0,
        "Net Income From Continuing Operation Net Minority Interest": -18108000.0,
        "Reconciled Depreciation": 529000.0,
        "Reconciled Cost Of Revenue": 8751000.0,
        "EBITDA": -8076000.0,
        "EBIT": -8605000.0,
        "Net Interest Income": 953000.0,
        "Interest Income": 951000.0,
        "Normalized Income": -12086000.0,
        "Net Income From Continuing And Discontinued Operation": -18108000.0,
        "Total Expenses": 33477000.0,
        "Total Operating Income As Reported": -13037000.0,
        "Diluted Average Shares": 42859341.0,
        "Basic Average Shares": 42859341.0,
        "Diluted EPS": -0.422498,
        "Basic EPS": -0.422498,
        "Diluted NI Availto Com Stockholders": -18108000.0,
        "Net Income Common Stockholders": -18108000.0,
        "Net Income": -18108000.0,
        "Net Income Including Noncontrolling Interests": -18108000.0,
        "Net Income Continuous Operations": -18108000.0,
        "Pretax Income": -18108000.0,
        "Other Income Expense": -6024000.0,
        "Other Non Operating Income Expenses": NaN,
        "Gain On Sale Of Security": -6022000.0,
        "Net Non Operating Interest Income Expense": 953000.0,
        "Interest Income Non Operating": 951000.0,
        "Operating Income": -13037000.0,
        "Operating Expense": 24726000.0,
        "Research And Development": 9214000.0,
        "Selling General And Administration": 15512000.0,
        "Selling And Marketing Expense": 11954000.0,
        "General And Administrative Expense": 3558000.0,
        "Other Gand A": 7346000.0,
        "Gross Profit": 11689000.0,
        "Cost Of Revenue": 8751000.0,
        "Total Revenue": 20440000.0,
        "Operating Revenue": 20440000.0
    },
    "2024-09-30": {
        "Tax Effect Of Unusual Items": 0.0,
        "Tax Rate For Calcs": 0.0,
        "Normalized EBITDA": -9536000.0,
        "Total Unusual Items": 419000.0,
        "Total Unusual Items Excluding Goodwill": 419000.0,
        "Net Income From Continuing Operation Net Minority Interest": -9736000.0,
        "Reconciled Depreciation": 615000.0,
        "Reconciled Cost Of Revenue": 7791000.0,
        "EBITDA": -9117000.0,
        "EBIT": -9732000.0,
        "Net Interest Income": 822000.0,
        "Interest Income": 826000.0,
        "Normalized Income": -10155000.0,
        "Net Income From Continuing And Discontinued Operation": -9736000.0,
        "Total Expenses": 27682000.0,
        "Total Operating Income As Reported": -10977000.0,
        "Diluted Average Shares": 42859341.0,
        "Basic Average Shares": 42859341.0,
        "Diluted EPS": NaN,
        "Basic EPS": NaN,
        "Diluted NI Availto Com Stockholders": -9736000.0,
        "Net Income Common Stockholders": -9736000.0,
        "Net Income": -9736000.0,
        "Net Income Including Noncontrolling Interests": -9736000.0,
        "Net Income Continuous Operations": -9736000.0,
        "Pretax Income": -9736000.0,
        "Other Income Expense": 419000.0,
        "Other Non Operating Income Expenses": NaN,
        "Gain On Sale Of Security": 419000.0,
        "Net Non Operating Interest Income Expense": 822000.0,
        "Interest Income Non Operating": 826000.0,
        "Operating Income": -10977000.0,
        "Operating Expense": 19891000.0,
        "Research And Development": 5141000.0,
        "Selling General And Administration": 14750000.0,
        "Selling And Marketing Expense": 9645000.0,
        "General And Administrative Expense": 5105000.0,
        "Other Gand A": 5105000.0,
        "Gross Profit": 8914000.0,
        "Cost Of Revenue": 7791000.0,
        "Total Revenue": 16705000.0,
        "Operating Revenue": 16705000.0
    },
    "2025-03-31": {
        "Tax Effect Of Unusual Items": 0.0,
        "Tax Rate For Calcs": 0.0,
        "Normalized EBITDA": -5588000.0,
        "Total Unusual Items": -12450000.0,
        "Total Unusual Items Excluding Goodwill": -12450000.0,
        "Net Income From Continuing Operation Net Minority Interest": -28656000.0,
        "Reconciled Depreciation": 604000.0,
        "Reconciled Cost Of Revenue": 8668000.0,
        "EBITDA": -18038000.0,
        "EBIT": -18642000.0,
        "Net Interest Income": 2436000.0,
        "Interest Income": 2436000.0,
        "Normalized Income": -16206000.0,
        "Net Income From Continuing And Discontinued Operation": -28656000.0,
        "Total Expenses": 36281000.0,
        "Total Operating Income As Reported": -18642000.0,
        "Diluted Average Shares": 30714769.0,
        "Basic Average Shares": 30714769.0,
        "Diluted EPS": -0.93,
        "Basic EPS": -0.93,
        "Diluted NI Availto Com Stockholders": -28656000.0,
        "Net Income Common Stockholders": -28656000.0,
        "Net Income": -28656000.0,
        "Net Income Including Noncontrolling Interests": -28656000.0,
        "Net Income Continuous Operations": -28656000.0,
        "Pretax Income": -28656000.0,
        "Other Income Expense": -12450000.0,
        "Other Non Operating Income Expenses": NaN,
        "Gain On Sale Of Security": -12450000.0,
        "Net Non Operating Interest Income Expense": 2436000.0,
        "Interest Income Non Operating": 2436000.0,
        "Operating Income": -18642000.0,
        "Operating Expense": 27613000.0,
        "Research And Development": 7590000.0,
        "Selling General And Administration": 20023000.0,
        "Selling And Marketing Expense": 13402000.0,
        "General And Administrative Expense": 6621000.0,
        "Other Gand A": 6621000.0,
        "Gross Profit": 8971000.0,
        "Cost Of Revenue": 8668000.0,
        "Total Revenue": 17639000.0,
        "Operating Revenue": 17639000.0
    },
    "2024-03-31": {
        "Tax Effect Of Unusual Items": NaN,
        "Tax Rate For Calcs": NaN,
        "Normalized EBITDA": NaN,
        "Total Unusual Items": -4139000.0,
        "Total Unusual Items Excluding Goodwill": -4139000.0,
        "Net Income From Continuing Operation Net Minority Interest": NaN,
        "Reconciled Depreciation": NaN,
        "Reconciled Cost Of Revenue": NaN,
        "EBITDA": NaN,
        "EBIT": NaN,
        "Net Interest Income": NaN,
        "Interest Income": NaN,
        "Normalized Income": NaN,
        "Net Income From Continuing And Discontinued Operation": NaN,
        "Total Expenses": NaN,
        "Total Operating Income As Reported": NaN,
        "Diluted Average Shares": NaN,
        "Basic Average Shares": NaN,
        "Diluted EPS": NaN,
        "Basic EPS": NaN,
        "Diluted NI Availto Com Stockholders": NaN,
        "Net Income Common Stockholders": NaN,
        "Net Income": NaN,
        "Net Income Including Noncontrolling Interests": NaN,
        "Net Income Continuous Operations": NaN,
        "Pretax Income": NaN,
        "Other Income Expense": NaN,
        "Other Non Operating Income Expenses": 4000.0,
        "Gain On Sale Of Security": -4139000.0,
        "Net Non Operating Interest Income Expense": NaN,
        "Interest Income Non Operating": NaN,
        "Operating Income": NaN,
        "Operating Expense": NaN,
        "Research And Development": NaN,
        "Selling General And Administration": NaN,
        "Selling And Marketing Expense": NaN,
        "General And Administrative Expense": NaN,
        "Other Gand A": NaN,
        "Gross Profit": NaN,
        "Cost Of Revenue": NaN,
        "Total Revenue": NaN,
        "Operating Revenue": NaN
    },
    "2025-06-30": {
        "Tax Effect Of Unusual Items": 0.0,
        "Tax Rate For Calcs": 0.0,
        "Normalized EBITDA": -19219000.0,
        "Total Unusual Items": NaN,
        "Total Unusual Items Excluding Goodwill": NaN,
        "Net Income From Continuing Operation Net Minority Interest": -16869000.0,
        "Reconciled Depreciation": 653000.0,
        "Reconciled Cost Of Revenue": 10735000.0,
        "EBITDA": -19219000.0,
        "EBIT": -19872000.0,
        "Net Interest Income": 3005000.0,
        "Interest Income": 3005000.0,
        "Normalized Income": -16869000.0,
        "Net Income From Continuing And Discontinued Operation": -16869000.0,
        "Total Expenses": 43110000.0,
        "Total Operating Income As Reported": -19872000.0,
        "Diluted Average Shares": 43390652.0,
        "Basic Average Shares": 43390652.0,
        "Diluted EPS": -0.39,
        "Basic EPS": -0.39,
        "Diluted NI Availto Com Stockholders": -16869000.0,
        "Net Income Common Stockholders": -16869000.0,
        "Net Income": -16869000.0,
        "Net Income Including Noncontrolling Interests": -16869000.0,
        "Net Income Continuous Operations": -16869000.0,
        "Pretax Income": -16869000.0,
        "Other Income Expense": -2000.0,
        "Other Non Operating Income Expenses": -2000.0,
        "Gain On Sale Of Security": NaN,
        "Net Non Operating Interest Income Expense": 3005000.0,
        "Interest Income Non Operating": 3005000.0,
        "Operating Income": -19872000.0,
        "Operating Expense": 32375000.0,
        "Research And Development": 8873000.0,
        "Selling General And Administration": 23502000.0,
        "Selling And Marketing Expense": 15623000.0,
        "General And Administrative Expense": 7879000.0,
        "Other Gand A": 7879000.0,
        "Gross Profit": 12503000.0,
        "Cost Of Revenue": 10735000.0,
        "Total Revenue": 23238000.0,
        "Operating Revenue": 23238000.0
    },
    "2024-06-30": {
        "Tax Effect Of Unusual Items": NaN,
        "Tax Rate For Calcs": NaN,
        "Normalized EBITDA": NaN,
        "Total Unusual Items": -3670000.0,
        "Total Unusual Items Excluding Goodwill": -3670000.0,
        "Net Income From Continuing Operation Net Minority Interest": NaN,
        "Reconciled Depreciation": NaN,
        "Reconciled Cost Of Revenue": NaN,
        "EBITDA": NaN,
        "EBIT": NaN,
        "Net Interest Income": NaN,
        "Interest Income": NaN,
        "Normalized Income": NaN,
        "Net Income From Continuing And Discontinued Operation": NaN,
        "Total Expenses": NaN,
        "Total Operating Income As Reported": NaN,
        "Diluted Average Shares": NaN,
        "Basic Average Shares": NaN,
        "Diluted EPS": -0.337453,
        "Basic EPS": -0.337453,
        "Diluted NI Availto Com Stockholders": NaN,
        "Net Income Common Stockholders": NaN,
        "Net Income": NaN,
        "Net Income Including Noncontrolling Interests": NaN,
        "Net Income Continuous Operations": NaN,
        "Pretax Income": NaN,
        "Other Income Expense": -3672000.0,
        "Other Non Operating Income Expenses": -2000.0,
        "Gain On Sale Of Security": -3670000.0,
        "Net Non Operating Interest Income Expense": NaN,
        "Interest Income Non Operating": NaN,
        "Operating Income": NaN,
        "Operating Expense": NaN,
        "Research And Development": NaN,
        "Selling General And Administration": NaN,
        "Selling And Marketing Expense": NaN,
        "General And Administrative Expense": NaN,
        "Other Gand A": NaN,
        "Gross Profit": NaN,
        "Cost Of Revenue": NaN,
        "Total Revenue": NaN,
        "Operating Revenue": NaN
    },
    "2025-09-30": {
        "Tax Effect Of Unusual Items": 0.0,
        "Tax Rate For Calcs": 0.0,
        "Normalized EBITDA": -16360000.0,
        "Total Unusual Items": NaN,
        "Total Unusual Items Excluding Goodwill": NaN,
        "Net Income From Continuing Operation Net Minority Interest": -14209000.0,
        "Reconciled Depreciation": 683000.0,
        "Reconciled Cost Of Revenue": 12134000.0,
        "EBITDA": -16360000.0,
        "EBIT": -17043000.0,
        "Net Interest Income": 2834000.0,
        "Interest Income": 2834000.0,
        "Normalized Income": -14209000.0,
        "Net Income From Continuing And Discontinued Operation": -14209000.0,
        "Total Expenses": 44296000.0,
        "Total Operating Income As Reported": -17043000.0,
        "Diluted Average Shares": 43634006.0,
        "Basic Average Shares": 43634006.0,
        "Diluted EPS": -0.33,
        "Basic EPS": -0.33,
        "Diluted NI Availto Com Stockholders": -14209000.0,
        "Net Income Common Stockholders": -14209000.0,
        "Net Income": -14209000.0,
        "Net Income Including Noncontrolling Interests": -14209000.0,
        "Net Income Continuous Operations": -14209000.0,
        "Pretax Income": -14209000.0,
        "Other Income Expense": NaN,
        "Other Non Operating Income Expenses": NaN,
        "Gain On Sale Of Security": NaN,
        "Net Non Operating Interest Income Expense": 2834000.0,
        "Interest Income Non Operating": 2834000.0,
        "Operating Income": -17043000.0,
        "Operating Expense": 32162000.0,
        "Research And Development": 8195000.0,
        "Selling General And Administration": 23967000.0,
        "Selling And Marketing Expense": 16045000.0,
        "General And Administrative Expense": 7922000.0,
        "Other Gand A": 7922000.0,
        "Gross Profit": 15119000.0,
        "Cost Of Revenue": 12134000.0,
        "Total Revenue": 27253000.0,
        "Operating Revenue": 27253000.0
    }
}