{
    "2023-04-30": {
        "Tax Effect Of Unusual Items": NaN,
        "Tax Rate For Calcs": NaN,
        "Normalized EBITDA": NaN,
        "Total Unusual Items": 7000000.0,
        "Total Unusual Items Excluding Goodwill": 7000000.0,
        "Net Income From Continuing Operation Net Minority Interest": NaN,
        "Reconciled Depreciation": NaN,
        "Reconciled Cost Of Revenue": NaN,
        "EBITDA": NaN,
        "EBIT": NaN,
        "Net Interest Income": NaN,
        "Interest Expense": NaN,
        "Normalized Income": NaN,
        "Net Income From Continuing And Discontinued Operation": NaN,
        "Total Expenses": NaN,
        "Total Operating Income As Reported": NaN,
        "Diluted Average Shares": NaN,
        "Basic Average Shares": NaN,
        "Diluted EPS": NaN,
        "Basic EPS": NaN,
        "Diluted NI Availto Com Stockholders": NaN,
        "Net Income Common Stockholders": NaN,
        "Net Income": NaN,
        "Net Income Including Noncontrolling Interests": NaN,
        "Net Income Continuous Operations": NaN,
        "Tax Provision": NaN,
        "Pretax Income": NaN,
        "Other Income Expense": NaN,
        "Other Non Operating Income Expenses": NaN,
        "Special Income Charges": 7000000.0,
        "Other Special Charges": -7000000.0,
        "Net Non Operating Interest Income Expense": NaN,
        "Interest Expense Non Operating": NaN,
        "Operating Income": NaN,
        "Operating Expense": NaN,
        "Selling General And Administration": NaN,
        "Selling And Marketing Expense": NaN,
        "General And Administrative Expense": 415000000.0,
        "Other Gand A": 415000000.0,
        "Gross Profit": NaN,
        "Cost Of Revenue": NaN,
        "Total Revenue": NaN,
        "Operating Revenue": NaN
    },
    "2023-01-31": {
        "Tax Effect Of Unusual Items": NaN,
        "Tax Rate For Calcs": NaN,
        "Normalized EBITDA": NaN,
        "Total Unusual Items": NaN,
        "Total Unusual Items Excluding Goodwill": NaN,
        "Net Income From Continuing Operation Net Minority Interest": NaN,
        "Reconciled Depreciation": NaN,
        "Reconciled Cost Of Revenue": NaN,
        "EBITDA": NaN,
        "EBIT": NaN,
        "Net Interest Income": NaN,
        "Interest Expense": NaN,
        "Normalized Income": NaN,
        "Net Income From Continuing And Discontinued Operation": NaN,
        "Total Expenses": NaN,
        "Total Operating Income As Reported": NaN,
        "Diluted Average Shares": NaN,
        "Basic Average Shares": NaN,
        "Diluted EPS": NaN,
        "Basic EPS": NaN,
        "Diluted NI Availto Com Stockholders": NaN,
        "Net Income Common Stockholders": NaN,
        "Net Income": NaN,
        "Net Income Including Noncontrolling Interests": NaN,
        "Net Income Discontinuous Operations": 6000000.0,
        "Net Income Continuous Operations": NaN,
        "Tax Provision": NaN,
        "Pretax Income": NaN,
        "Other Income Expense": NaN,
        "Other Non Operating Income Expenses": NaN,
        "Special Income Charges": NaN,
        "Other Special Charges": NaN,
        "Net Non Operating Interest Income Expense": NaN,
        "Interest Expense Non Operating": NaN,
        "Operating Income": NaN,
        "Operating Expense": NaN,
        "Selling General And Administration": NaN,
        "Selling And Marketing Expense": NaN,
        "General And Administrative Expense": 597000000.0,
        "Other Gand A": 597000000.0,
        "Gross Profit": NaN,
        "Cost Of Revenue": NaN,
        "Total Revenue": NaN,
        "Operating Revenue": NaN
    },
    "2022-10-31": {
        "Tax Effect Of Unusual Items": NaN,
        "Tax Rate For Calcs": NaN,
        "Normalized EBITDA": NaN,
        "Total Unusual Items": NaN,
        "Total Unusual Items Excluding Goodwill": NaN,
        "Net Income From Continuing Operation Net Minority Interest": NaN,
        "Reconciled Depreciation": NaN,
        "Reconciled Cost Of Revenue": NaN,
        "EBITDA": NaN,
        "EBIT": NaN,
        "Net Interest Income": NaN,
        "Interest Expense": NaN,
        "Normalized Income": NaN,
        "Net Income From Continuing And Discontinued Operation": NaN,
        "Total Expenses": NaN,
        "Total Operating Income As Reported": NaN,
        "Diluted Average Shares": NaN,
        "Basic Average Shares": NaN,
        "Diluted EPS": NaN,
        "Basic EPS": NaN,
        "Diluted NI Availto Com Stockholders": NaN,
        "Net Income Common Stockholders": NaN,
        "Net Income": NaN,
        "Net Income Including Noncontrolling Interests": NaN,
        "Net Income Discontinuous Operations": 0.0,
        "Net Income Continuous Operations": NaN,
        "Tax Provision": NaN,
        "Pretax Income": NaN,
        "Other Income Expense": NaN,
        "Other Non Operating Income Expenses": NaN,
        "Special Income Charges": NaN,
        "Other Special Charges": NaN,
        "Net Non Operating Interest Income Expense": NaN,
        "Interest Expense Non Operating": NaN,
        "Operating Income": NaN,
        "Operating Expense": NaN,
        "Selling General And Administration": NaN,
        "Selling And Marketing Expense": 476000000.0,
        "General And Administrative Expense": 476000000.0,
        "Other Gand A": 476000000.0,
        "Gross Profit": NaN,
        "Cost Of Revenue": NaN,
        "Total Revenue": NaN,
        "Operating Revenue": NaN
    },
    "2022-07-31": {
        "Tax Effect Of Unusual Items": 0.0,
        "Tax Rate For Calcs": 0.238918,
        "Normalized EBITDA": 243361000.0,
        "Total Unusual Items": 2000000.0,
        "Total Unusual Items Excluding Goodwill": 2000000.0,
        "Net Income From Continuing Operation Net Minority Interest": 120012000.0,
        "Reconciled Depreciation": 53000000.0,
        "Reconciled Cost Of Revenue": 958139000.0,
        "EBITDA": 243361000.0,
        "EBIT": 243361000.0,
        "Net Interest Income": -85675000.0,
        "Interest Expense": 85675000.0,
        "Normalized Income": 120012000.0,
        "Net Income From Continuing And Discontinued Operation": 120012000.0,
        "Total Expenses": 1375673000.0,
        "Total Operating Income As Reported": 241830000.0,
        "Diluted Average Shares": 231000000.0,
        "Basic Average Shares": 230000000.0,
        "Diluted EPS": 0.52,
        "Basic EPS": 0.52,
        "Diluted NI Availto Com Stockholders": 120012000.0,
        "Net Income Common Stockholders": 120012000.0,
        "Net Income": 120012000.0,
        "Net Income Including Noncontrolling Interests": 120012000.0,
        "Net Income Discontinuous Operations": 0.0,
        "Net Income Continuous Operations": 120012000.0,
        "Tax Provision": 37674000.0,
        "Pretax Income": 157686000.0,
        "Other Income Expense": 1531000.0,
        "Other Non Operating Income Expenses": 1531000.0,
        "Special Income Charges": 2000000.0,
        "Other Special Charges": -2000000.0,
        "Net Non Operating Interest Income Expense": -85675000.0,
        "Interest Expense Non Operating": 85675000.0,
        "Operating Income": 241830000.0,
        "Operating Expense": 417534000.0,
        "Selling General And Administration": 417534000.0,
        "Selling And Marketing Expense": NaN,
        "General And Administrative Expense": 417534000.0,
        "Other Gand A": 417534000.0,
        "Gross Profit": 659364000.0,
        "Cost Of Revenue": 958139000.0,
        "Total Revenue": 1617503000.0,
        "Operating Revenue": 1617503000.0
    },
    "2022-04-30": {
        "Diluted EPS": 0.64,
        "Total Revenue": NaN,
        "Gross Profit": 669,
        "Operating Income": 280,
        "EBIT": 333,
        "Net Income": 155
    },
    "2022-01-31": {
        "Diluted EPS": 2.28,
        "Total Revenue": NaN,
        "Gross Profit": NaN,
        "Operating Income": 879,
        "EBIT": 932,
        "Net Income": 595
    },
    "2021-10-31": {
        "Diluted EPS": 0.33,
        "Total Revenue": NaN,
        "Gross Profit": 839,
        "Operating Income": 409,
        "EBIT": 461,
        "Net Income": 88
    },
    "2021-07-31": {
        "Diluted EPS": 1.34,
        "Total Revenue": NaN,
        "Gross Profit": 828,
        "Operating Income": 384,
        "EBIT": 513,
        "Net Income": 374
    },
    "2021-04-30": {
        "Diluted EPS": 0.97,
        "Total Revenue": NaN,
        "Gross Profit": 742,
        "Operating Income": 337,
        "EBIT": 466,
        "Net Income": 277
    },
    "2021-01-31": {
        "Diluted EPS": 3.03,
        "Total Revenue": NaN,
        "Gross Profit": NaN,
        "Operating Income": 869,
        "EBIT": 997,
        "Net Income": 860
    },
    "2020-10-31": {
        "Diluted EPS": 1.17,
        "Total Revenue": NaN,
        "Gross Profit": 863,
        "Operating Income": 436,
        "EBIT": 563,
        "Net Income": 331
    },
    "2020-07-31": {
        "Diluted EPS": -0.18,
        "Total Revenue": NaN,
        "Gross Profit": 711,
        "Operating Income": 44,
        "EBIT": 171,
        "Net Income": -49
    },
    "2020-04-30": {
        "Diluted EPS": -1.07,
        "Total Revenue": NaN,
        "Gross Profit": 288,
        "Operating Income": -318,
        "EBIT": -179,
        "Net Income": -297
    },
    "2020-01-31": {
        "Diluted EPS": -0.7,
        "Total Revenue": NaN,
        "Gross Profit": NaN,
        "Operating Income": 82,
        "EBIT": 947,
        "Net Income": -192
    },
    "2019-10-31": {
        "Diluted EPS": -0.91,
        "Total Revenue": NaN,
        "Gross Profit": 741,
        "Operating Income": -151,
        "EBIT": -3,
        "Net Income": -252
    },
    "2019-07-31": {
        "Diluted EPS": 0.14,
        "Total Revenue": NaN,
        "Gross Profit": 983,
        "Operating Income": 175,
        "EBIT": 325,
        "Net Income": 38
    },
    "2019-04-30": {
        "Diluted EPS": 0.14,
        "Total Revenue": NaN,
        "Gross Profit": 934,
        "Operating Income": 153,
        "EBIT": 298,
        "Net Income": 40
    },
    "2019-01-31": {
        "Diluted EPS": 1.94,
        "Total Revenue": NaN,
        "Gross Profit": NaN,
        "Operating Income": 800,
        "EBIT": 935,
        "Net Income": 540
    },
    "2018-10-31": {
        "Diluted EPS": -0.16,
        "Total Revenue": NaN,
        "Gross Profit": 928,
        "Operating Income": 54,
        "EBIT": 192,
        "Net Income": -43
    },
    "2018-07-31": {
        "Diluted EPS": 0.36,
        "Total Revenue": NaN,
        "Gross Profit": NaN,
        "Operating Income": 228,
        "EBIT": 365,
        "Net Income": 99
    },
    "2018-04-30": {
        "Diluted EPS": 0.17,
        "Total Revenue": NaN,
        "Gross Profit": 944,
        "Operating Income": 155,
        "EBIT": 292,
        "Net Income": 48
    },
    "2018-01-31": {
        "Diluted EPS": 2.31,
        "Total Revenue": NaN,
        "Gross Profit": NaN,
        "Operating Income": 986,
        "EBIT": NaN,
        "Net Income": 664
    },
    "2017-10-31": {
        "Diluted EPS": 0.3,
        "Total Revenue": NaN,
        "Gross Profit": 989,
        "Operating Income": 232,
        "EBIT": 365,
        "Net Income": 86
    },
    "2017-07-31": {
        "Diluted EPS": 0.48,
        "Total Revenue": NaN,
        "Gross Profit": NaN,
        "Operating Income": 301,
        "EBIT": 429,
        "Net Income": 139
    },
    "2017-04-30": {
        "Diluted EPS": 0.33,
        "Total Revenue": NaN,
        "Gross Profit": 903,
        "Operating Income": 209,
        "EBIT": 339,
        "Net Income": 94
    },
    "2017-01-31": {
        "Diluted EPS": 2.17,
        "Total Revenue": NaN,
        "Gross Profit": NaN,
        "Operating Income": 988,
        "EBIT": NaN,
        "Net Income": 632
    },
    "2016-10-31": {
        "Diluted EPS": 0.42,
        "Total Revenue": NaN,
        "Gross Profit": NaN,
        "Operating Income": 284,
        "EBIT": 405,
        "Net Income": 122
    },
    "2016-07-31": {
        "Diluted EPS": 0.87,
        "Total Revenue": NaN,
        "Gross Profit": NaN,
        "Operating Income": 408,
        "EBIT": 520,
        "Net Income": 252
    },
    "2016-04-30": {
        "Diluted EPS": 0.52,
        "Total Revenue": NaN,
        "Gross Profit": NaN,
        "Operating Income": 323,
        "EBIT": 433,
        "Net Income": 152
    },
    "2016-01-31": {
        "Diluted EPS": 2.15,
        "Total Revenue": NaN,
        "Gross Profit": NaN,
        "Operating Income": NaN,
        "EBIT": NaN,
        "Net Income": 637
    },
    "2015-10-31": {
        "Diluted EPS": 0.55,
        "Total Revenue": NaN,
        "Gross Profit": NaN,
        "Operating Income": 339,
        "EBIT": 439,
        "Net Income": 164
    },
    "2015-07-31": {
        "Diluted EPS": 0.68,
        "Total Revenue": NaN,
        "Gross Profit": NaN,
        "Operating Income": 403,
        "EBIT": 506,
        "Net Income": 202
    },
    "2015-04-30": {
        "Diluted EPS": 0.84,
        "Total Revenue": NaN,
        "Gross Profit": NaN,
        "Operating Income": 372,
        "EBIT": 473,
        "Net Income": 250
    },
    "2015-01-31": {
        "Diluted EPS": 1.9,
        "Total Revenue": NaN,
        "Gross Profit": NaN,
        "Operating Income": 957,
        "EBIT": NaN,
        "Net Income": 565
    },
    "2014-10-31": {
        "Diluted EPS": 0.44,
        "Total Revenue": NaN,
        "Gross Profit": 947,
        "Operating Income": 284,
        "EBIT": 382,
        "Net Income": 132
    },
    "2014-07-31": {
        "Diluted EPS": 0.63,
        "Total Revenue": NaN,
        "Gross Profit": NaN,
        "Operating Income": 376,
        "EBIT": 475,
        "Net Income": 188
    },
    "2014-04-30": {
        "Diluted EPS": 0.53,
        "Total Revenue": NaN,
        "Gross Profit": 982,
        "Operating Income": 336,
        "EBIT": 436,
        "Net Income": 157
    },
    "2014-01-31": {
        "Diluted EPS": 1.65,
        "Total Revenue": NaN,
        "Gross Profit": NaN,
        "Operating Income": 863,
        "EBIT": 961,
        "Net Income": 490
    },
    "2013-10-31": {
        "Diluted EPS": 0.31,
        "Total Revenue": NaN,
        "Gross Profit": 857,
        "Operating Income": 211,
        "EBIT": 298,
        "Net Income": 92
    },
    "2013-07-31": {
        "Diluted EPS": 0.61,
        "Total Revenue": NaN,
        "Gross Profit": 989,
        "Operating Income": 358,
        "EBIT": 450,
        "Net Income": 178
    },
    "2013-04-30": {
        "Diluted EPS": 0.48,
        "Total Revenue": NaN,
        "Gross Profit": 941,
        "Operating Income": 311,
        "EBIT": 402,
        "Net Income": 143
    },
    "2013-01-31": {
        "Diluted EPS": 1.39,
        "Total Revenue": NaN,
        "Gross Profit": NaN,
        "Operating Income": 788,
        "EBIT": 974,
        "Net Income": 411
    },
    "2012-10-31": {
        "Diluted EPS": 0.25,
        "Total Revenue": NaN,
        "Gross Profit": 825,
        "Operating Income": 187,
        "EBIT": 274,
        "Net Income": 74
    },
    "2012-07-31": {
        "Diluted EPS": 0.49,
        "Total Revenue": NaN,
        "Gross Profit": 942,
        "Operating Income": 305,
        "EBIT": 393,
        "Net Income": 143
    },
    "2012-04-30": {
        "Diluted EPS": 0.41,
        "Total Revenue": NaN,
        "Gross Profit": 902,
        "Operating Income": 293,
        "EBIT": 379,
        "Net Income": 125
    },
    "2012-01-31": {
        "Diluted EPS": 1.16,
        "Total Revenue": NaN,
        "Gross Profit": NaN,
        "Operating Income": 641,
        "EBIT": 965,
        "Net Income": 360
    },
    "2011-10-31": {
        "Diluted EPS": 0.31,
        "Total Revenue": NaN,
        "Gross Profit": 785,
        "Operating Income": 186,
        "EBIT": 270,
        "Net Income": 94
    },
    "2011-07-31": {
        "Diluted EPS": 0.73,
        "Total Revenue": NaN,
        "Gross Profit": 902,
        "Operating Income": 194,
        "EBIT": 284,
        "Net Income": 231
    },
    "2011-04-30": {
        "Diluted EPS": 0.5,
        "Total Revenue": NaN,
        "Gross Profit": 842,
        "Operating Income": 217,
        "EBIT": 307,
        "Net Income": 165
    },
    "2011-01-31": {
        "Diluted EPS": 1.36,
        "Total Revenue": NaN,
        "Gross Profit": NaN,
        "Operating Income": 714,
        "EBIT": 813,
        "Net Income": 453
    },
    "2010-10-31": {
        "Diluted EPS": 0.18,
        "Total Revenue": NaN,
        "Gross Profit": 714,
        "Operating Income": 149,
        "EBIT": 238,
        "Net Income": 61
    },
    "2010-07-31": {
        "Diluted EPS": 0.54,
        "Total Revenue": NaN,
        "Gross Profit": 778,
        "Operating Income": 236,
        "EBIT": 324,
        "Net Income": 178
    },
    "2010-04-30": {
        "Diluted EPS": 0.34,
        "Total Revenue": NaN,
        "Gross Profit": 694,
        "Operating Income": 185,
        "EBIT": 274,
        "Net Income": 113
    },
    "2010-01-31": {
        "Diluted EPS": 1.08,
        "Total Revenue": NaN,
        "Gross Profit": NaN,
        "Operating Income": 586,
        "EBIT": 684,
        "Net Income": 356
    },
    "2009-10-31": {
        "Diluted EPS": 0.05,
        "Total Revenue": NaN,
        "Gross Profit": 563,
        "Operating Income": 59,
        "EBIT": 148,
        "Net Income": 15
    },
    "2009-07-31": {
        "Diluted EPS": 0.23,
        "Total Revenue": NaN,
        "Gross Profit": 668,
        "Operating Income": 158,
        "EBIT": 246,
        "Net Income": 74
    },
    "2009-04-30": {
        "Diluted EPS": 0.01,
        "Total Revenue": NaN,
        "Gross Profit": 548,
        "Operating Income": 65,
        "EBIT": 150,
        "Net Income": 3
    },
    "2009-01-31": {
        "Diluted EPS": 0.06,
        "Total Revenue": NaN,
        "Gross Profit": NaN,
        "Operating Income": 153,
        "EBIT": 461,
        "Net Income": 16
    },
    "2023-07-31": {
        "Tax Effect Of Unusual Items": NaN,
        "Tax Rate For Calcs": NaN,
        "Normalized EBITDA": NaN,
        "Total Unusual Items": NaN,
        "Total Unusual Items Excluding Goodwill": NaN,
        "Net Income From Continuing Operation Net Minority Interest": NaN,
        "Reconciled Depreciation": NaN,
        "Reconciled Cost Of Revenue": NaN,
        "EBITDA": NaN,
        "EBIT": NaN,
        "Net Interest Income": NaN,
        "Interest Expense": NaN,
        "Normalized Income": NaN,
        "Net Income From Continuing And Discontinued Operation": NaN,
        "Total Expenses": NaN,
        "Total Operating Income As Reported": NaN,
        "Diluted Average Shares": NaN,
        "Basic Average Shares": NaN,
        "Diluted EPS": NaN,
        "Basic EPS": NaN,
        "Diluted NI Availto Com Stockholders": NaN,
        "Net Income Common Stockholders": NaN,
        "Net Income": NaN,
        "Net Income Including Noncontrolling Interests": NaN,
        "Net Income Continuous Operations": NaN,
        "Tax Provision": NaN,
        "Pretax Income": NaN,
        "Other Income Expense": NaN,
        "Other Non Operating Income Expenses": NaN,
        "Special Income Charges": NaN,
        "Other Special Charges": NaN,
        "Net Non Operating Interest Income Expense": NaN,
        "Interest Expense Non Operating": NaN,
        "Operating Income": NaN,
        "Operating Expense": NaN,
        "Selling General And Administration": NaN,
        "Selling And Marketing Expense": 434000000.0,
        "Gross Profit": NaN,
        "Cost Of Revenue": NaN,
        "Total Revenue": NaN,
        "Operating Revenue": NaN
    },
    "2023-10-31": {
        "Tax Effect Of Unusual Items": NaN,
        "Tax Rate For Calcs": NaN,
        "Normalized EBITDA": NaN,
        "Total Unusual Items": 12000000.0,
        "Total Unusual Items Excluding Goodwill": 12000000.0,
        "Net Income From Continuing Operation Net Minority Interest": NaN,
        "Reconciled Depreciation": NaN,
        "Reconciled Cost Of Revenue": NaN,
        "EBITDA": NaN,
        "EBIT": NaN,
        "Net Interest Income": NaN,
        "Interest Expense": NaN,
        "Normalized Income": NaN,
        "Net Income From Continuing And Discontinued Operation": NaN,
        "Total Expenses": NaN,
        "Total Operating Income As Reported": NaN,
        "Diluted Average Shares": NaN,
        "Basic Average Shares": NaN,
        "Diluted EPS": NaN,
        "Basic EPS": NaN,
        "Diluted NI Availto Com Stockholders": NaN,
        "Net Income Common Stockholders": NaN,
        "Net Income": NaN,
        "Net Income Including Noncontrolling Interests": NaN,
        "Net Income Continuous Operations": NaN,
        "Tax Provision": NaN,
        "Pretax Income": NaN,
        "Other Income Expense": NaN,
        "Other Non Operating Income Expenses": NaN,
        "Special Income Charges": 12000000.0,
        "Other Special Charges": -12000000.0,
        "Net Non Operating Interest Income Expense": NaN,
        "Interest Expense Non Operating": NaN,
        "Operating Income": NaN,
        "Operating Expense": NaN,
        "Selling General And Administration": NaN,
        "Selling And Marketing Expense": 461000000.0,
        "General And Administrative Expense": NaN,
        "Other Gand A": NaN,
        "Gross Profit": NaN,
        "Cost Of Revenue": NaN,
        "Total Revenue": NaN,
        "Operating Revenue": NaN
    },
    "2024-01-31": {
        "Tax Effect Of Unusual Items": 0.0,
        "Tax Rate For Calcs": 0.070626,
        "Normalized EBITDA": 779000000.0,
        "Total Unusual Items": NaN,
        "Total Unusual Items Excluding Goodwill": NaN,
        "Net Income From Continuing Operation Net Minority Interest": 579000000.0,
        "Reconciled Depreciation": NaN,
        "Reconciled Cost Of Revenue": 1575000000.0,
        "EBITDA": 779000000.0,
        "EBIT": 709000000.0,
        "Net Interest Income": -86000000.0,
        "Interest Expense": 86000000.0,
        "Normalized Income": 579000000.0,
        "Net Income From Continuing And Discontinued Operation": 579000000.0,
        "Total Expenses": 2216000000.0,
        "Total Operating Income As Reported": 696000000.0,
        "Diluted Average Shares": 227000000.0,
        "Basic Average Shares": 225940592.0,
        "Diluted EPS": 2.55,
        "Basic EPS": NaN,
        "Diluted NI Availto Com Stockholders": 579000000.0,
        "Net Income Common Stockholders": 579000000.0,
        "Net Income": 579000000.0,
        "Net Income Including Noncontrolling Interests": 579000000.0,
        "Net Income Continuous Operations": 579000000.0,
        "Tax Provision": 44000000.0,
        "Pretax Income": 623000000.0,
        "Other Income Expense": 13000000.0,
        "Other Non Operating Income Expenses": NaN,
        "Special Income Charges": NaN,
        "Other Special Charges": NaN,
        "Net Non Operating Interest Income Expense": -86000000.0,
        "Interest Expense Non Operating": 86000000.0,
        "Operating Income": 696000000.0,
        "Operating Expense": 641000000.0,
        "Selling General And Administration": 641000000.0,
        "Selling And Marketing Expense": NaN,
        "Gross Profit": 1337000000.0,
        "Cost Of Revenue": 1575000000.0,
        "Total Revenue": 2912000000.0,
        "Operating Revenue": 2912000000.0
    },
    "2024-04-30": {
        "Tax Effect Of Unusual Items": NaN,
        "Tax Rate For Calcs": NaN,
        "Normalized EBITDA": NaN,
        "Total Unusual Items": 1000000.0,
        "Total Unusual Items Excluding Goodwill": 1000000.0,
        "Net Income From Continuing Operation Net Minority Interest": NaN,
        "Reconciled Depreciation": NaN,
        "Reconciled Cost Of Revenue": NaN,
        "EBITDA": NaN,
        "EBIT": NaN,
        "Net Interest Income": NaN,
        "Interest Expense": NaN,
        "Normalized Income": NaN,
        "Net Income From Continuing And Discontinued Operation": NaN,
        "Total Expenses": NaN,
        "Total Operating Income As Reported": NaN,
        "Diluted Average Shares": NaN,
        "Basic Average Shares": NaN,
        "Diluted EPS": NaN,
        "Basic EPS": NaN,
        "Diluted NI Availto Com Stockholders": NaN,
        "Net Income Common Stockholders": NaN,
        "Net Income": NaN,
        "Net Income Including Noncontrolling Interests": NaN,
        "Net Income Continuous Operations": NaN,
        "Tax Provision": NaN,
        "Pretax Income": NaN,
        "Other Income Expense": NaN,
        "Other Non Operating Income Expenses": NaN,
        "Special Income Charges": 1000000.0,
        "Other Special Charges": -1000000.0,
        "Net Non Operating Interest Income Expense": NaN,
        "Interest Expense Non Operating": NaN,
        "Operating Income": NaN,
        "Operating Expense": NaN,
        "Selling General And Administration": NaN,
        "Selling And Marketing Expense": 292000000.0,
        "General And Administrative Expense": 127000000.0,
        "Other Gand A": 127000000.0,
        "Gross Profit": NaN,
        "Cost Of Revenue": NaN,
        "Total Revenue": NaN,
        "Operating Revenue": NaN
    },
    "2024-07-31": {
        "Tax Effect Of Unusual Items": 0.0,
        "Tax Rate For Calcs": 0.009,
        "Normalized EBITDA": 301000000.0,
        "Total Unusual Items": NaN,
        "Total Unusual Items Excluding Goodwill": NaN,
        "Net Income From Continuing Operation Net Minority Interest": 152000000.0,
        "Reconciled Depreciation": 71000000.0,
        "Reconciled Cost Of Revenue": 900000000.0,
        "EBITDA": 301000000.0,
        "EBIT": 230000000.0,
        "Net Interest Income": -77000000.0,
        "Interest Expense": 77000000.0,
        "Normalized Income": 152000000.0,
        "Net Income From Continuing And Discontinued Operation": 152000000.0,
        "Total Expenses": 1343000000.0,
        "Total Operating Income As Reported": 183000000.0,
        "Diluted Average Shares": 223000000.0,
        "Basic Average Shares": 220000000.0,
        "Diluted EPS": 0.68,
        "Basic EPS": 0.680908,
        "Diluted NI Availto Com Stockholders": 152000000.0,
        "Net Income Common Stockholders": 152000000.0,
        "Net Income": 152000000.0,
        "Net Income Including Noncontrolling Interests": 152000000.0,
        "Net Income Continuous Operations": 152000000.0,
        "Tax Provision": 1000000.0,
        "Pretax Income": 153000000.0,
        "Other Income Expense": 47000000.0,
        "Other Non Operating Income Expenses": 47000000.0,
        "Special Income Charges": NaN,
        "Other Special Charges": NaN,
        "Net Non Operating Interest Income Expense": -77000000.0,
        "Interest Expense Non Operating": 77000000.0,
        "Operating Income": 183000000.0,
        "Operating Expense": 443000000.0,
        "Selling General And Administration": 443000000.0,
        "Selling And Marketing Expense": 443000000.0,
        "General And Administrative Expense": NaN,
        "Other Gand A": NaN,
        "Gross Profit": 626000000.0,
        "Cost Of Revenue": 900000000.0,
        "Total Revenue": 1526000000.0,
        "Operating Revenue": 1526000000.0
    },
    "2024-10-31": {
        "Tax Effect Of Unusual Items": 0.0,
        "Tax Rate For Calcs": 0.267,
        "Normalized EBITDA": 291000000.0,
        "Total Unusual Items": NaN,
        "Total Unusual Items Excluding Goodwill": NaN,
        "Net Income From Continuing Operation Net Minority Interest": 106000000.0,
        "Reconciled Depreciation": 69000000.0,
        "Reconciled Cost Of Revenue": 910000000.0,
        "EBITDA": 291000000.0,
        "EBIT": 222000000.0,
        "Net Interest Income": -77000000.0,
        "Interest Expense": 77000000.0,
        "Normalized Income": 106000000.0,
        "Net Income From Continuing And Discontinued Operation": 106000000.0,
        "Total Expenses": 1392000000.0,
        "Total Operating Income As Reported": 218000000.0,
        "Diluted Average Shares": 219000000.0,
        "Basic Average Shares": 217000000.0,
        "Diluted EPS": 0.483771,
        "Basic EPS": 0.483771,
        "Diluted NI Availto Com Stockholders": 106000000.0,
        "Net Income Common Stockholders": 106000000.0,
        "Net Income": 106000000.0,
        "Net Income Including Noncontrolling Interests": 106000000.0,
        "Net Income Continuous Operations": 106000000.0,
        "Tax Provision": 39000000.0,
        "Pretax Income": 145000000.0,
        "Other Income Expense": 4000000.0,
        "Other Non Operating Income Expenses": 4000000.0,
        "Special Income Charges": NaN,
        "Other Special Charges": NaN,
        "Net Non Operating Interest Income Expense": -77000000.0,
        "Interest Expense Non Operating": 77000000.0,
        "Operating Income": 218000000.0,
        "Operating Expense": 482000000.0,
        "Selling General And Administration": 482000000.0,
        "Selling And Marketing Expense": 482000000.0,
        "General And Administrative Expense": NaN,
        "Other Gand A": NaN,
        "Gross Profit": 700000000.0,
        "Cost Of Revenue": 910000000.0,
        "Total Revenue": 1610000000.0,
        "Operating Revenue": 1610000000.0
    },
    "2025-01-31": {
        "Tax Effect Of Unusual Items": 0.0,
        "Tax Rate For Calcs": 0.258592,
        "Normalized EBITDA": 758000000.0,
        "Total Unusual Items": NaN,
        "Total Unusual Items Excluding Goodwill": NaN,
        "Net Income From Continuing Operation Net Minority Interest": 453000000.0,
        "Reconciled Depreciation": 71000000.0,
        "Reconciled Cost Of Revenue": 1486000000.0,
        "EBITDA": 758000000.0,
        "EBIT": 687000000.0,
        "Net Interest Income": -76000000.0,
        "Interest Expense": 76000000.0,
        "Normalized Income": 453000000.0,
        "Net Income From Continuing And Discontinued Operation": 453000000.0,
        "Total Expenses": 2109000000.0,
        "Total Operating Income As Reported": 678000000.0,
        "Diluted Average Shares": 217000000.0,
        "Basic Average Shares": 216000000.0,
        "Diluted EPS": 2.09,
        "Basic EPS": 2.091586,
        "Diluted NI Availto Com Stockholders": 453000000.0,
        "Net Income Common Stockholders": 453000000.0,
        "Net Income": 453000000.0,
        "Net Income Including Noncontrolling Interests": 453000000.0,
        "Net Income Continuous Operations": 453000000.0,
        "Tax Provision": 158000000.0,
        "Pretax Income": 611000000.0,
        "Other Income Expense": 9000000.0,
        "Other Non Operating Income Expenses": 51000000.0,
        "Special Income Charges": NaN,
        "Other Special Charges": NaN,
        "Net Non Operating Interest Income Expense": -76000000.0,
        "Interest Expense Non Operating": 76000000.0,
        "Operating Income": 678000000.0,
        "Operating Expense": 623000000.0,
        "Selling General And Administration": 623000000.0,
        "Selling And Marketing Expense": NaN,
        "General And Administrative Expense": NaN,
        "Other Gand A": NaN,
        "Gross Profit": 1301000000.0,
        "Cost Of Revenue": 1486000000.0,
        "Total Revenue": 2787000000.0,
        "Operating Revenue": 2787000000.0
    },
    "2025-04-30": {
        "Tax Effect Of Unusual Items": 0.0,
        "Tax Rate For Calcs": 0.284,
        "Normalized EBITDA": 281000000.0,
        "Total Unusual Items": NaN,
        "Total Unusual Items Excluding Goodwill": NaN,
        "Net Income From Continuing Operation Net Minority Interest": 105000000.0,
        "Reconciled Depreciation": 64000000.0,
        "Reconciled Cost Of Revenue": 778000000.0,
        "EBITDA": 281000000.0,
        "EBIT": 217000000.0,
        "Net Interest Income": -71000000.0,
        "Interest Expense": 71000000.0,
        "Normalized Income": 105000000.0,
        "Net Income From Continuing And Discontinued Operation": 105000000.0,
        "Total Expenses": 1215000000.0,
        "Total Operating Income As Reported": 209000000.0,
        "Diluted Average Shares": 215000000.0,
        "Basic Average Shares": 212000000.0,
        "Diluted EPS": 0.49,
        "Basic EPS": 0.492941,
        "Diluted NI Availto Com Stockholders": 105000000.0,
        "Net Income Common Stockholders": 105000000.0,
        "Net Income": 105000000.0,
        "Net Income Including Noncontrolling Interests": 105000000.0,
        "Net Income Continuous Operations": 105000000.0,
        "Tax Provision": 41000000.0,
        "Pretax Income": 146000000.0,
        "Other Income Expense": 8000000.0,
        "Other Non Operating Income Expenses": 8000000.0,
        "Special Income Charges": NaN,
        "Other Special Charges": NaN,
        "Net Non Operating Interest Income Expense": -71000000.0,
        "Interest Expense Non Operating": 71000000.0,
        "Operating Income": 209000000.0,
        "Operating Expense": 437000000.0,
        "Selling General And Administration": 437000000.0,
        "Selling And Marketing Expense": 305000000.0,
        "General And Administrative Expense": 132000000.0,
        "Other Gand A": 132000000.0,
        "Gross Profit": 646000000.0,
        "Cost Of Revenue": 778000000.0,
        "Total Revenue": 1424000000.0,
        "Operating Revenue": 1424000000.0
    },
    "2025-07-31": {
        "Tax Effect Of Unusual Items": 0.0,
        "Tax Rate For Calcs": 0.326316,
        "Normalized EBITDA": 227000000.0,
        "Total Unusual Items": NaN,
        "Total Unusual Items Excluding Goodwill": NaN,
        "Net Income From Continuing Operation Net Minority Interest": 64000000.0,
        "Reconciled Depreciation": 64000000.0,
        "Reconciled Cost Of Revenue": 909000000.0,
        "EBITDA": 227000000.0,
        "EBIT": 163000000.0,
        "Net Interest Income": -68000000.0,
        "Interest Expense": 68000000.0,
        "Normalized Income": 64000000.0,
        "Net Income From Continuing And Discontinued Operation": 64000000.0,
        "Total Expenses": 1392000000.0,
        "Total Operating Income As Reported": 157000000.0,
        "Diluted Average Shares": 211611794.0,
        "Basic Average Shares": 211611794.0,
        "Diluted EPS": 0.3,
        "Basic EPS": 0.302441,
        "Diluted NI Availto Com Stockholders": 64000000.0,
        "Net Income Common Stockholders": 64000000.0,
        "Net Income": 64000000.0,
        "Net Income Including Noncontrolling Interests": 64000000.0,
        "Net Income Continuous Operations": 64000000.0,
        "Tax Provision": 31000000.0,
        "Pretax Income": 95000000.0,
        "Other Income Expense": 6000000.0,
        "Other Non Operating Income Expenses": 6000000.0,
        "Special Income Charges": NaN,
        "Other Special Charges": NaN,
        "Net Non Operating Interest Income Expense": -68000000.0,
        "Interest Expense Non Operating": 68000000.0,
        "Operating Income": 157000000.0,
        "Operating Expense": 483000000.0,
        "Selling General And Administration": 483000000.0,
        "Selling And Marketing Expense": 335000000.0,
        "General And Administrative Expense": 148000000.0,
        "Other Gand A": 148000000.0,
        "Gross Profit": 640000000.0,
        "Cost Of Revenue": 909000000.0,
        "Total Revenue": 1549000000.0,
        "Operating Revenue": 1549000000.0
    }
}