{
    "2023-04-30": {
        "Tax Effect Of Unusual Items": 6990000.0,
        "Tax Rate For Calcs": 0.233,
        "Normalized EBITDA": 539000000.0,
        "Total Unusual Items": 30000000.0,
        "Total Unusual Items Excluding Goodwill": 30000000.0,
        "Net Income From Continuing Operation Net Minority Interest": 244000000.0,
        "Reconciled Depreciation": 237000000.0,
        "Reconciled Cost Of Revenue": 7317000000.0,
        "EBITDA": 569000000.0,
        "EBIT": 332000000.0,
        "Net Interest Income": -12000000.0,
        "Interest Expense": 12000000.0,
        "Normalized Income": 220990000.0,
        "Net Income From Continuing And Discontinued Operation": 244000000.0,
        "Total Expenses": 9165000000.0,
        "Total Operating Income As Reported": 311000000.0,
        "Diluted Average Shares": 219900000.0,
        "Basic Average Shares": 218900000.0,
        "Diluted EPS": 1.11,
        "Basic EPS": 1.11,
        "Diluted NI Availto Com Stockholders": 244000000.0,
        "Net Income Common Stockholders": 244000000.0,
        "Net Income": 244000000.0,
        "Net Income Including Noncontrolling Interests": 244000000.0,
        "Net Income Continuous Operations": 244000000.0,
        "Earnings From Equity Interest Net Of Tax": -1000000.0,
        "Tax Provision": 75000000.0,
        "Pretax Income": 320000000.0,
        "Other Income Expense": 30000000.0,
        "Special Income Charges": 9000000.0,
        "Gain On Sale Of Business": NaN,
        "Restructuring And Mergern Acquisition": -9000000.0,
        "Gain On Sale Of Security": 21000000.0,
        "Net Non Operating Interest Income Expense": -12000000.0,
        "Interest Expense Non Operating": 12000000.0,
        "Operating Income": 302000000.0,
        "Operating Expense": 1848000000.0,
        "Selling General And Administration": 1848000000.0,
        "Gross Profit": 2150000000.0,
        "Cost Of Revenue": 7317000000.0,
        "Total Revenue": 9467000000.0,
        "Operating Revenue": 9467000000.0
    },
    "2023-01-31": {
        "Tax Effect Of Unusual Items": -11587561.374795,
        "Tax Rate For Calcs": 0.193126,
        "Normalized EBITDA": 922000000.0,
        "Total Unusual Items": -60000000.0,
        "Total Unusual Items Excluding Goodwill": -60000000.0,
        "Net Income From Continuing Operation Net Minority Interest": 495000000.0,
        "Reconciled Depreciation": 239000000.0,
        "Reconciled Cost Of Revenue": 11795000000.0,
        "EBITDA": 862000000.0,
        "EBIT": 623000000.0,
        "Net Interest Income": -12000000.0,
        "Interest Expense": 12000000.0,
        "Normalized Income": 543412438.625205,
        "Net Income From Continuing And Discontinued Operation": 495000000.0,
        "Total Expenses": 14052000000.0,
        "Total Operating Income As Reported": 597000000.0,
        "Diluted Average Shares": 221800000.0,
        "Basic Average Shares": 220900000.0,
        "Diluted EPS": 2.23,
        "Basic EPS": 2.24,
        "Diluted NI Availto Com Stockholders": 495000000.0,
        "Net Income Common Stockholders": 495000000.0,
        "Net Income": 495000000.0,
        "Net Income Including Noncontrolling Interests": 495000000.0,
        "Net Income Continuous Operations": 495000000.0,
        "Earnings From Equity Interest Net Of Tax": 2000000.0,
        "Tax Provision": 118000000.0,
        "Pretax Income": 611000000.0,
        "Other Income Expense": -60000000.0,
        "Special Income Charges": -86000000.0,
        "Gain On Sale Of Business": NaN,
        "Restructuring And Mergern Acquisition": 86000000.0,
        "Gain On Sale Of Security": 26000000.0,
        "Net Non Operating Interest Income Expense": -12000000.0,
        "Interest Expense Non Operating": 12000000.0,
        "Operating Income": 683000000.0,
        "Operating Expense": 2257000000.0,
        "Selling General And Administration": 2257000000.0,
        "Gross Profit": 2940000000.0,
        "Cost Of Revenue": 11795000000.0,
        "Total Revenue": 14735000000.0,
        "Operating Revenue": 14735000000.0
    },
    "2022-10-31": {
        "Tax Effect Of Unusual Items": NaN,
        "Tax Rate For Calcs": NaN,
        "Normalized EBITDA": NaN,
        "Total Unusual Items": NaN,
        "Total Unusual Items Excluding Goodwill": NaN,
        "Net Income From Continuing Operation Net Minority Interest": NaN,
        "Reconciled Depreciation": NaN,
        "Reconciled Cost Of Revenue": NaN,
        "EBITDA": NaN,
        "EBIT": NaN,
        "Net Interest Income": NaN,
        "Interest Expense": NaN,
        "Normalized Income": NaN,
        "Net Income From Continuing And Discontinued Operation": NaN,
        "Total Expenses": NaN,
        "Total Operating Income As Reported": NaN,
        "Diluted Average Shares": NaN,
        "Basic Average Shares": NaN,
        "Diluted EPS": NaN,
        "Basic EPS": NaN,
        "Diluted NI Availto Com Stockholders": NaN,
        "Net Income Common Stockholders": NaN,
        "Net Income": NaN,
        "Net Income Including Noncontrolling Interests": NaN,
        "Net Income Continuous Operations": NaN,
        "Earnings From Equity Interest Net Of Tax": NaN,
        "Tax Provision": NaN,
        "Pretax Income": NaN,
        "Other Income Expense": NaN,
        "Special Income Charges": NaN,
        "Gain On Sale Of Business": 0.0,
        "Restructuring And Mergern Acquisition": NaN,
        "Gain On Sale Of Security": NaN,
        "Net Non Operating Interest Income Expense": NaN,
        "Interest Expense Non Operating": NaN,
        "Operating Income": NaN,
        "Operating Expense": NaN,
        "Selling General And Administration": NaN,
        "Gross Profit": NaN,
        "Cost Of Revenue": NaN,
        "Total Revenue": NaN,
        "Operating Revenue": NaN
    },
    "2022-07-31": {
        "Tax Effect Of Unusual Items": -4836000.0,
        "Tax Rate For Calcs": 0.156,
        "Normalized EBITDA": 634000000.0,
        "Total Unusual Items": -31000000.0,
        "Total Unusual Items Excluding Goodwill": -31000000.0,
        "Net Income From Continuing Operation Net Minority Interest": 306000000.0,
        "Reconciled Depreciation": 229000000.0,
        "Reconciled Cost Of Revenue": 8042000000.0,
        "EBITDA": 603000000.0,
        "EBIT": 374000000.0,
        "Net Interest Income": -7000000.0,
        "Interest Expense": 7000000.0,
        "Normalized Income": 332164000.0,
        "Net Income From Continuing And Discontinued Operation": 306000000.0,
        "Total Expenses": 9924000000.0,
        "Total Operating Income As Reported": 371000000.0,
        "Diluted Average Shares": 226100000.0,
        "Basic Average Shares": 225400000.0,
        "Diluted EPS": 1.35,
        "Basic EPS": 1.36,
        "Diluted NI Availto Com Stockholders": 306000000.0,
        "Net Income Common Stockholders": 306000000.0,
        "Net Income": 306000000.0,
        "Net Income Including Noncontrolling Interests": 306000000.0,
        "Net Income Continuous Operations": 306000000.0,
        "Earnings From Equity Interest Net Of Tax": -3000000.0,
        "Tax Provision": 58000000.0,
        "Pretax Income": 367000000.0,
        "Other Income Expense": -31000000.0,
        "Special Income Charges": -34000000.0,
        "Gain On Sale Of Business": NaN,
        "Restructuring And Mergern Acquisition": 34000000.0,
        "Gain On Sale Of Security": 3000000.0,
        "Net Non Operating Interest Income Expense": -7000000.0,
        "Interest Expense Non Operating": 7000000.0,
        "Operating Income": 405000000.0,
        "Operating Expense": 1882000000.0,
        "Selling General And Administration": 1882000000.0,
        "Gross Profit": 2287000000.0,
        "Cost Of Revenue": 8042000000.0,
        "Total Revenue": 10329000000.0,
        "Operating Revenue": 10329000000.0
    },
    "2022-04-30": {
        "Diluted EPS": 1.49,
        "Total Revenue": NaN,
        "Gross Profit": NaN,
        "Operating Income": 462,
        "EBIT": 686,
        "Net Income": 341
    },
    "2022-01-31": {
        "Diluted EPS": 2.62,
        "Total Revenue": NaN,
        "Gross Profit": NaN,
        "Operating Income": 803,
        "EBIT": NaN,
        "Net Income": 626
    },
    "2021-10-31": {
        "Diluted EPS": 2.0,
        "Total Revenue": NaN,
        "Gross Profit": NaN,
        "Operating Income": 670,
        "EBIT": 884,
        "Net Income": 499
    },
    "2021-07-31": {
        "Diluted EPS": 2.9,
        "Total Revenue": NaN,
        "Gross Profit": NaN,
        "Operating Income": 797,
        "EBIT": NaN,
        "Net Income": 734
    },
    "2021-04-30": {
        "Diluted EPS": 2.32,
        "Total Revenue": NaN,
        "Gross Profit": NaN,
        "Operating Income": 769,
        "EBIT": 985,
        "Net Income": 595
    },
    "2021-01-31": {
        "Diluted EPS": 3.1,
        "Total Revenue": NaN,
        "Gross Profit": NaN,
        "Operating Income": NaN,
        "EBIT": NaN,
        "Net Income": 816
    },
    "2020-10-31": {
        "Diluted EPS": 1.48,
        "Total Revenue": NaN,
        "Gross Profit": NaN,
        "Operating Income": 561,
        "EBIT": 775,
        "Net Income": 391
    },
    "2020-07-31": {
        "Diluted EPS": 1.65,
        "Total Revenue": NaN,
        "Gross Profit": NaN,
        "Operating Income": 568,
        "EBIT": 775,
        "Net Income": 432
    },
    "2020-04-30": {
        "Diluted EPS": 0.61,
        "Total Revenue": NaN,
        "Gross Profit": NaN,
        "Operating Income": 229,
        "EBIT": 436,
        "Net Income": 159
    },
    "2020-01-31": {
        "Diluted EPS": 2.78,
        "Total Revenue": NaN,
        "Gross Profit": NaN,
        "Operating Income": 967,
        "EBIT": NaN,
        "Net Income": 745
    },
    "2019-10-31": {
        "Diluted EPS": 1.1,
        "Total Revenue": NaN,
        "Gross Profit": NaN,
        "Operating Income": 395,
        "EBIT": 601,
        "Net Income": 293
    },
    "2019-07-31": {
        "Diluted EPS": 0.89,
        "Total Revenue": NaN,
        "Gross Profit": NaN,
        "Operating Income": 313,
        "EBIT": 514,
        "Net Income": 238
    },
    "2019-04-30": {
        "Diluted EPS": 0.98,
        "Total Revenue": NaN,
        "Gross Profit": NaN,
        "Operating Income": 334,
        "EBIT": 534,
        "Net Income": 265
    },
    "2019-01-31": {
        "Diluted EPS": 2.63,
        "Total Revenue": NaN,
        "Gross Profit": NaN,
        "Operating Income": 978,
        "EBIT": NaN,
        "Net Income": 735
    },
    "2018-10-31": {
        "Diluted EPS": 0.99,
        "Total Revenue": NaN,
        "Gross Profit": NaN,
        "Operating Income": 322,
        "EBIT": 514,
        "Net Income": 277
    },
    "2018-07-31": {
        "Diluted EPS": 0.86,
        "Total Revenue": NaN,
        "Gross Profit": NaN,
        "Operating Income": 335,
        "EBIT": 517,
        "Net Income": 244
    },
    "2018-04-30": {
        "Diluted EPS": 0.72,
        "Total Revenue": NaN,
        "Gross Profit": NaN,
        "Operating Income": 265,
        "EBIT": 441,
        "Net Income": 208
    },
    "2018-01-31": {
        "Diluted EPS": 1.21,
        "Total Revenue": NaN,
        "Gross Profit": NaN,
        "Operating Income": 872,
        "EBIT": NaN,
        "Net Income": 364
    },
    "2017-10-31": {
        "Diluted EPS": 0.78,
        "Total Revenue": NaN,
        "Gross Profit": NaN,
        "Operating Income": 350,
        "EBIT": 521,
        "Net Income": 239
    },
    "2017-07-31": {
        "Diluted EPS": 0.67,
        "Total Revenue": NaN,
        "Gross Profit": NaN,
        "Operating Income": 321,
        "EBIT": 489,
        "Net Income": 209
    },
    "2017-04-30": {
        "Diluted EPS": 0.6,
        "Total Revenue": NaN,
        "Gross Profit": NaN,
        "Operating Income": 300,
        "EBIT": 461,
        "Net Income": 188
    },
    "2017-01-31": {
        "Diluted EPS": 1.89,
        "Total Revenue": NaN,
        "Gross Profit": NaN,
        "Operating Income": 881,
        "EBIT": NaN,
        "Net Income": 607
    },
    "2016-10-31": {
        "Diluted EPS": 0.61,
        "Total Revenue": NaN,
        "Gross Profit": NaN,
        "Operating Income": 312,
        "EBIT": 476,
        "Net Income": 194
    },
    "2016-07-31": {
        "Diluted EPS": 0.61,
        "Total Revenue": NaN,
        "Gross Profit": NaN,
        "Operating Income": 289,
        "EBIT": 454,
        "Net Income": 198
    },
    "2016-04-30": {
        "Diluted EPS": 0.7,
        "Total Revenue": NaN,
        "Gross Profit": NaN,
        "Operating Income": 372,
        "EBIT": 534,
        "Net Income": 229
    },
    "2016-01-31": {
        "Diluted EPS": 1.38,
        "Total Revenue": NaN,
        "Gross Profit": NaN,
        "Operating Income": 771,
        "EBIT": 934,
        "Net Income": 479
    },
    "2015-10-31": {
        "Diluted EPS": 0.36,
        "Total Revenue": NaN,
        "Gross Profit": NaN,
        "Operating Income": 230,
        "EBIT": 398,
        "Net Income": 125
    },
    "2015-07-31": {
        "Diluted EPS": 0.46,
        "Total Revenue": NaN,
        "Gross Profit": NaN,
        "Operating Income": 288,
        "EBIT": 451,
        "Net Income": 164
    },
    "2015-04-30": {
        "Diluted EPS": 0.36,
        "Total Revenue": NaN,
        "Gross Profit": NaN,
        "Operating Income": 86,
        "EBIT": 249,
        "Net Income": 129
    },
    "2015-01-31": {
        "Diluted EPS": 1.46,
        "Total Revenue": NaN,
        "Gross Profit": NaN,
        "Operating Income": 810,
        "EBIT": 982,
        "Net Income": 519
    },
    "2014-10-31": {
        "Diluted EPS": 0.3,
        "Total Revenue": NaN,
        "Gross Profit": NaN,
        "Operating Income": 205,
        "EBIT": 370,
        "Net Income": 107
    },
    "2014-07-31": {
        "Diluted EPS": 0.42,
        "Total Revenue": NaN,
        "Gross Profit": NaN,
        "Operating Income": 225,
        "EBIT": 383,
        "Net Income": 146
    },
    "2014-04-30": {
        "Diluted EPS": 1.31,
        "Total Revenue": NaN,
        "Gross Profit": NaN,
        "Operating Income": 210,
        "EBIT": 371,
        "Net Income": 461
    },
    "2014-01-31": {
        "Diluted EPS": 0.84,
        "Total Revenue": NaN,
        "Gross Profit": NaN,
        "Operating Income": 473,
        "EBIT": 639,
        "Net Income": 293
    },
    "2013-10-31": {
        "Diluted EPS": 0.16,
        "Total Revenue": NaN,
        "Gross Profit": NaN,
        "Operating Income": 90,
        "EBIT": 253,
        "Net Income": 54
    },
    "2013-07-31": {
        "Diluted EPS": 0.77,
        "Total Revenue": NaN,
        "Gross Profit": NaN,
        "Operating Income": 413,
        "EBIT": 590,
        "Net Income": 266
    },
    "2013-04-30": {
        "Diluted EPS": -0.24,
        "Total Revenue": NaN,
        "Gross Profit": NaN,
        "Operating Income": 168,
        "EBIT": 378,
        "Net Income": -81
    },
    "2013-01-31": {
        "Diluted EPS": -1.21,
        "Total Revenue": NaN,
        "Gross Profit": NaN,
        "Operating Income": -145,
        "EBIT": 907,
        "Net Income": -409
    },
    "2012-10-31": {
        "Diluted EPS": -0.03,
        "Total Revenue": NaN,
        "Gross Profit": NaN,
        "Operating Income": 2,
        "EBIT": 224,
        "Net Income": -10
    },
    "2012-07-31": {
        "Diluted EPS": 0.04,
        "Total Revenue": NaN,
        "Gross Profit": NaN,
        "Operating Income": 88,
        "EBIT": 316,
        "Net Income": 12
    },
    "2012-04-30": {
        "Diluted EPS": 0.46,
        "Total Revenue": NaN,
        "Gross Profit": NaN,
        "Operating Income": 264,
        "EBIT": 501,
        "Net Income": 158
    },
    "2012-02-29": {
        "Diluted EPS": 0.0,
        "Total Revenue": NaN,
        "Gross Profit": NaN,
        "Operating Income": NaN,
        "EBIT": NaN,
        "Net Income": NaN
    },
    "2012-01-31": {
        "Diluted EPS": -5.17,
        "Total Revenue": NaN,
        "Gross Profit": NaN,
        "Operating Income": -121,
        "EBIT": NaN,
        "Net Income": NaN
    },
    "2011-11-30": {
        "Diluted EPS": 0.42,
        "Total Revenue": NaN,
        "Gross Profit": NaN,
        "Operating Income": 178,
        "EBIT": 884,
        "Net Income": 154
    },
    "2011-10-31": {
        "Diluted EPS": 0.42,
        "Total Revenue": NaN,
        "Gross Profit": NaN,
        "Operating Income": 381,
        "EBIT": 620,
        "Net Income": 156
    },
    "2011-08-31": {
        "Diluted EPS": 0.47,
        "Total Revenue": NaN,
        "Gross Profit": NaN,
        "Operating Income": 287,
        "EBIT": 526,
        "Net Income": 177
    },
    "2011-07-31": {
        "Diluted EPS": 0.34,
        "Total Revenue": NaN,
        "Gross Profit": NaN,
        "Operating Income": 260,
        "EBIT": -210,
        "Net Income": 128
    },
    "2011-05-31": {
        "Diluted EPS": 0.35,
        "Total Revenue": NaN,
        "Gross Profit": NaN,
        "Operating Income": 282,
        "EBIT": -188,
        "Net Income": 136
    },
    "2011-04-30": {
        "Diluted EPS": 0.53,
        "Total Revenue": NaN,
        "Gross Profit": NaN,
        "Operating Income": 460,
        "EBIT": NaN,
        "Net Income": 212
    },
    "2011-02-28": {
        "Diluted EPS": 1.58,
        "Total Revenue": NaN,
        "Gross Profit": NaN,
        "Operating Income": NaN,
        "EBIT": NaN,
        "Net Income": 651
    },
    "2010-11-30": {
        "Diluted EPS": 0.54,
        "Total Revenue": NaN,
        "Gross Profit": NaN,
        "Operating Income": 385,
        "EBIT": NaN,
        "Net Income": 217
    },
    "2010-08-31": {
        "Diluted EPS": 0.6,
        "Total Revenue": NaN,
        "Gross Profit": NaN,
        "Operating Income": 411,
        "EBIT": 649,
        "Net Income": 254
    },
    "2010-05-31": {
        "Diluted EPS": 0.36,
        "Total Revenue": NaN,
        "Gross Profit": NaN,
        "Operating Income": 313,
        "EBIT": -175,
        "Net Income": 155
    },
    "2010-02-28": {
        "Diluted EPS": 1.84,
        "Total Revenue": NaN,
        "Gross Profit": NaN,
        "Operating Income": NaN,
        "EBIT": NaN,
        "Net Income": 779
    },
    "2009-11-30": {
        "Diluted EPS": 0.53,
        "Total Revenue": NaN,
        "Gross Profit": NaN,
        "Operating Income": 376,
        "EBIT": NaN,
        "Net Income": 227
    },
    "2009-08-31": {
        "Diluted EPS": 0.37,
        "Total Revenue": NaN,
        "Gross Profit": NaN,
        "Operating Income": 280,
        "EBIT": 512,
        "Net Income": 158
    },
    "2009-05-31": {
        "Diluted EPS": 0.36,
        "Total Revenue": NaN,
        "Gross Profit": NaN,
        "Operating Income": 296,
        "EBIT": -167,
        "Net Income": 153
    },
    "2009-02-28": {
        "Diluted EPS": 1.35,
        "Total Revenue": NaN,
        "Gross Profit": NaN,
        "Operating Income": 980,
        "EBIT": NaN,
        "Net Income": 570
    },
    "2023-07-31": {
        "Tax Effect Of Unusual Items": NaN,
        "Tax Rate For Calcs": NaN,
        "Normalized EBITDA": NaN,
        "Total Unusual Items": NaN,
        "Total Unusual Items Excluding Goodwill": NaN,
        "Net Income From Continuing Operation Net Minority Interest": NaN,
        "Reconciled Depreciation": NaN,
        "Reconciled Cost Of Revenue": NaN,
        "EBITDA": NaN,
        "EBIT": NaN,
        "Net Interest Income": NaN,
        "Interest Expense": NaN,
        "Normalized Income": NaN,
        "Net Income From Continuing And Discontinued Operation": NaN,
        "Total Expenses": NaN,
        "Total Operating Income As Reported": NaN,
        "Diluted Average Shares": NaN,
        "Basic Average Shares": NaN,
        "Diluted EPS": NaN,
        "Basic EPS": NaN,
        "Diluted NI Availto Com Stockholders": NaN,
        "Net Income Common Stockholders": NaN,
        "Net Income": NaN,
        "Net Income Including Noncontrolling Interests": NaN,
        "Net Income Continuous Operations": NaN,
        "Earnings From Equity Interest Net Of Tax": NaN,
        "Tax Provision": NaN,
        "Pretax Income": NaN,
        "Other Income Expense": NaN,
        "Special Income Charges": NaN,
        "Gain On Sale Of Business": 21000000.0,
        "Restructuring And Mergern Acquisition": NaN,
        "Gain On Sale Of Security": NaN,
        "Net Non Operating Interest Income Expense": NaN,
        "Interest Expense Non Operating": NaN,
        "Operating Income": NaN,
        "Operating Expense": NaN,
        "Selling General And Administration": NaN,
        "Gross Profit": NaN,
        "Cost Of Revenue": NaN,
        "Total Revenue": NaN,
        "Operating Revenue": NaN
    },
    "2023-10-31": {
        "Tax Effect Of Unusual Items": NaN,
        "Tax Rate For Calcs": NaN,
        "Normalized EBITDA": NaN,
        "Total Unusual Items": NaN,
        "Total Unusual Items Excluding Goodwill": NaN,
        "Net Income From Continuing Operation Net Minority Interest": NaN,
        "Reconciled Depreciation": NaN,
        "Reconciled Cost Of Revenue": NaN,
        "EBITDA": NaN,
        "EBIT": NaN,
        "Net Interest Income": NaN,
        "Interest Expense": NaN,
        "Normalized Income": NaN,
        "Net Income From Continuing And Discontinued Operation": NaN,
        "Total Expenses": NaN,
        "Total Operating Income As Reported": NaN,
        "Diluted Average Shares": NaN,
        "Basic Average Shares": NaN,
        "Diluted EPS": NaN,
        "Basic EPS": NaN,
        "Diluted NI Availto Com Stockholders": NaN,
        "Net Income Common Stockholders": NaN,
        "Net Income": NaN,
        "Net Income Including Noncontrolling Interests": NaN,
        "Net Income Continuous Operations": NaN,
        "Earnings From Equity Interest Net Of Tax": NaN,
        "Tax Provision": NaN,
        "Pretax Income": NaN,
        "Other Income Expense": NaN,
        "Special Income Charges": NaN,
        "Gain On Sale Of Business": 0.0,
        "Restructuring And Mergern Acquisition": NaN,
        "Gain On Sale Of Security": NaN,
        "Net Non Operating Interest Income Expense": NaN,
        "Interest Expense Non Operating": NaN,
        "Operating Income": NaN,
        "Operating Expense": NaN,
        "Selling General And Administration": NaN,
        "Gross Profit": NaN,
        "Cost Of Revenue": NaN,
        "Total Revenue": NaN,
        "Operating Revenue": NaN
    },
    "2024-01-31": {
        "Tax Effect Of Unusual Items": NaN,
        "Tax Rate For Calcs": NaN,
        "Normalized EBITDA": NaN,
        "Total Unusual Items": NaN,
        "Total Unusual Items Excluding Goodwill": NaN,
        "Net Income From Continuing Operation Net Minority Interest": NaN,
        "Reconciled Depreciation": NaN,
        "Reconciled Cost Of Revenue": NaN,
        "EBITDA": NaN,
        "EBIT": NaN,
        "Net Interest Income": NaN,
        "Interest Expense": NaN,
        "Normalized Income": NaN,
        "Net Income From Continuing And Discontinued Operation": NaN,
        "Total Expenses": NaN,
        "Total Operating Income As Reported": NaN,
        "Diluted Average Shares": 216800000.0,
        "Basic Average Shares": 215900000.0,
        "Diluted EPS": 2.12,
        "Basic EPS": 2.13,
        "Diluted NI Availto Com Stockholders": NaN,
        "Net Income Common Stockholders": NaN,
        "Net Income": NaN,
        "Net Income Including Noncontrolling Interests": NaN,
        "Net Income Continuous Operations": NaN,
        "Earnings From Equity Interest Net Of Tax": NaN,
        "Tax Provision": NaN,
        "Pretax Income": NaN,
        "Other Income Expense": NaN,
        "Special Income Charges": NaN,
        "Gain On Sale Of Business": 0.0,
        "Restructuring And Mergern Acquisition": NaN,
        "Gain On Sale Of Security": NaN,
        "Net Non Operating Interest Income Expense": NaN,
        "Interest Expense Non Operating": NaN,
        "Operating Income": NaN,
        "Operating Expense": NaN,
        "Selling General And Administration": NaN,
        "Gross Profit": NaN,
        "Cost Of Revenue": NaN,
        "Total Revenue": NaN,
        "Operating Revenue": NaN
    },
    "2024-04-30": {
        "Tax Effect Of Unusual Items": 2470000.0,
        "Tax Rate For Calcs": 0.247,
        "Normalized EBITDA": 546000000.0,
        "Total Unusual Items": 10000000.0,
        "Total Unusual Items Excluding Goodwill": 10000000.0,
        "Net Income From Continuing Operation Net Minority Interest": 246000000.0,
        "Reconciled Depreciation": 219000000.0,
        "Reconciled Cost Of Revenue": 6783000000.0,
        "EBITDA": 556000000.0,
        "EBIT": 337000000.0,
        "Net Interest Income": -12000000.0,
        "Interest Expense": 12000000.0,
        "Normalized Income": 238470000.0,
        "Net Income From Continuing And Discontinued Operation": 246000000.0,
        "Total Expenses": 8520000000.0,
        "Total Operating Income As Reported": 312000000.0,
        "Diluted Average Shares": 217200000.0,
        "Basic Average Shares": 216200000.0,
        "Diluted EPS": 1.13,
        "Basic EPS": 1.14,
        "Diluted NI Availto Com Stockholders": 246000000.0,
        "Net Income Common Stockholders": 246000000.0,
        "Net Income": 246000000.0,
        "Net Income Including Noncontrolling Interests": 246000000.0,
        "Net Income Continuous Operations": 246000000.0,
        "Earnings From Equity Interest Net Of Tax": 1000000.0,
        "Tax Provision": 80000000.0,
        "Pretax Income": 325000000.0,
        "Other Income Expense": 10000000.0,
        "Special Income Charges": -15000000.0,
        "Gain On Sale Of Business": NaN,
        "Restructuring And Mergern Acquisition": 15000000.0,
        "Gain On Sale Of Security": 25000000.0,
        "Net Non Operating Interest Income Expense": -12000000.0,
        "Interest Expense Non Operating": 12000000.0,
        "Operating Income": 327000000.0,
        "Operating Expense": 1737000000.0,
        "Selling General And Administration": 1737000000.0,
        "Gross Profit": 2064000000.0,
        "Cost Of Revenue": 6783000000.0,
        "Total Revenue": 8847000000.0,
        "Operating Revenue": 8847000000.0
    },
    "2024-07-31": {
        "Tax Effect Of Unusual Items": 7224000.0,
        "Tax Rate For Calcs": 0.258,
        "Normalized EBITDA": 594000000.0,
        "Total Unusual Items": 28000000.0,
        "Total Unusual Items Excluding Goodwill": 28000000.0,
        "Net Income From Continuing Operation Net Minority Interest": 291000000.0,
        "Reconciled Depreciation": 218000000.0,
        "Reconciled Cost Of Revenue": 7102000000.0,
        "EBITDA": 622000000.0,
        "EBIT": 404000000.0,
        "Net Interest Income": -13000000.0,
        "Interest Expense": 13000000.0,
        "Normalized Income": 270224000.0,
        "Net Income From Continuing And Discontinued Operation": 291000000.0,
        "Total Expenses": 8912000000.0,
        "Total Operating Income As Reported": 383000000.0,
        "Diluted Average Shares": 217100000.0,
        "Basic Average Shares": 216000000.0,
        "Diluted EPS": 1.34,
        "Basic EPS": 1.35,
        "Diluted NI Availto Com Stockholders": 291000000.0,
        "Net Income Common Stockholders": 291000000.0,
        "Net Income": 291000000.0,
        "Net Income Including Noncontrolling Interests": 291000000.0,
        "Net Income Continuous Operations": 291000000.0,
        "Earnings From Equity Interest Net Of Tax": 1000000.0,
        "Tax Provision": 101000000.0,
        "Pretax Income": 391000000.0,
        "Other Income Expense": 28000000.0,
        "Special Income Charges": 7000000.0,
        "Gain On Sale Of Business": 0.0,
        "Restructuring And Mergern Acquisition": -7000000.0,
        "Gain On Sale Of Security": 21000000.0,
        "Net Non Operating Interest Income Expense": -13000000.0,
        "Interest Expense Non Operating": 13000000.0,
        "Operating Income": 376000000.0,
        "Operating Expense": 1810000000.0,
        "Selling General And Administration": 1810000000.0,
        "Gross Profit": 2186000000.0,
        "Cost Of Revenue": 7102000000.0,
        "Total Revenue": 9288000000.0,
        "Operating Revenue": 9288000000.0
    },
    "2024-10-31": {
        "Tax Effect Of Unusual Items": 5497000.0,
        "Tax Rate For Calcs": 0.239,
        "Normalized EBITDA": 559000000.0,
        "Total Unusual Items": 23000000.0,
        "Total Unusual Items Excluding Goodwill": 23000000.0,
        "Net Income From Continuing Operation Net Minority Interest": 273000000.0,
        "Reconciled Depreciation": 213000000.0,
        "Reconciled Cost Of Revenue": 7228000000.0,
        "EBITDA": 582000000.0,
        "EBIT": 369000000.0,
        "Net Interest Income": -13000000.0,
        "Interest Expense": 13000000.0,
        "Normalized Income": 255497000.0,
        "Net Income From Continuing And Discontinued Operation": 273000000.0,
        "Total Expenses": 9099000000.0,
        "Total Operating Income As Reported": 350000000.0,
        "Diluted Average Shares": 216700000.0,
        "Basic Average Shares": 214800000.0,
        "Diluted EPS": 1.26,
        "Basic EPS": 1.27,
        "Diluted NI Availto Com Stockholders": 273000000.0,
        "Net Income Common Stockholders": 273000000.0,
        "Net Income": 273000000.0,
        "Net Income Including Noncontrolling Interests": 273000000.0,
        "Net Income Continuous Operations": 273000000.0,
        "Earnings From Equity Interest Net Of Tax": 2000000.0,
        "Tax Provision": 85000000.0,
        "Pretax Income": 356000000.0,
        "Other Income Expense": 23000000.0,
        "Special Income Charges": 4000000.0,
        "Gain On Sale Of Business": 0.0,
        "Restructuring And Mergern Acquisition": -4000000.0,
        "Gain On Sale Of Security": 19000000.0,
        "Net Non Operating Interest Income Expense": -13000000.0,
        "Interest Expense Non Operating": 13000000.0,
        "Operating Income": 346000000.0,
        "Operating Expense": 1871000000.0,
        "Selling General And Administration": 1871000000.0,
        "Gross Profit": 2217000000.0,
        "Cost Of Revenue": 7228000000.0,
        "Total Revenue": 9445000000.0,
        "Operating Revenue": 9445000000.0
    },
    "2025-01-31": {
        "Tax Effect Of Unusual Items": -94290000.0,
        "Tax Rate For Calcs": 0.21,
        "Normalized EBITDA": 901000000.0,
        "Total Unusual Items": -449000000.0,
        "Total Unusual Items Excluding Goodwill": -449000000.0,
        "Net Income From Continuing Operation Net Minority Interest": 117000000.0,
        "Reconciled Depreciation": 216000000.0,
        "Reconciled Cost Of Revenue": 11030000000.0,
        "EBITDA": 452000000.0,
        "EBIT": 236000000.0,
        "Net Interest Income": -13000000.0,
        "Interest Expense": 13000000.0,
        "Normalized Income": 471710000.0,
        "Net Income From Continuing And Discontinued Operation": 117000000.0,
        "Total Expenses": 13263000000.0,
        "Total Operating Income As Reported": 217000000.0,
        "Diluted Average Shares": NaN,
        "Basic Average Shares": NaN,
        "Diluted EPS": NaN,
        "Basic EPS": NaN,
        "Diluted NI Availto Com Stockholders": 117000000.0,
        "Net Income Common Stockholders": 117000000.0,
        "Net Income": 117000000.0,
        "Net Income Including Noncontrolling Interests": 117000000.0,
        "Net Income Continuous Operations": 117000000.0,
        "Earnings From Equity Interest Net Of Tax": 0.0,
        "Tax Provision": 106000000.0,
        "Pretax Income": 223000000.0,
        "Other Income Expense": -449000000.0,
        "Special Income Charges": -468000000.0,
        "Gain On Sale Of Business": 0.0,
        "Restructuring And Mergern Acquisition": -7000000.0,
        "Gain On Sale Of Security": 19000000.0,
        "Net Non Operating Interest Income Expense": -13000000.0,
        "Interest Expense Non Operating": 13000000.0,
        "Operating Income": 685000000.0,
        "Operating Expense": 2233000000.0,
        "Selling General And Administration": 2233000000.0,
        "Gross Profit": 2918000000.0,
        "Cost Of Revenue": 11030000000.0,
        "Total Revenue": 13948000000.0,
        "Operating Revenue": 13948000000.0
    },
    "2025-04-30": {
        "Tax Effect Of Unusual Items": -8084000.0,
        "Tax Rate For Calcs": 0.086,
        "Normalized EBITDA": 539000000.0,
        "Total Unusual Items": -94000000.0,
        "Total Unusual Items Excluding Goodwill": -94000000.0,
        "Net Income From Continuing Operation Net Minority Interest": 202000000.0,
        "Reconciled Depreciation": 211000000.0,
        "Reconciled Cost Of Revenue": 6718000000.0,
        "EBITDA": 445000000.0,
        "EBIT": 234000000.0,
        "Net Interest Income": -12000000.0,
        "Interest Expense": 12000000.0,
        "Normalized Income": 287916000.0,
        "Net Income From Continuing And Discontinued Operation": 202000000.0,
        "Total Expenses": 8439000000.0,
        "Total Operating Income As Reported": 219000000.0,
        "Diluted Average Shares": 213000000.0,
        "Basic Average Shares": 212000000.0,
        "Diluted EPS": 0.95,
        "Basic EPS": 0.95,
        "Diluted NI Availto Com Stockholders": 202000000.0,
        "Net Income Common Stockholders": 202000000.0,
        "Net Income": 202000000.0,
        "Net Income Including Noncontrolling Interests": 202000000.0,
        "Net Income Continuous Operations": 202000000.0,
        "Earnings From Equity Interest Net Of Tax": -1000000.0,
        "Tax Provision": 19000000.0,
        "Pretax Income": 222000000.0,
        "Other Income Expense": -94000000.0,
        "Special Income Charges": -109000000.0,
        "Gain On Sale Of Business": NaN,
        "Restructuring And Mergern Acquisition": 109000000.0,
        "Gain On Sale Of Security": 15000000.0,
        "Net Non Operating Interest Income Expense": -12000000.0,
        "Interest Expense Non Operating": 12000000.0,
        "Operating Income": 328000000.0,
        "Operating Expense": 1721000000.0,
        "Selling General And Administration": 1721000000.0,
        "Gross Profit": 2049000000.0,
        "Cost Of Revenue": 6718000000.0,
        "Total Revenue": 8767000000.0,
        "Operating Revenue": 8767000000.0
    }
}