{
    "2023-06-30": {
        "Tax Effect Of Unusual Items": NaN,
        "Tax Rate For Calcs": NaN,
        "Normalized EBITDA": NaN,
        "Total Unusual Items": NaN,
        "Total Unusual Items Excluding Goodwill": NaN,
        "Net Income From Continuing Operation Net Minority Interest": NaN,
        "Reconciled Depreciation": NaN,
        "Reconciled Cost Of Revenue": NaN,
        "EBITDA": NaN,
        "EBIT": NaN,
        "Net Interest Income": NaN,
        "Interest Expense": NaN,
        "Interest Income": NaN,
        "Normalized Income": NaN,
        "Net Income From Continuing And Discontinued Operation": NaN,
        "Total Expenses": NaN,
        "Total Operating Income As Reported": NaN,
        "Diluted Average Shares": NaN,
        "Basic Average Shares": NaN,
        "Diluted EPS": NaN,
        "Basic EPS": NaN,
        "Diluted NI Availto Com Stockholders": NaN,
        "Net Income Common Stockholders": NaN,
        "Net Income": NaN,
        "Net Income Including Noncontrolling Interests": NaN,
        "Net Income Discontinuous Operations": NaN,
        "Net Income Continuous Operations": NaN,
        "Tax Provision": NaN,
        "Pretax Income": NaN,
        "Other Income Expense": NaN,
        "Other Non Operating Income Expenses": NaN,
        "Special Income Charges": NaN,
        "Impairment Of Capital Assets": NaN,
        "Restructuring And Mergern Acquisition": 13900000.0,
        "Earnings From Equity Interest": NaN,
        "Net Non Operating Interest Income Expense": NaN,
        "Interest Expense Non Operating": NaN,
        "Interest Income Non Operating": NaN,
        "Operating Income": NaN,
        "Operating Expense": NaN,
        "Research And Development": NaN,
        "Selling General And Administration": NaN,
        "Gross Profit": NaN,
        "Cost Of Revenue": NaN,
        "Total Revenue": NaN,
        "Operating Revenue": NaN
    },
    "2023-03-31": {
        "Tax Effect Of Unusual Items": NaN,
        "Tax Rate For Calcs": NaN,
        "Normalized EBITDA": NaN,
        "Total Unusual Items": NaN,
        "Total Unusual Items Excluding Goodwill": NaN,
        "Net Income From Continuing Operation Net Minority Interest": NaN,
        "Reconciled Depreciation": NaN,
        "Reconciled Cost Of Revenue": NaN,
        "EBITDA": NaN,
        "EBIT": NaN,
        "Net Interest Income": NaN,
        "Interest Expense": NaN,
        "Interest Income": NaN,
        "Normalized Income": NaN,
        "Net Income From Continuing And Discontinued Operation": NaN,
        "Total Expenses": NaN,
        "Total Operating Income As Reported": NaN,
        "Diluted Average Shares": NaN,
        "Basic Average Shares": NaN,
        "Diluted EPS": NaN,
        "Basic EPS": NaN,
        "Diluted NI Availto Com Stockholders": NaN,
        "Net Income Common Stockholders": NaN,
        "Net Income": NaN,
        "Net Income Including Noncontrolling Interests": NaN,
        "Net Income Discontinuous Operations": NaN,
        "Net Income Continuous Operations": NaN,
        "Tax Provision": NaN,
        "Pretax Income": NaN,
        "Other Income Expense": NaN,
        "Other Non Operating Income Expenses": -900000.0,
        "Special Income Charges": NaN,
        "Impairment Of Capital Assets": NaN,
        "Restructuring And Mergern Acquisition": NaN,
        "Earnings From Equity Interest": NaN,
        "Net Non Operating Interest Income Expense": NaN,
        "Interest Expense Non Operating": NaN,
        "Interest Income Non Operating": NaN,
        "Operating Income": NaN,
        "Operating Expense": NaN,
        "Research And Development": NaN,
        "Selling General And Administration": NaN,
        "Gross Profit": NaN,
        "Cost Of Revenue": NaN,
        "Total Revenue": NaN,
        "Operating Revenue": NaN
    },
    "2022-12-31": {
        "Tax Effect Of Unusual Items": NaN,
        "Tax Rate For Calcs": NaN,
        "Normalized EBITDA": NaN,
        "Total Unusual Items": NaN,
        "Total Unusual Items Excluding Goodwill": NaN,
        "Net Income From Continuing Operation Net Minority Interest": NaN,
        "Reconciled Depreciation": NaN,
        "Reconciled Cost Of Revenue": NaN,
        "EBITDA": NaN,
        "EBIT": NaN,
        "Net Interest Income": NaN,
        "Interest Expense": NaN,
        "Interest Income": NaN,
        "Normalized Income": NaN,
        "Net Income From Continuing And Discontinued Operation": NaN,
        "Total Expenses": NaN,
        "Total Operating Income As Reported": NaN,
        "Diluted Average Shares": NaN,
        "Basic Average Shares": NaN,
        "Diluted EPS": NaN,
        "Basic EPS": NaN,
        "Diluted NI Availto Com Stockholders": NaN,
        "Net Income Common Stockholders": NaN,
        "Net Income": NaN,
        "Net Income Including Noncontrolling Interests": NaN,
        "Net Income Discontinuous Operations": NaN,
        "Net Income Continuous Operations": NaN,
        "Tax Provision": NaN,
        "Pretax Income": NaN,
        "Other Income Expense": NaN,
        "Other Non Operating Income Expenses": NaN,
        "Special Income Charges": NaN,
        "Other Special Charges": 0.0,
        "Impairment Of Capital Assets": NaN,
        "Restructuring And Mergern Acquisition": NaN,
        "Earnings From Equity Interest": NaN,
        "Net Non Operating Interest Income Expense": NaN,
        "Interest Expense Non Operating": NaN,
        "Interest Income Non Operating": NaN,
        "Operating Income": NaN,
        "Operating Expense": NaN,
        "Research And Development": NaN,
        "Selling General And Administration": NaN,
        "Gross Profit": NaN,
        "Cost Of Revenue": NaN,
        "Total Revenue": NaN,
        "Operating Revenue": NaN
    },
    "2022-09-30": {
        "Tax Effect Of Unusual Items": NaN,
        "Tax Rate For Calcs": NaN,
        "Normalized EBITDA": NaN,
        "Total Unusual Items": NaN,
        "Total Unusual Items Excluding Goodwill": NaN,
        "Net Income From Continuing Operation Net Minority Interest": NaN,
        "Reconciled Depreciation": NaN,
        "Reconciled Cost Of Revenue": NaN,
        "EBITDA": NaN,
        "EBIT": NaN,
        "Net Interest Income": NaN,
        "Interest Expense": NaN,
        "Interest Income": NaN,
        "Normalized Income": NaN,
        "Net Income From Continuing And Discontinued Operation": NaN,
        "Total Expenses": NaN,
        "Total Operating Income As Reported": NaN,
        "Diluted Average Shares": NaN,
        "Basic Average Shares": NaN,
        "Diluted EPS": NaN,
        "Basic EPS": NaN,
        "Diluted NI Availto Com Stockholders": NaN,
        "Net Income Common Stockholders": NaN,
        "Net Income": NaN,
        "Net Income Including Noncontrolling Interests": NaN,
        "Net Income Discontinuous Operations": NaN,
        "Net Income Continuous Operations": NaN,
        "Tax Provision": NaN,
        "Pretax Income": NaN,
        "Other Income Expense": NaN,
        "Other Non Operating Income Expenses": NaN,
        "Special Income Charges": NaN,
        "Other Special Charges": NaN,
        "Impairment Of Capital Assets": 17700000.0,
        "Restructuring And Mergern Acquisition": NaN,
        "Earnings From Equity Interest": NaN,
        "Net Non Operating Interest Income Expense": NaN,
        "Interest Expense Non Operating": NaN,
        "Interest Income Non Operating": NaN,
        "Operating Income": NaN,
        "Operating Expense": NaN,
        "Research And Development": NaN,
        "Selling General And Administration": NaN,
        "Gross Profit": NaN,
        "Cost Of Revenue": NaN,
        "Total Revenue": NaN,
        "Operating Revenue": NaN
    },
    "2022-06-30": {
        "Tax Effect Of Unusual Items": 0.0,
        "Tax Rate For Calcs": 0.219,
        "Normalized EBITDA": 333000000.0,
        "Total Unusual Items": 0.0,
        "Total Unusual Items Excluding Goodwill": 0.0,
        "Net Income From Continuing Operation Net Minority Interest": 198800000.0,
        "Reconciled Depreciation": 52500000.0,
        "Reconciled Cost Of Revenue": 1299200000.0,
        "EBITDA": 333000000.0,
        "EBIT": 280500000.0,
        "Net Interest Income": -25400000.0,
        "Interest Expense": 25900000.0,
        "Interest Income": 500000.0,
        "Normalized Income": 198800000.0,
        "Net Income From Continuing And Discontinued Operation": 197300000.0,
        "Total Expenses": 1556600000.0,
        "Total Operating Income As Reported": 279000000.0,
        "Diluted Average Shares": 76100000.0,
        "Basic Average Shares": 75700000.0,
        "Diluted EPS": 2.59,
        "Basic EPS": 2.61,
        "Diluted NI Availto Com Stockholders": 197300000.0,
        "Net Income Common Stockholders": 197300000.0,
        "Net Income": 197300000.0,
        "Net Income Including Noncontrolling Interests": 197300000.0,
        "Net Income Discontinuous Operations": -1500000.0,
        "Net Income Continuous Operations": 198800000.0,
        "Tax Provision": 55800000.0,
        "Pretax Income": 254600000.0,
        "Other Income Expense": 1000000.0,
        "Other Non Operating Income Expenses": 300000.0,
        "Special Income Charges": 0.0,
        "Other Special Charges": NaN,
        "Impairment Of Capital Assets": NaN,
        "Restructuring And Mergern Acquisition": 0.0,
        "Earnings From Equity Interest": 700000.0,
        "Net Non Operating Interest Income Expense": -25400000.0,
        "Interest Expense Non Operating": 25900000.0,
        "Interest Income Non Operating": 500000.0,
        "Operating Income": 279000000.0,
        "Operating Expense": 257400000.0,
        "Research And Development": 50200000.0,
        "Selling General And Administration": 207200000.0,
        "Gross Profit": 536400000.0,
        "Cost Of Revenue": 1299200000.0,
        "Total Revenue": 1835600000.0,
        "Operating Revenue": 1835600000.0
    },
    "2023-09-30": {
        "Tax Effect Of Unusual Items": NaN,
        "Tax Rate For Calcs": NaN,
        "Normalized EBITDA": NaN,
        "Total Unusual Items": NaN,
        "Total Unusual Items Excluding Goodwill": NaN,
        "Net Income From Continuing Operation Net Minority Interest": NaN,
        "Reconciled Depreciation": NaN,
        "Reconciled Cost Of Revenue": NaN,
        "EBITDA": NaN,
        "EBIT": NaN,
        "Net Interest Income": NaN,
        "Interest Expense": NaN,
        "Interest Income": NaN,
        "Normalized Income": NaN,
        "Net Income From Continuing And Discontinued Operation": NaN,
        "Total Expenses": NaN,
        "Total Operating Income As Reported": NaN,
        "Diluted Average Shares": 70000000.0,
        "Basic Average Shares": 69800000.0,
        "Diluted EPS": 1.61,
        "Basic EPS": 1.61,
        "Diluted NI Availto Com Stockholders": NaN,
        "Net Income Common Stockholders": NaN,
        "Net Income": NaN,
        "Net Income Including Noncontrolling Interests": NaN,
        "Net Income Discontinuous Operations": NaN,
        "Net Income Continuous Operations": NaN,
        "Tax Provision": NaN,
        "Pretax Income": NaN,
        "Other Income Expense": NaN,
        "Other Non Operating Income Expenses": 6000000.0,
        "Special Income Charges": NaN,
        "Impairment Of Capital Assets": NaN,
        "Restructuring And Mergern Acquisition": 16300000.0,
        "Earnings From Equity Interest": NaN,
        "Net Non Operating Interest Income Expense": NaN,
        "Interest Expense Non Operating": NaN,
        "Interest Income Non Operating": NaN,
        "Operating Income": NaN,
        "Operating Expense": NaN,
        "Research And Development": NaN,
        "Selling General And Administration": NaN,
        "Gross Profit": NaN,
        "Cost Of Revenue": NaN,
        "Total Revenue": NaN,
        "Operating Revenue": NaN
    },
    "2023-12-31": {
        "Tax Effect Of Unusual Items": NaN,
        "Tax Rate For Calcs": NaN,
        "Normalized EBITDA": NaN,
        "Total Unusual Items": NaN,
        "Total Unusual Items Excluding Goodwill": NaN,
        "Net Income From Continuing Operation Net Minority Interest": NaN,
        "Reconciled Depreciation": NaN,
        "Reconciled Cost Of Revenue": NaN,
        "EBITDA": NaN,
        "EBIT": NaN,
        "Net Interest Income": NaN,
        "Interest Expense": NaN,
        "Interest Income": NaN,
        "Normalized Income": NaN,
        "Net Income From Continuing And Discontinued Operation": NaN,
        "Total Expenses": NaN,
        "Total Operating Income As Reported": NaN,
        "Diluted Average Shares": NaN,
        "Basic Average Shares": NaN,
        "Diluted EPS": NaN,
        "Basic EPS": NaN,
        "Diluted NI Availto Com Stockholders": NaN,
        "Net Income Common Stockholders": NaN,
        "Net Income": NaN,
        "Net Income Including Noncontrolling Interests": NaN,
        "Net Income Discontinuous Operations": NaN,
        "Net Income Continuous Operations": NaN,
        "Tax Provision": NaN,
        "Pretax Income": NaN,
        "Other Income Expense": NaN,
        "Other Non Operating Income Expenses": 700000.0,
        "Special Income Charges": NaN,
        "Other Special Charges": NaN,
        "Impairment Of Capital Assets": NaN,
        "Restructuring And Mergern Acquisition": NaN,
        "Earnings From Equity Interest": NaN,
        "Net Non Operating Interest Income Expense": NaN,
        "Interest Expense Non Operating": NaN,
        "Interest Income Non Operating": NaN,
        "Operating Income": NaN,
        "Operating Expense": NaN,
        "Research And Development": NaN,
        "Selling General And Administration": NaN,
        "Gross Profit": NaN,
        "Cost Of Revenue": NaN,
        "Total Revenue": NaN,
        "Operating Revenue": NaN
    },
    "2024-03-31": {
        "Tax Effect Of Unusual Items": NaN,
        "Tax Rate For Calcs": NaN,
        "Normalized EBITDA": NaN,
        "Total Unusual Items": NaN,
        "Total Unusual Items Excluding Goodwill": NaN,
        "Net Income From Continuing Operation Net Minority Interest": NaN,
        "Reconciled Depreciation": NaN,
        "Reconciled Cost Of Revenue": NaN,
        "EBITDA": NaN,
        "EBIT": NaN,
        "Net Interest Income": NaN,
        "Interest Expense": NaN,
        "Interest Income": NaN,
        "Normalized Income": NaN,
        "Net Income From Continuing And Discontinued Operation": NaN,
        "Total Expenses": NaN,
        "Total Operating Income As Reported": NaN,
        "Diluted Average Shares": NaN,
        "Basic Average Shares": NaN,
        "Diluted EPS": NaN,
        "Basic EPS": NaN,
        "Diluted NI Availto Com Stockholders": NaN,
        "Net Income Common Stockholders": NaN,
        "Net Income": NaN,
        "Net Income Including Noncontrolling Interests": NaN,
        "Net Income Discontinuous Operations": NaN,
        "Net Income Continuous Operations": NaN,
        "Tax Provision": NaN,
        "Pretax Income": NaN,
        "Other Income Expense": NaN,
        "Other Non Operating Income Expenses": NaN,
        "Special Income Charges": NaN,
        "Other Special Charges": NaN,
        "Impairment Of Capital Assets": 500000.0,
        "Restructuring And Mergern Acquisition": NaN,
        "Earnings From Equity Interest": NaN,
        "Net Non Operating Interest Income Expense": NaN,
        "Interest Expense Non Operating": NaN,
        "Interest Income Non Operating": NaN,
        "Operating Income": NaN,
        "Operating Expense": NaN,
        "Research And Development": NaN,
        "Selling General And Administration": NaN,
        "Gross Profit": NaN,
        "Cost Of Revenue": NaN,
        "Total Revenue": NaN,
        "Operating Revenue": NaN
    },
    "2024-06-30": {
        "Tax Effect Of Unusual Items": -1651547.169811,
        "Tax Rate For Calcs": 0.209057,
        "Normalized EBITDA": 243400000.0,
        "Total Unusual Items": -7900000.0,
        "Total Unusual Items Excluding Goodwill": -7900000.0,
        "Net Income From Continuing Operation Net Minority Interest": 104800000.0,
        "Reconciled Depreciation": 70400000.0,
        "Reconciled Cost Of Revenue": 1052900000.0,
        "EBITDA": 235500000.0,
        "EBIT": 165100000.0,
        "Net Interest Income": -27900000.0,
        "Interest Expense": 32600000.0,
        "Interest Income": 4700000.0,
        "Normalized Income": 111048452.830189,
        "Net Income From Continuing And Discontinued Operation": 100000000.0,
        "Total Expenses": 1277700000.0,
        "Total Operating Income As Reported": 158300000.0,
        "Diluted Average Shares": 67600000.0,
        "Basic Average Shares": 67600000.0,
        "Diluted EPS": 1.48,
        "Basic EPS": 1.48,
        "Diluted NI Availto Com Stockholders": 100000000.0,
        "Net Income Common Stockholders": 100000000.0,
        "Net Income": 100000000.0,
        "Net Income Including Noncontrolling Interests": 100000000.0,
        "Net Income Discontinuous Operations": -4800000.0,
        "Net Income Continuous Operations": 104800000.0,
        "Tax Provision": 27700000.0,
        "Pretax Income": 132500000.0,
        "Other Income Expense": -5800000.0,
        "Other Non Operating Income Expenses": -800000.0,
        "Special Income Charges": -7900000.0,
        "Other Special Charges": NaN,
        "Impairment Of Capital Assets": NaN,
        "Restructuring And Mergern Acquisition": 7900000.0,
        "Earnings From Equity Interest": 2900000.0,
        "Net Non Operating Interest Income Expense": -27900000.0,
        "Interest Expense Non Operating": 32600000.0,
        "Interest Income Non Operating": 4700000.0,
        "Operating Income": 166200000.0,
        "Operating Expense": 224800000.0,
        "Research And Development": 43000000.0,
        "Selling General And Administration": 181800000.0,
        "Gross Profit": 391000000.0,
        "Cost Of Revenue": 1052900000.0,
        "Total Revenue": 1443900000.0,
        "Operating Revenue": 1443900000.0
    },
    "2024-09-30": {
        "Tax Effect Of Unusual Items": -3940600.0,
        "Tax Rate For Calcs": 0.323,
        "Normalized EBITDA": 187300000.0,
        "Total Unusual Items": -12200000.0,
        "Total Unusual Items Excluding Goodwill": -12200000.0,
        "Net Income From Continuing Operation Net Minority Interest": 47300000.0,
        "Reconciled Depreciation": 72200000.0,
        "Reconciled Cost Of Revenue": 940300000.0,
        "EBITDA": 175100000.0,
        "EBIT": 102900000.0,
        "Net Interest Income": -29000000.0,
        "Interest Expense": 33000000.0,
        "Interest Income": 4000000.0,
        "Normalized Income": 55559400.0,
        "Net Income From Continuing And Discontinued Operation": 44600000.0,
        "Total Expenses": 1162700000.0,
        "Total Operating Income As Reported": 98400000.0,
        "Diluted Average Shares": 66600000.0,
        "Basic Average Shares": 66600000.0,
        "Diluted EPS": 0.67,
        "Basic EPS": 0.67,
        "Diluted NI Availto Com Stockholders": 44600000.0,
        "Net Income Common Stockholders": 44600000.0,
        "Net Income": 44600000.0,
        "Net Income Including Noncontrolling Interests": 44600000.0,
        "Net Income Discontinuous Operations": -2700000.0,
        "Net Income Continuous Operations": 47300000.0,
        "Tax Provision": 22600000.0,
        "Pretax Income": 69900000.0,
        "Other Income Expense": -11700000.0,
        "Other Non Operating Income Expenses": -1100000.0,
        "Special Income Charges": -12200000.0,
        "Other Special Charges": NaN,
        "Impairment Of Capital Assets": NaN,
        "Restructuring And Mergern Acquisition": 12200000.0,
        "Earnings From Equity Interest": 1600000.0,
        "Net Non Operating Interest Income Expense": -29000000.0,
        "Interest Expense Non Operating": 33000000.0,
        "Interest Income Non Operating": 4000000.0,
        "Operating Income": 110600000.0,
        "Operating Expense": 222400000.0,
        "Research And Development": 41700000.0,
        "Selling General And Administration": 180700000.0,
        "Gross Profit": 333000000.0,
        "Cost Of Revenue": 940300000.0,
        "Total Revenue": 1273300000.0,
        "Operating Revenue": 1273300000.0
    },
    "2024-12-31": {
        "Tax Effect Of Unusual Items": -17443902.439024,
        "Tax Rate For Calcs": 0.173055,
        "Normalized EBITDA": 123900000.0,
        "Total Unusual Items": -100800000.0,
        "Total Unusual Items Excluding Goodwill": -100800000.0,
        "Net Income From Continuing Operation Net Minority Interest": -71200000.0,
        "Reconciled Depreciation": 76800000.0,
        "Reconciled Cost Of Revenue": 901700000.0,
        "EBITDA": 23100000.0,
        "EBIT": -53700000.0,
        "Net Interest Income": -30200000.0,
        "Interest Expense": 32400000.0,
        "Interest Income": 2200000.0,
        "Normalized Income": 12156097.560976,
        "Net Income From Continuing And Discontinued Operation": -82500000.0,
        "Total Expenses": 1122500000.0,
        "Total Operating Income As Reported": -55700000.0,
        "Diluted Average Shares": 66600000.0,
        "Basic Average Shares": 66500000.0,
        "Diluted EPS": -1.24,
        "Basic EPS": -1.24,
        "Diluted NI Availto Com Stockholders": -82500000.0,
        "Net Income Common Stockholders": -82500000.0,
        "Net Income": -82500000.0,
        "Net Income Including Noncontrolling Interests": -82500000.0,
        "Net Income Discontinuous Operations": -11300000.0,
        "Net Income Continuous Operations": -71200000.0,
        "Tax Provision": -14900000.0,
        "Pretax Income": -86100000.0,
        "Other Income Expense": -88300000.0,
        "Other Non Operating Income Expenses": 10900000.0,
        "Special Income Charges": -100800000.0,
        "Other Special Charges": NaN,
        "Impairment Of Capital Assets": NaN,
        "Restructuring And Mergern Acquisition": -3600000.0,
        "Earnings From Equity Interest": 1600000.0,
        "Net Non Operating Interest Income Expense": -30200000.0,
        "Interest Expense Non Operating": 32400000.0,
        "Interest Income Non Operating": 2200000.0,
        "Operating Income": 32400000.0,
        "Operating Expense": 220800000.0,
        "Research And Development": 39100000.0,
        "Selling General And Administration": 181700000.0,
        "Gross Profit": 253200000.0,
        "Cost Of Revenue": 901700000.0,
        "Total Revenue": 1154900000.0,
        "Operating Revenue": 1154900000.0
    },
    "2025-03-31": {
        "Tax Effect Of Unusual Items": -1348800.0,
        "Tax Rate For Calcs": 0.281,
        "Normalized EBITDA": 132700000.0,
        "Total Unusual Items": -4800000.0,
        "Total Unusual Items Excluding Goodwill": -4800000.0,
        "Net Income From Continuing Operation Net Minority Interest": 20200000.0,
        "Reconciled Depreciation": 70100000.0,
        "Reconciled Cost Of Revenue": 917900000.0,
        "EBITDA": 127900000.0,
        "EBIT": 57800000.0,
        "Net Interest Income": -28000000.0,
        "Interest Expense": 29700000.0,
        "Interest Income": 1700000.0,
        "Normalized Income": 23651200.0,
        "Net Income From Continuing And Discontinued Operation": 20200000.0,
        "Total Expenses": 1164400000.0,
        "Total Operating Income As Reported": 56300000.0,
        "Diluted Average Shares": 66300000.0,
        "Basic Average Shares": 66200000.0,
        "Diluted EPS": 0.3,
        "Basic EPS": 0.31,
        "Diluted NI Availto Com Stockholders": 20200000.0,
        "Net Income Common Stockholders": 20200000.0,
        "Net Income": 20200000.0,
        "Net Income Including Noncontrolling Interests": 20200000.0,
        "Net Income Discontinuous Operations": 0.0,
        "Net Income Continuous Operations": 20200000.0,
        "Tax Provision": 7900000.0,
        "Pretax Income": 28100000.0,
        "Other Income Expense": -1300000.0,
        "Other Non Operating Income Expenses": 1300000.0,
        "Special Income Charges": -4800000.0,
        "Other Special Charges": 3700000.0,
        "Impairment Of Capital Assets": NaN,
        "Restructuring And Mergern Acquisition": 1100000.0,
        "Earnings From Equity Interest": 2200000.0,
        "Net Non Operating Interest Income Expense": -28000000.0,
        "Interest Expense Non Operating": 29700000.0,
        "Interest Income Non Operating": 1700000.0,
        "Operating Income": 57400000.0,
        "Operating Expense": 246500000.0,
        "Research And Development": 38500000.0,
        "Selling General And Administration": 208000000.0,
        "Gross Profit": 303900000.0,
        "Cost Of Revenue": 917900000.0,
        "Total Revenue": 1221800000.0,
        "Operating Revenue": 1221800000.0
    },
    "2025-06-30": {
        "Tax Effect Of Unusual Items": -1667994.687915,
        "Tax Rate For Calcs": 0.208499,
        "Normalized EBITDA": 186400000.0,
        "Total Unusual Items": -8000000.0,
        "Total Unusual Items Excluding Goodwill": -8000000.0,
        "Net Income From Continuing Operation Net Minority Interest": 59600000.0,
        "Reconciled Depreciation": 73100000.0,
        "Reconciled Cost Of Revenue": 1077300000.0,
        "EBITDA": 178400000.0,
        "EBIT": 105300000.0,
        "Net Interest Income": -28300000.0,
        "Interest Expense": 30000000.0,
        "Interest Income": 1700000.0,
        "Normalized Income": 65932005.312085,
        "Net Income From Continuing And Discontinued Operation": 59300000.0,
        "Total Expenses": 1335700000.0,
        "Total Operating Income As Reported": 103300000.0,
        "Diluted Average Shares": 66000000.0,
        "Basic Average Shares": 66000000.0,
        "Diluted EPS": 0.89,
        "Basic EPS": 0.89,
        "Diluted NI Availto Com Stockholders": 59300000.0,
        "Net Income Common Stockholders": 59300000.0,
        "Net Income": 59300000.0,
        "Net Income Including Noncontrolling Interests": 59300000.0,
        "Net Income Discontinuous Operations": -300000.0,
        "Net Income Continuous Operations": 59600000.0,
        "Tax Provision": 15700000.0,
        "Pretax Income": 75300000.0,
        "Other Income Expense": -7700000.0,
        "Other Non Operating Income Expenses": -1400000.0,
        "Special Income Charges": -8000000.0,
        "Other Special Charges": NaN,
        "Impairment Of Capital Assets": NaN,
        "Restructuring And Mergern Acquisition": 8000000.0,
        "Earnings From Equity Interest": 1700000.0,
        "Net Non Operating Interest Income Expense": -28300000.0,
        "Interest Expense Non Operating": 30000000.0,
        "Interest Income Non Operating": 1700000.0,
        "Operating Income": 111300000.0,
        "Operating Expense": 258400000.0,
        "Research And Development": 41800000.0,
        "Selling General And Administration": 216600000.0,
        "Gross Profit": 369700000.0,
        "Cost Of Revenue": 1077300000.0,
        "Total Revenue": 1447000000.0,
        "Operating Revenue": 1447000000.0
    }
}