{
    "2023-03-31": {
        "Tax Effect Of Unusual Items": NaN,
        "Tax Rate For Calcs": NaN,
        "Normalized EBITDA": NaN,
        "Net Income From Continuing Operation Net Minority Interest": NaN,
        "Reconciled Depreciation": NaN,
        "EBITDA": NaN,
        "EBIT": NaN,
        "Net Interest Income": NaN,
        "Interest Income": NaN,
        "Normalized Income": NaN,
        "Net Income From Continuing And Discontinued Operation": NaN,
        "Total Expenses": NaN,
        "Total Operating Income As Reported": NaN,
        "Diluted Average Shares": NaN,
        "Basic Average Shares": NaN,
        "Diluted EPS": NaN,
        "Basic EPS": NaN,
        "Diluted NI Availto Com Stockholders": NaN,
        "Net Income Common Stockholders": NaN,
        "Net Income": NaN,
        "Net Income Including Noncontrolling Interests": NaN,
        "Net Income Continuous Operations": NaN,
        "Pretax Income": NaN,
        "Other Income Expense": -10000.0,
        "Other Non Operating Income Expenses": -10000.0,
        "Net Non Operating Interest Income Expense": NaN,
        "Interest Income Non Operating": NaN,
        "Operating Income": NaN,
        "Operating Expense": NaN,
        "Research And Development": NaN,
        "Selling General And Administration": NaN,
        "General And Administrative Expense": NaN,
        "Other Gand A": NaN,
        "Total Revenue": NaN,
        "Operating Revenue": NaN
    },
    "2022-12-31": {
        "Tax Effect Of Unusual Items": NaN,
        "Tax Rate For Calcs": NaN,
        "Normalized EBITDA": NaN,
        "Total Unusual Items": 0.0,
        "Total Unusual Items Excluding Goodwill": 0.0,
        "Net Income From Continuing Operation Net Minority Interest": NaN,
        "Reconciled Depreciation": NaN,
        "EBITDA": NaN,
        "EBIT": NaN,
        "Net Interest Income": NaN,
        "Interest Expense": 0.0,
        "Interest Income": NaN,
        "Normalized Income": NaN,
        "Net Income From Continuing And Discontinued Operation": NaN,
        "Total Expenses": NaN,
        "Total Operating Income As Reported": NaN,
        "Diluted Average Shares": NaN,
        "Basic Average Shares": NaN,
        "Diluted EPS": NaN,
        "Basic EPS": NaN,
        "Diluted NI Availto Com Stockholders": NaN,
        "Net Income Common Stockholders": NaN,
        "Net Income": NaN,
        "Net Income Including Noncontrolling Interests": NaN,
        "Net Income Continuous Operations": NaN,
        "Pretax Income": NaN,
        "Other Income Expense": -30000.0,
        "Other Non Operating Income Expenses": -30000.0,
        "Special Income Charges": 0.0,
        "Net Non Operating Interest Income Expense": NaN,
        "Interest Expense Non Operating": 0.0,
        "Interest Income Non Operating": NaN,
        "Operating Income": NaN,
        "Operating Expense": NaN,
        "Research And Development": NaN,
        "Selling General And Administration": NaN,
        "General And Administrative Expense": NaN,
        "Other Gand A": NaN,
        "Total Revenue": NaN,
        "Operating Revenue": NaN
    },
    "2022-09-30": {
        "Tax Effect Of Unusual Items": NaN,
        "Tax Rate For Calcs": NaN,
        "Normalized EBITDA": NaN,
        "Total Unusual Items": 0.0,
        "Total Unusual Items Excluding Goodwill": 0.0,
        "Net Income From Continuing Operation Net Minority Interest": NaN,
        "Reconciled Depreciation": NaN,
        "EBITDA": NaN,
        "EBIT": NaN,
        "Net Interest Income": NaN,
        "Interest Expense": 0.0,
        "Interest Income": NaN,
        "Normalized Income": NaN,
        "Net Income From Continuing And Discontinued Operation": NaN,
        "Total Expenses": NaN,
        "Total Operating Income As Reported": NaN,
        "Diluted Average Shares": NaN,
        "Basic Average Shares": NaN,
        "Diluted EPS": NaN,
        "Basic EPS": NaN,
        "Diluted NI Availto Com Stockholders": NaN,
        "Net Income Common Stockholders": NaN,
        "Net Income": NaN,
        "Net Income Including Noncontrolling Interests": NaN,
        "Net Income Continuous Operations": NaN,
        "Pretax Income": NaN,
        "Other Income Expense": NaN,
        "Other Non Operating Income Expenses": NaN,
        "Special Income Charges": 0.0,
        "Net Non Operating Interest Income Expense": NaN,
        "Interest Expense Non Operating": 0.0,
        "Interest Income Non Operating": NaN,
        "Operating Income": NaN,
        "Operating Expense": NaN,
        "Research And Development": NaN,
        "Selling General And Administration": NaN,
        "General And Administrative Expense": NaN,
        "Other Gand A": NaN,
        "Total Revenue": NaN,
        "Operating Revenue": NaN
    },
    "2022-06-30": {
        "Tax Effect Of Unusual Items": 0.0,
        "Tax Rate For Calcs": 0.0,
        "Normalized EBITDA": -28618000.0,
        "Total Unusual Items": NaN,
        "Total Unusual Items Excluding Goodwill": NaN,
        "Net Income From Continuing Operation Net Minority Interest": -28906000.0,
        "Reconciled Depreciation": 288000.0,
        "EBITDA": -28618000.0,
        "EBIT": -28906000.0,
        "Net Interest Income": 146000.0,
        "Interest Expense": 0.0,
        "Interest Income": 146000.0,
        "Normalized Income": -28906000.0,
        "Net Income From Continuing And Discontinued Operation": -28906000.0,
        "Total Expenses": 29055000.0,
        "Total Operating Income As Reported": -29055000.0,
        "Diluted Average Shares": 37420327.0,
        "Basic Average Shares": 37420327.0,
        "Diluted EPS": -0.77,
        "Basic EPS": -0.77,
        "Diluted NI Availto Com Stockholders": -28906000.0,
        "Net Income Common Stockholders": -28906000.0,
        "Net Income": -28906000.0,
        "Net Income Including Noncontrolling Interests": -28906000.0,
        "Net Income Continuous Operations": -28906000.0,
        "Pretax Income": -28906000.0,
        "Other Income Expense": 3000.0,
        "Other Non Operating Income Expenses": 3000.0,
        "Special Income Charges": NaN,
        "Net Non Operating Interest Income Expense": 146000.0,
        "Interest Expense Non Operating": 0.0,
        "Interest Income Non Operating": 146000.0,
        "Operating Income": -29055000.0,
        "Operating Expense": 29055000.0,
        "Research And Development": 20711000.0,
        "Selling General And Administration": 8344000.0,
        "General And Administrative Expense": 8344000.0,
        "Other Gand A": 8344000.0,
        "Total Revenue": 0.0,
        "Operating Revenue": 0.0
    },
    "2023-06-30": {
        "Tax Effect Of Unusual Items": NaN,
        "Tax Rate For Calcs": NaN,
        "Normalized EBITDA": NaN,
        "Net Income From Continuing Operation Net Minority Interest": NaN,
        "Reconciled Depreciation": NaN,
        "EBITDA": NaN,
        "EBIT": NaN,
        "Net Interest Income": NaN,
        "Interest Income": NaN,
        "Normalized Income": NaN,
        "Net Income From Continuing And Discontinued Operation": NaN,
        "Total Expenses": NaN,
        "Total Operating Income As Reported": NaN,
        "Diluted Average Shares": 47706426.0,
        "Basic Average Shares": 47706426.0,
        "Diluted EPS": -0.75,
        "Basic EPS": -0.75,
        "Diluted NI Availto Com Stockholders": NaN,
        "Net Income Common Stockholders": NaN,
        "Net Income": NaN,
        "Net Income Including Noncontrolling Interests": NaN,
        "Net Income Continuous Operations": NaN,
        "Pretax Income": NaN,
        "Other Income Expense": -11000.0,
        "Other Non Operating Income Expenses": -11000.0,
        "Net Non Operating Interest Income Expense": NaN,
        "Interest Income Non Operating": NaN,
        "Operating Income": NaN,
        "Operating Expense": NaN,
        "Research And Development": NaN,
        "Selling General And Administration": NaN,
        "General And Administrative Expense": NaN,
        "Other Gand A": NaN,
        "Total Revenue": NaN,
        "Operating Revenue": NaN
    },
    "2022-03-31": {
        "Diluted EPS": -0.65,
        "Total Revenue": NaN,
        "Gross Profit": NaN,
        "Operating Income": -24,
        "EBIT": -24,
        "Net Income": -24
    },
    "2021-12-31": {
        "Diluted EPS": -0.62,
        "Total Revenue": NaN,
        "Gross Profit": NaN,
        "Operating Income": -23,
        "EBIT": -23,
        "Net Income": -23
    },
    "2021-09-30": {
        "Diluted EPS": -0.68,
        "Total Revenue": NaN,
        "Gross Profit": NaN,
        "Operating Income": -24,
        "EBIT": -23,
        "Net Income": -23
    },
    "2021-06-30": {
        "Diluted EPS": -0.9,
        "Total Revenue": 0,
        "Gross Profit": 0,
        "Operating Income": -30,
        "EBIT": -30,
        "Net Income": -30
    },
    "2021-03-31": {
        "Diluted EPS": -0.56,
        "Total Revenue": NaN,
        "Gross Profit": NaN,
        "Operating Income": -19,
        "EBIT": -18,
        "Net Income": -19
    },
    "2020-12-31": {
        "Diluted EPS": -3.06,
        "Total Revenue": NaN,
        "Gross Profit": NaN,
        "Operating Income": -16,
        "EBIT": -16,
        "Net Income": -16
    },
    "2020-09-30": {
        "Diluted EPS": -0.13,
        "Total Revenue": 0,
        "Gross Profit": 0,
        "Operating Income": -8,
        "EBIT": -8,
        "Net Income": -12
    },
    "2020-06-30": {
        "Diluted EPS": 0.0,
        "Total Revenue": 0,
        "Gross Profit": 0,
        "Operating Income": -5,
        "EBIT": -4,
        "Net Income": -6
    },
    "2020-03-31": {
        "Diluted EPS": 0.0,
        "Total Revenue": 0,
        "Gross Profit": 0,
        "Operating Income": -1,
        "EBIT": -1,
        "Net Income": -2
    },
    "2019-12-31": {
        "Diluted EPS": 0.0,
        "Total Revenue": NaN,
        "Gross Profit": NaN,
        "Operating Income": NaN,
        "EBIT": NaN,
        "Net Income": NaN
    },
    "2023-09-30": {
        "Tax Effect Of Unusual Items": NaN,
        "Tax Rate For Calcs": NaN,
        "Normalized EBITDA": NaN,
        "Net Income From Continuing Operation Net Minority Interest": NaN,
        "Reconciled Depreciation": NaN,
        "EBITDA": NaN,
        "EBIT": NaN,
        "Net Interest Income": NaN,
        "Interest Income": NaN,
        "Normalized Income": NaN,
        "Net Income From Continuing And Discontinued Operation": NaN,
        "Total Expenses": NaN,
        "Total Operating Income As Reported": NaN,
        "Diluted Average Shares": 47907395.0,
        "Basic Average Shares": 47907395.0,
        "Diluted EPS": -0.695613,
        "Basic EPS": -0.695613,
        "Diluted NI Availto Com Stockholders": NaN,
        "Net Income Common Stockholders": NaN,
        "Net Income": NaN,
        "Net Income Including Noncontrolling Interests": NaN,
        "Net Income Continuous Operations": NaN,
        "Pretax Income": NaN,
        "Other Income Expense": -39000.0,
        "Other Non Operating Income Expenses": -39000.0,
        "Net Non Operating Interest Income Expense": NaN,
        "Interest Income Non Operating": NaN,
        "Operating Income": NaN,
        "Operating Expense": NaN,
        "Research And Development": NaN,
        "Selling General And Administration": NaN,
        "General And Administrative Expense": NaN,
        "Other Gand A": NaN,
        "Total Revenue": NaN,
        "Operating Revenue": NaN
    },
    "2023-12-31": {
        "Tax Effect Of Unusual Items": 0.0,
        "Tax Rate For Calcs": 0.0,
        "Normalized EBITDA": -28168000.0,
        "Net Income From Continuing Operation Net Minority Interest": -26925000.0,
        "Reconciled Depreciation": 368000.0,
        "EBITDA": -28168000.0,
        "EBIT": -28536000.0,
        "Net Interest Income": 1638000.0,
        "Interest Income": 1638000.0,
        "Normalized Income": -26925000.0,
        "Net Income From Continuing And Discontinued Operation": -26925000.0,
        "Total Expenses": 28536000.0,
        "Total Operating Income As Reported": -28536000.0,
        "Diluted Average Shares": NaN,
        "Basic Average Shares": NaN,
        "Diluted EPS": NaN,
        "Basic EPS": NaN,
        "Diluted NI Availto Com Stockholders": -26925000.0,
        "Net Income Common Stockholders": -26925000.0,
        "Net Income": -26925000.0,
        "Net Income Including Noncontrolling Interests": -26925000.0,
        "Net Income Continuous Operations": -26925000.0,
        "Pretax Income": -26925000.0,
        "Other Income Expense": -27000.0,
        "Other Non Operating Income Expenses": -27000.0,
        "Net Non Operating Interest Income Expense": 1638000.0,
        "Interest Income Non Operating": 1638000.0,
        "Operating Income": -28536000.0,
        "Operating Expense": 28536000.0,
        "Research And Development": 22674000.0,
        "Selling General And Administration": 5862000.0,
        "General And Administrative Expense": 5862000.0,
        "Other Gand A": 5862000.0,
        "Total Revenue": 0.0,
        "Operating Revenue": 0.0
    },
    "2024-03-31": {
        "Tax Effect Of Unusual Items": 0.0,
        "Tax Rate For Calcs": 0.0,
        "Normalized EBITDA": -24217000.0,
        "Net Income From Continuing Operation Net Minority Interest": -23234000.0,
        "Reconciled Depreciation": 240000.0,
        "EBITDA": -24217000.0,
        "EBIT": -24457000.0,
        "Net Interest Income": 1223000.0,
        "Interest Income": 1223000.0,
        "Normalized Income": -23234000.0,
        "Net Income From Continuing And Discontinued Operation": -23234000.0,
        "Total Expenses": 24457000.0,
        "Total Operating Income As Reported": -24457000.0,
        "Diluted Average Shares": 48087460.0,
        "Basic Average Shares": 48087460.0,
        "Diluted EPS": -0.48,
        "Basic EPS": -0.48,
        "Diluted NI Availto Com Stockholders": -23234000.0,
        "Net Income Common Stockholders": -23234000.0,
        "Net Income": -23234000.0,
        "Net Income Including Noncontrolling Interests": -23234000.0,
        "Net Income Continuous Operations": -23234000.0,
        "Pretax Income": -23234000.0,
        "Other Income Expense": NaN,
        "Other Non Operating Income Expenses": NaN,
        "Net Non Operating Interest Income Expense": 1223000.0,
        "Interest Income Non Operating": 1223000.0,
        "Operating Income": -24457000.0,
        "Operating Expense": 24457000.0,
        "Research And Development": 18852000.0,
        "Selling General And Administration": 5605000.0,
        "General And Administrative Expense": 5605000.0,
        "Other Gand A": 5605000.0,
        "Total Revenue": 0.0,
        "Operating Revenue": 0.0
    },
    "2024-06-30": {
        "Tax Effect Of Unusual Items": 0.0,
        "Tax Rate For Calcs": 0.0,
        "Normalized EBITDA": -21743000.0,
        "Net Income From Continuing Operation Net Minority Interest": -21072000.0,
        "Reconciled Depreciation": 229000.0,
        "EBITDA": -21743000.0,
        "EBIT": -21972000.0,
        "Net Interest Income": 900000.0,
        "Interest Income": 900000.0,
        "Normalized Income": -21072000.0,
        "Net Income From Continuing And Discontinued Operation": -21072000.0,
        "Total Expenses": 21972000.0,
        "Total Operating Income As Reported": -21972000.0,
        "Diluted Average Shares": 48214893.0,
        "Basic Average Shares": 48214893.0,
        "Diluted EPS": -0.44,
        "Basic EPS": -0.44,
        "Diluted NI Availto Com Stockholders": -21072000.0,
        "Net Income Common Stockholders": -21072000.0,
        "Net Income": -21072000.0,
        "Net Income Including Noncontrolling Interests": -21072000.0,
        "Net Income Continuous Operations": -21072000.0,
        "Pretax Income": -21072000.0,
        "Other Income Expense": NaN,
        "Other Non Operating Income Expenses": NaN,
        "Net Non Operating Interest Income Expense": 900000.0,
        "Interest Income Non Operating": 900000.0,
        "Operating Income": -21972000.0,
        "Operating Expense": 21972000.0,
        "Research And Development": 16198000.0,
        "Selling General And Administration": 5774000.0,
        "General And Administrative Expense": 5774000.0,
        "Other Gand A": 5774000.0,
        "Total Revenue": 0.0,
        "Operating Revenue": 0.0
    },
    "2024-09-30": {
        "Tax Effect Of Unusual Items": 0.0,
        "Tax Rate For Calcs": 0.0,
        "Normalized EBITDA": -11042000.0,
        "Net Income From Continuing Operation Net Minority Interest": -10586000.0,
        "Reconciled Depreciation": 228000.0,
        "EBITDA": -11042000.0,
        "EBIT": -11270000.0,
        "Net Interest Income": 692000.0,
        "Interest Income": 692000.0,
        "Normalized Income": -10586000.0,
        "Net Income From Continuing And Discontinued Operation": -10586000.0,
        "Total Expenses": 22270000.0,
        "Total Operating Income As Reported": -11270000.0,
        "Diluted Average Shares": 48335847.0,
        "Basic Average Shares": 48335847.0,
        "Diluted EPS": -0.22,
        "Basic EPS": -0.22,
        "Diluted NI Availto Com Stockholders": -10586000.0,
        "Net Income Common Stockholders": -10586000.0,
        "Net Income": -10586000.0,
        "Net Income Including Noncontrolling Interests": -10586000.0,
        "Net Income Continuous Operations": -10586000.0,
        "Pretax Income": -10586000.0,
        "Other Income Expense": -8000.0,
        "Other Non Operating Income Expenses": -8000.0,
        "Net Non Operating Interest Income Expense": 692000.0,
        "Interest Income Non Operating": 692000.0,
        "Operating Income": -11270000.0,
        "Operating Expense": 22270000.0,
        "Research And Development": 16395000.0,
        "Selling General And Administration": 5875000.0,
        "General And Administrative Expense": 5875000.0,
        "Other Gand A": 5875000.0,
        "Total Revenue": 11000000.0,
        "Operating Revenue": 11000000.0
    },
    "2024-12-31": {
        "Tax Effect Of Unusual Items": 0.0,
        "Tax Rate For Calcs": 0.0,
        "Normalized EBITDA": -16016000.0,
        "Net Income From Continuing Operation Net Minority Interest": -14884000.0,
        "Reconciled Depreciation": 228000.0,
        "EBITDA": -16016000.0,
        "EBIT": -16244000.0,
        "Net Interest Income": 554000.0,
        "Interest Income": 554000.0,
        "Normalized Income": -14884000.0,
        "Net Income From Continuing And Discontinued Operation": -14884000.0,
        "Total Expenses": 16244000.0,
        "Total Operating Income As Reported": -16244000.0,
        "Diluted Average Shares": NaN,
        "Basic Average Shares": NaN,
        "Diluted EPS": NaN,
        "Basic EPS": NaN,
        "Diluted NI Availto Com Stockholders": -14884000.0,
        "Net Income Common Stockholders": -14884000.0,
        "Net Income": -14884000.0,
        "Net Income Including Noncontrolling Interests": -14884000.0,
        "Net Income Continuous Operations": -14884000.0,
        "Pretax Income": -14884000.0,
        "Other Income Expense": 806000.0,
        "Other Non Operating Income Expenses": -1000.0,
        "Net Non Operating Interest Income Expense": 554000.0,
        "Interest Income Non Operating": 554000.0,
        "Operating Income": -16244000.0,
        "Operating Expense": 16244000.0,
        "Research And Development": 11650000.0,
        "Selling General And Administration": 4594000.0,
        "General And Administrative Expense": 4594000.0,
        "Other Gand A": 4594000.0,
        "Total Revenue": 0.0,
        "Operating Revenue": 0.0
    }
}