{
    "2023-03-31": {
        "Tax Effect Of Unusual Items": NaN,
        "Tax Rate For Calcs": NaN,
        "Normalized EBITDA": NaN,
        "Total Unusual Items": NaN,
        "Total Unusual Items Excluding Goodwill": NaN,
        "Net Income From Continuing Operation Net Minority Interest": NaN,
        "Reconciled Depreciation": NaN,
        "Reconciled Cost Of Revenue": NaN,
        "EBITDA": NaN,
        "EBIT": NaN,
        "Net Interest Income": NaN,
        "Interest Expense": NaN,
        "Interest Income": NaN,
        "Normalized Income": NaN,
        "Net Income From Continuing And Discontinued Operation": NaN,
        "Total Expenses": NaN,
        "Diluted Average Shares": NaN,
        "Basic Average Shares": NaN,
        "Diluted EPS": NaN,
        "Basic EPS": NaN,
        "Diluted NI Availto Com Stockholders": NaN,
        "Net Income Common Stockholders": NaN,
        "Preferred Stock Dividends": NaN,
        "Net Income": NaN,
        "Minority Interests": NaN,
        "Net Income Including Noncontrolling Interests": NaN,
        "Net Income Continuous Operations": NaN,
        "Tax Provision": NaN,
        "Pretax Income": NaN,
        "Other Income Expense": NaN,
        "Other Non Operating Income Expenses": NaN,
        "Special Income Charges": NaN,
        "Gain On Sale Of Ppe": NaN,
        "Other Special Charges": NaN,
        "Impairment Of Capital Assets": NaN,
        "Restructuring And Mergern Acquisition": NaN,
        "Earnings From Equity Interest": NaN,
        "Gain On Sale Of Security": NaN,
        "Net Non Operating Interest Income Expense": NaN,
        "Total Other Finance Cost": -27000000.0,
        "Interest Expense Non Operating": NaN,
        "Interest Income Non Operating": NaN,
        "Operating Income": NaN,
        "Operating Expense": NaN,
        "Other Operating Expenses": NaN,
        "Depreciation Amortization Depletion Income Statement": NaN,
        "Depreciation And Amortization In Income Statement": NaN,
        "Amortization": NaN,
        "Amortization Of Intangibles Income Statement": NaN,
        "Depreciation Income Statement": NaN,
        "Selling General And Administration": NaN,
        "General And Administrative Expense": NaN,
        "Salaries And Wages": NaN,
        "Gross Profit": NaN,
        "Cost Of Revenue": NaN,
        "Total Revenue": NaN,
        "Operating Revenue": NaN
    },
    "2022-12-31": {
        "Tax Effect Of Unusual Items": NaN,
        "Tax Rate For Calcs": NaN,
        "Normalized EBITDA": NaN,
        "Total Unusual Items": NaN,
        "Total Unusual Items Excluding Goodwill": NaN,
        "Net Income From Continuing Operation Net Minority Interest": NaN,
        "Reconciled Depreciation": NaN,
        "Reconciled Cost Of Revenue": NaN,
        "EBITDA": NaN,
        "EBIT": NaN,
        "Net Interest Income": NaN,
        "Interest Expense": NaN,
        "Interest Income": NaN,
        "Normalized Income": NaN,
        "Net Income From Continuing And Discontinued Operation": NaN,
        "Total Expenses": NaN,
        "Diluted Average Shares": NaN,
        "Basic Average Shares": NaN,
        "Diluted EPS": NaN,
        "Basic EPS": NaN,
        "Diluted NI Availto Com Stockholders": NaN,
        "Net Income Common Stockholders": NaN,
        "Preferred Stock Dividends": NaN,
        "Net Income": NaN,
        "Minority Interests": NaN,
        "Net Income Including Noncontrolling Interests": NaN,
        "Net Income Continuous Operations": NaN,
        "Tax Provision": NaN,
        "Pretax Income": NaN,
        "Other Income Expense": NaN,
        "Other Non Operating Income Expenses": NaN,
        "Special Income Charges": NaN,
        "Gain On Sale Of Ppe": NaN,
        "Other Special Charges": 0.0,
        "Impairment Of Capital Assets": NaN,
        "Restructuring And Mergern Acquisition": NaN,
        "Earnings From Equity Interest": NaN,
        "Gain On Sale Of Security": NaN,
        "Net Non Operating Interest Income Expense": NaN,
        "Total Other Finance Cost": NaN,
        "Interest Expense Non Operating": NaN,
        "Interest Income Non Operating": NaN,
        "Operating Income": NaN,
        "Operating Expense": NaN,
        "Other Operating Expenses": NaN,
        "Depreciation Amortization Depletion Income Statement": NaN,
        "Depreciation And Amortization In Income Statement": NaN,
        "Amortization": NaN,
        "Amortization Of Intangibles Income Statement": NaN,
        "Depreciation Income Statement": NaN,
        "Selling General And Administration": NaN,
        "General And Administrative Expense": NaN,
        "Salaries And Wages": NaN,
        "Gross Profit": NaN,
        "Cost Of Revenue": NaN,
        "Total Revenue": NaN,
        "Operating Revenue": NaN
    },
    "2022-09-30": {
        "Tax Effect Of Unusual Items": -22883034.773446,
        "Tax Rate For Calcs": 0.187566,
        "Normalized EBITDA": 2550000000.0,
        "Total Unusual Items": -122000000.0,
        "Total Unusual Items Excluding Goodwill": -122000000.0,
        "Net Income From Continuing Operation Net Minority Interest": 754000000.0,
        "Reconciled Depreciation": 1181000000.0,
        "Reconciled Cost Of Revenue": 1862000000.0,
        "EBITDA": 2428000000.0,
        "EBIT": 1247000000.0,
        "Net Interest Income": -285000000.0,
        "Interest Expense": 298000000.0,
        "Interest Income": 13000000.0,
        "Normalized Income": 853116965.226554,
        "Net Income From Continuing And Discontinued Operation": 754000000.0,
        "Total Expenses": 4617000000.0,
        "Diluted Average Shares": 911900000.0,
        "Basic Average Shares": 911900000.0,
        "Diluted EPS": 0.78,
        "Basic EPS": 0.78,
        "Diluted NI Availto Com Stockholders": 715000000.0,
        "Net Income Common Stockholders": 715000000.0,
        "Preferred Stock Dividends": 39000000.0,
        "Net Income": 754000000.0,
        "Minority Interests": -17000000.0,
        "Net Income Including Noncontrolling Interests": 771000000.0,
        "Net Income Continuous Operations": 771000000.0,
        "Tax Provision": 178000000.0,
        "Pretax Income": 949000000.0,
        "Other Income Expense": -173000000.0,
        "Other Non Operating Income Expenses": -13000000.0,
        "Special Income Charges": -48000000.0,
        "Gain On Sale Of Ppe": -5000000.0,
        "Other Special Charges": NaN,
        "Write Off": NaN,
        "Impairment Of Capital Assets": 21000000.0,
        "Restructuring And Mergern Acquisition": 22000000.0,
        "Earnings From Equity Interest": -38000000.0,
        "Gain On Sale Of Security": -74000000.0,
        "Net Non Operating Interest Income Expense": -285000000.0,
        "Interest Expense Non Operating": 298000000.0,
        "Interest Income Non Operating": 13000000.0,
        "Operating Income": 1407000000.0,
        "Operating Expense": 2755000000.0,
        "Other Operating Expenses": 474000000.0,
        "Depreciation Amortization Depletion Income Statement": 1181000000.0,
        "Depreciation And Amortization In Income Statement": 1181000000.0,
        "Amortization": 267000000.0,
        "Amortization Of Intangibles Income Statement": 267000000.0,
        "Depreciation Income Statement": 914000000.0,
        "Selling General And Administration": 1100000000.0,
        "General And Administrative Expense": 1100000000.0,
        "Salaries And Wages": 1100000000.0,
        "Gross Profit": 4162000000.0,
        "Cost Of Revenue": 1862000000.0,
        "Total Revenue": 6024000000.0,
        "Operating Revenue": 6024000000.0
    },
    "2022-06-30": {
        "Tax Effect Of Unusual Items": -54726862.302483,
        "Tax Rate For Calcs": 0.261851,
        "Normalized EBITDA": 2563000000.0,
        "Total Unusual Items": -209000000.0,
        "Total Unusual Items Excluding Goodwill": -209000000.0,
        "Net Income From Continuing Operation Net Minority Interest": 631000000.0,
        "Reconciled Depreciation": 1199000000.0,
        "Reconciled Cost Of Revenue": 1694000000.0,
        "EBITDA": 2354000000.0,
        "EBIT": 1155000000.0,
        "Net Interest Income": -262000000.0,
        "Interest Expense": 269000000.0,
        "Interest Income": 7000000.0,
        "Normalized Income": 785273137.697517,
        "Net Income From Continuing And Discontinued Operation": 631000000.0,
        "Total Expenses": 4470000000.0,
        "Diluted Average Shares": 912800000.0,
        "Basic Average Shares": 911900000.0,
        "Diluted EPS": 0.66,
        "Basic EPS": 0.66,
        "Diluted NI Availto Com Stockholders": 596000000.0,
        "Net Income Common Stockholders": 596000000.0,
        "Preferred Stock Dividends": 35000000.0,
        "Net Income": 631000000.0,
        "Minority Interests": -23000000.0,
        "Net Income Including Noncontrolling Interests": 654000000.0,
        "Net Income Continuous Operations": 654000000.0,
        "Tax Provision": 232000000.0,
        "Pretax Income": 886000000.0,
        "Other Income Expense": -243000000.0,
        "Other Non Operating Income Expenses": -4000000.0,
        "Special Income Charges": -144000000.0,
        "Gain On Sale Of Ppe": 2000000.0,
        "Other Special Charges": NaN,
        "Write Off": NaN,
        "Impairment Of Capital Assets": 106000000.0,
        "Restructuring And Mergern Acquisition": 40000000.0,
        "Earnings From Equity Interest": -30000000.0,
        "Gain On Sale Of Security": -65000000.0,
        "Net Non Operating Interest Income Expense": -262000000.0,
        "Interest Expense Non Operating": 269000000.0,
        "Interest Income Non Operating": 7000000.0,
        "Operating Income": 1391000000.0,
        "Operating Expense": 2776000000.0,
        "Other Operating Expenses": 469000000.0,
        "Depreciation Amortization Depletion Income Statement": 1199000000.0,
        "Depreciation And Amortization In Income Statement": 1199000000.0,
        "Amortization": 266000000.0,
        "Amortization Of Intangibles Income Statement": 266000000.0,
        "Depreciation Income Statement": 933000000.0,
        "Selling General And Administration": 1108000000.0,
        "General And Administrative Expense": 1108000000.0,
        "Salaries And Wages": 1108000000.0,
        "Gross Profit": 4167000000.0,
        "Cost Of Revenue": 1694000000.0,
        "Total Revenue": 5861000000.0,
        "Operating Revenue": 5861000000.0
    },
    "2023-06-30": {
        "Tax Effect Of Unusual Items": NaN,
        "Tax Rate For Calcs": NaN,
        "Normalized EBITDA": NaN,
        "Total Unusual Items": NaN,
        "Total Unusual Items Excluding Goodwill": NaN,
        "Net Income From Continuing Operation Net Minority Interest": NaN,
        "Reconciled Depreciation": NaN,
        "Reconciled Cost Of Revenue": NaN,
        "EBITDA": NaN,
        "EBIT": NaN,
        "Net Interest Income": NaN,
        "Interest Expense": NaN,
        "Interest Income": NaN,
        "Normalized Income": NaN,
        "Net Income From Continuing And Discontinued Operation": NaN,
        "Total Expenses": NaN,
        "Diluted Average Shares": NaN,
        "Basic Average Shares": NaN,
        "Diluted EPS": NaN,
        "Basic EPS": NaN,
        "Diluted NI Availto Com Stockholders": NaN,
        "Net Income Common Stockholders": NaN,
        "Preferred Stock Dividends": NaN,
        "Net Income": NaN,
        "Minority Interests": NaN,
        "Net Income Including Noncontrolling Interests": NaN,
        "Net Income Continuous Operations": NaN,
        "Tax Provision": NaN,
        "Pretax Income": NaN,
        "Other Income Expense": NaN,
        "Other Non Operating Income Expenses": NaN,
        "Special Income Charges": NaN,
        "Gain On Sale Of Ppe": NaN,
        "Other Special Charges": 1000000.0,
        "Impairment Of Capital Assets": NaN,
        "Restructuring And Mergern Acquisition": NaN,
        "Earnings From Equity Interest": NaN,
        "Gain On Sale Of Security": NaN,
        "Net Non Operating Interest Income Expense": NaN,
        "Total Other Finance Cost": -27000000.0,
        "Interest Expense Non Operating": NaN,
        "Interest Income Non Operating": NaN,
        "Operating Income": NaN,
        "Operating Expense": NaN,
        "Other Operating Expenses": NaN,
        "Depreciation Amortization Depletion Income Statement": NaN,
        "Depreciation And Amortization In Income Statement": NaN,
        "Amortization": NaN,
        "Amortization Of Intangibles Income Statement": NaN,
        "Depreciation Income Statement": NaN,
        "Selling General And Administration": NaN,
        "General And Administrative Expense": NaN,
        "Salaries And Wages": NaN,
        "Gross Profit": NaN,
        "Cost Of Revenue": NaN,
        "Total Revenue": NaN,
        "Operating Revenue": NaN
    },
    "2022-03-31": {
        "Diluted EPS": 0.76,
        "Total Revenue": NaN,
        "Gross Profit": NaN,
        "Operating Income": NaN,
        "EBIT": NaN,
        "Net Income": 692
    },
    "2021-12-31": {
        "Diluted EPS": 0.55,
        "Total Revenue": NaN,
        "Gross Profit": NaN,
        "Operating Income": 927,
        "EBIT": NaN,
        "Net Income": 495
    },
    "2021-09-30": {
        "Diluted EPS": 0.66,
        "Total Revenue": NaN,
        "Gross Profit": NaN,
        "Operating Income": NaN,
        "EBIT": NaN,
        "Net Income": 601
    },
    "2021-06-30": {
        "Diluted EPS": 0.62,
        "Total Revenue": NaN,
        "Gross Profit": NaN,
        "Operating Income": NaN,
        "EBIT": NaN,
        "Net Income": 558
    },
    "2021-03-31": {
        "Diluted EPS": 0.56,
        "Total Revenue": NaN,
        "Gross Profit": NaN,
        "Operating Income": 953,
        "EBIT": NaN,
        "Net Income": 507
    },
    "2020-12-31": {
        "Diluted EPS": 0.74,
        "Total Revenue": NaN,
        "Gross Profit": NaN,
        "Operating Income": 949,
        "EBIT": NaN,
        "Net Income": 667
    },
    "2020-09-30": {
        "Diluted EPS": 0.58,
        "Total Revenue": NaN,
        "Gross Profit": NaN,
        "Operating Income": 991,
        "EBIT": NaN,
        "Net Income": 519
    },
    "2020-06-30": {
        "Diluted EPS": 0.19,
        "Total Revenue": NaN,
        "Gross Profit": NaN,
        "Operating Income": 870,
        "EBIT": NaN,
        "Net Income": 171
    },
    "2020-03-31": {
        "Diluted EPS": 0.56,
        "Total Revenue": NaN,
        "Gross Profit": NaN,
        "Operating Income": 987,
        "EBIT": NaN,
        "Net Income": 507
    },
    "2019-12-31": {
        "Diluted EPS": 0.56,
        "Total Revenue": NaN,
        "Gross Profit": NaN,
        "Operating Income": NaN,
        "EBIT": NaN,
        "Net Income": 508
    },
    "2019-09-30": {
        "Diluted EPS": 0.73,
        "Total Revenue": NaN,
        "Gross Profit": NaN,
        "Operating Income": NaN,
        "EBIT": NaN,
        "Net Income": 657
    },
    "2019-06-30": {
        "Diluted EPS": 0.64,
        "Total Revenue": NaN,
        "Gross Profit": NaN,
        "Operating Income": NaN,
        "EBIT": NaN,
        "Net Income": 569
    },
    "2019-03-31": {
        "Diluted EPS": 0.62,
        "Total Revenue": NaN,
        "Gross Profit": NaN,
        "Operating Income": 964,
        "EBIT": NaN,
        "Net Income": 557
    },
    "2018-12-31": {
        "Diluted EPS": 0.51,
        "Total Revenue": NaN,
        "Gross Profit": NaN,
        "Operating Income": 998,
        "EBIT": NaN,
        "Net Income": 457
    },
    "2018-09-30": {
        "Diluted EPS": 0.69,
        "Total Revenue": NaN,
        "Gross Profit": NaN,
        "Operating Income": NaN,
        "EBIT": NaN,
        "Net Income": 623
    },
    "2018-06-30": {
        "Diluted EPS": 0.61,
        "Total Revenue": NaN,
        "Gross Profit": NaN,
        "Operating Income": NaN,
        "EBIT": NaN,
        "Net Income": 546
    },
    "2018-03-31": {
        "Diluted EPS": 0.58,
        "Total Revenue": NaN,
        "Gross Profit": NaN,
        "Operating Income": 998,
        "EBIT": NaN,
        "Net Income": 523
    },
    "2017-12-31": {
        "Diluted EPS": 0.5,
        "Total Revenue": NaN,
        "Gross Profit": NaN,
        "Operating Income": 931,
        "EBIT": NaN,
        "Net Income": 455
    },
    "2017-09-30": {
        "Diluted EPS": 0.69,
        "Total Revenue": NaN,
        "Gross Profit": NaN,
        "Operating Income": NaN,
        "EBIT": NaN,
        "Net Income": 614
    },
    "2017-06-30": {
        "Diluted EPS": 0.63,
        "Total Revenue": NaN,
        "Gross Profit": NaN,
        "Operating Income": NaN,
        "EBIT": NaN,
        "Net Income": 567
    },
    "2017-03-31": {
        "Diluted EPS": 0.59,
        "Total Revenue": NaN,
        "Gross Profit": NaN,
        "Operating Income": 924,
        "EBIT": NaN,
        "Net Income": 513
    },
    "2016-12-31": {
        "Diluted EPS": 0.56,
        "Total Revenue": NaN,
        "Gross Profit": NaN,
        "Operating Income": 914,
        "EBIT": NaN,
        "Net Income": 490
    },
    "2016-09-30": {
        "Diluted EPS": 0.67,
        "Total Revenue": NaN,
        "Gross Profit": NaN,
        "Operating Income": NaN,
        "EBIT": NaN,
        "Net Income": 577
    },
    "2016-06-30": {
        "Diluted EPS": 0.69,
        "Total Revenue": NaN,
        "Gross Profit": NaN,
        "Operating Income": NaN,
        "EBIT": NaN,
        "Net Income": 604
    },
    "2016-03-31": {
        "Diluted EPS": 0.6,
        "Total Revenue": NaN,
        "Gross Profit": NaN,
        "Operating Income": 899,
        "EBIT": NaN,
        "Net Income": 515
    },
    "2015-12-31": {
        "Diluted EPS": 0.43,
        "Total Revenue": NaN,
        "Gross Profit": NaN,
        "Operating Income": 508,
        "EBIT": NaN,
        "Net Income": 372
    },
    "2015-09-30": {
        "Diluted EPS": 0.67,
        "Total Revenue": NaN,
        "Gross Profit": NaN,
        "Operating Income": 976,
        "EBIT": NaN,
        "Net Income": 565
    },
    "2015-06-30": {
        "Diluted EPS": 0.73,
        "Total Revenue": NaN,
        "Gross Profit": NaN,
        "Operating Income": NaN,
        "EBIT": 487,
        "Net Income": 617
    },
    "2015-03-31": {
        "Diluted EPS": 0.52,
        "Total Revenue": NaN,
        "Gross Profit": NaN,
        "Operating Income": NaN,
        "EBIT": NaN,
        "Net Income": 442
    },
    "2014-12-31": {
        "Diluted EPS": 0.51,
        "Total Revenue": NaN,
        "Gross Profit": NaN,
        "Operating Income": 537,
        "EBIT": NaN,
        "Net Income": 435
    },
    "2014-09-30": {
        "Diluted EPS": 0.67,
        "Total Revenue": NaN,
        "Gross Profit": NaN,
        "Operating Income": 872,
        "EBIT": NaN,
        "Net Income": 526
    },
    "2014-06-30": {
        "Diluted EPS": 0.71,
        "Total Revenue": NaN,
        "Gross Profit": NaN,
        "Operating Income": NaN,
        "EBIT": NaN,
        "Net Income": 553
    },
    "2014-03-31": {
        "Diluted EPS": 0.72,
        "Total Revenue": NaN,
        "Gross Profit": NaN,
        "Operating Income": NaN,
        "EBIT": NaN,
        "Net Income": 561
    },
    "2013-12-31": {
        "Diluted EPS": 0.58,
        "Total Revenue": NaN,
        "Gross Profit": NaN,
        "Operating Income": 417,
        "EBIT": NaN,
        "Net Income": 447
    },
    "2013-09-30": {
        "Diluted EPS": 0.42,
        "Total Revenue": NaN,
        "Gross Profit": NaN,
        "Operating Income": NaN,
        "EBIT": NaN,
        "Net Income": 328
    },
    "2013-06-30": {
        "Diluted EPS": 0.71,
        "Total Revenue": NaN,
        "Gross Profit": NaN,
        "Operating Income": NaN,
        "EBIT": NaN,
        "Net Income": 549
    },
    "2013-03-31": {
        "Diluted EPS": 0.73,
        "Total Revenue": NaN,
        "Gross Profit": NaN,
        "Operating Income": NaN,
        "EBIT": NaN,
        "Net Income": 565
    },
    "2012-12-31": {
        "Diluted EPS": 0.91,
        "Total Revenue": NaN,
        "Gross Profit": NaN,
        "Operating Income": NaN,
        "EBIT": NaN,
        "Net Income": 710
    },
    "2012-09-30": {
        "Diluted EPS": 0.74,
        "Total Revenue": NaN,
        "Gross Profit": NaN,
        "Operating Income": NaN,
        "EBIT": NaN,
        "Net Income": 568
    },
    "2012-06-30": {
        "Diluted EPS": 1.0,
        "Total Revenue": NaN,
        "Gross Profit": NaN,
        "Operating Income": NaN,
        "EBIT": NaN,
        "Net Income": 774
    },
    "2012-03-31": {
        "Diluted EPS": 0.8,
        "Total Revenue": NaN,
        "Gross Profit": NaN,
        "Operating Income": NaN,
        "EBIT": NaN,
        "Net Income": 616
    },
    "2011-12-31": {
        "Diluted EPS": 0.63,
        "Total Revenue": NaN,
        "Gross Profit": NaN,
        "Operating Income": NaN,
        "EBIT": NaN,
        "Net Income": 515
    },
    "2011-09-30": {
        "Diluted EPS": 0.81,
        "Total Revenue": NaN,
        "Gross Profit": NaN,
        "Operating Income": 987,
        "EBIT": NaN,
        "Net Income": 634
    },
    "2011-06-30": {
        "Diluted EPS": 0.79,
        "Total Revenue": NaN,
        "Gross Profit": NaN,
        "Operating Income": NaN,
        "EBIT": NaN,
        "Net Income": 615
    },
    "2011-03-31": {
        "Diluted EPS": 0.7,
        "Total Revenue": NaN,
        "Gross Profit": NaN,
        "Operating Income": NaN,
        "EBIT": NaN,
        "Net Income": 556
    },
    "2010-12-31": {
        "Diluted EPS": 0.58,
        "Total Revenue": NaN,
        "Gross Profit": NaN,
        "Operating Income": 170,
        "EBIT": NaN,
        "Net Income": 441
    },
    "2010-09-30": {
        "Diluted EPS": 0.69,
        "Total Revenue": NaN,
        "Gross Profit": NaN,
        "Operating Income": NaN,
        "EBIT": NaN,
        "Net Income": 523
    },
    "2010-06-30": {
        "Diluted EPS": 0.76,
        "Total Revenue": NaN,
        "Gross Profit": NaN,
        "Operating Income": 984,
        "EBIT": NaN,
        "Net Income": 600
    },
    "2010-03-31": {
        "Diluted EPS": 0.77,
        "Total Revenue": NaN,
        "Gross Profit": NaN,
        "Operating Income": NaN,
        "EBIT": NaN,
        "Net Income": 620
    },
    "2009-12-31": {
        "Diluted EPS": 0.44,
        "Total Revenue": NaN,
        "Gross Profit": NaN,
        "Operating Income": 116,
        "EBIT": 838,
        "Net Income": 331
    },
    "2009-09-30": {
        "Diluted EPS": 0.69,
        "Total Revenue": NaN,
        "Gross Profit": NaN,
        "Operating Income": NaN,
        "EBIT": NaN,
        "Net Income": 533
    },
    "2009-06-30": {
        "Diluted EPS": 0.42,
        "Total Revenue": NaN,
        "Gross Profit": NaN,
        "Operating Income": NaN,
        "EBIT": NaN,
        "Net Income": 322
    },
    "2009-03-31": {
        "Diluted EPS": 0.48,
        "Total Revenue": NaN,
        "Gross Profit": NaN,
        "Operating Income": NaN,
        "EBIT": NaN,
        "Net Income": 377
    },
    "2023-09-30": {
        "Tax Effect Of Unusual Items": NaN,
        "Tax Rate For Calcs": NaN,
        "Normalized EBITDA": NaN,
        "Total Unusual Items": NaN,
        "Total Unusual Items Excluding Goodwill": NaN,
        "Net Income From Continuing Operation Net Minority Interest": NaN,
        "Reconciled Depreciation": NaN,
        "Reconciled Cost Of Revenue": NaN,
        "EBITDA": NaN,
        "EBIT": NaN,
        "Net Interest Income": NaN,
        "Interest Expense": NaN,
        "Interest Income": NaN,
        "Normalized Income": NaN,
        "Net Income From Continuing And Discontinued Operation": NaN,
        "Total Expenses": NaN,
        "Diluted Average Shares": 912300000.0,
        "Basic Average Shares": 912300000.0,
        "Diluted EPS": 0.7,
        "Basic EPS": 0.7,
        "Diluted NI Availto Com Stockholders": NaN,
        "Net Income Common Stockholders": NaN,
        "Preferred Stock Dividends": NaN,
        "Net Income": NaN,
        "Minority Interests": NaN,
        "Net Income Including Noncontrolling Interests": NaN,
        "Net Income Continuous Operations": NaN,
        "Tax Provision": NaN,
        "Pretax Income": NaN,
        "Other Income Expense": NaN,
        "Other Non Operating Income Expenses": NaN,
        "Special Income Charges": NaN,
        "Gain On Sale Of Ppe": NaN,
        "Other Special Charges": NaN,
        "Impairment Of Capital Assets": NaN,
        "Restructuring And Mergern Acquisition": NaN,
        "Earnings From Equity Interest": NaN,
        "Gain On Sale Of Security": NaN,
        "Net Non Operating Interest Income Expense": NaN,
        "Total Other Finance Cost": NaN,
        "Interest Expense Non Operating": NaN,
        "Interest Income Non Operating": NaN,
        "Operating Income": NaN,
        "Operating Expense": NaN,
        "Other Operating Expenses": NaN,
        "Depreciation Amortization Depletion Income Statement": NaN,
        "Depreciation And Amortization In Income Statement": NaN,
        "Amortization": NaN,
        "Amortization Of Intangibles Income Statement": NaN,
        "Depreciation Income Statement": NaN,
        "Selling General And Administration": NaN,
        "General And Administrative Expense": NaN,
        "Salaries And Wages": NaN,
        "Gross Profit": NaN,
        "Cost Of Revenue": NaN,
        "Total Revenue": NaN,
        "Operating Revenue": NaN
    },
    "2023-12-31": {
        "Tax Effect Of Unusual Items": NaN,
        "Tax Rate For Calcs": NaN,
        "Normalized EBITDA": NaN,
        "Total Unusual Items": NaN,
        "Total Unusual Items Excluding Goodwill": NaN,
        "Net Income From Continuing Operation Net Minority Interest": NaN,
        "Reconciled Depreciation": NaN,
        "Reconciled Cost Of Revenue": NaN,
        "EBITDA": NaN,
        "EBIT": NaN,
        "Net Interest Income": NaN,
        "Interest Expense": NaN,
        "Interest Income": NaN,
        "Normalized Income": NaN,
        "Net Income From Continuing And Discontinued Operation": NaN,
        "Total Expenses": NaN,
        "Diluted Average Shares": NaN,
        "Basic Average Shares": NaN,
        "Diluted EPS": NaN,
        "Basic EPS": NaN,
        "Diluted NI Availto Com Stockholders": NaN,
        "Net Income Common Stockholders": NaN,
        "Preferred Stock Dividends": NaN,
        "Net Income": NaN,
        "Minority Interests": NaN,
        "Net Income Including Noncontrolling Interests": NaN,
        "Net Income Continuous Operations": NaN,
        "Tax Provision": NaN,
        "Pretax Income": NaN,
        "Other Income Expense": NaN,
        "Other Non Operating Income Expenses": NaN,
        "Special Income Charges": NaN,
        "Gain On Sale Of Ppe": NaN,
        "Other Special Charges": 0.0,
        "Write Off": NaN,
        "Impairment Of Capital Assets": NaN,
        "Restructuring And Mergern Acquisition": NaN,
        "Earnings From Equity Interest": NaN,
        "Gain On Sale Of Security": NaN,
        "Net Non Operating Interest Income Expense": NaN,
        "Total Other Finance Cost": NaN,
        "Interest Expense Non Operating": NaN,
        "Interest Income Non Operating": NaN,
        "Operating Income": NaN,
        "Operating Expense": NaN,
        "Other Operating Expenses": NaN,
        "Depreciation Amortization Depletion Income Statement": NaN,
        "Depreciation And Amortization In Income Statement": NaN,
        "Amortization": NaN,
        "Amortization Of Intangibles Income Statement": NaN,
        "Depreciation Income Statement": NaN,
        "Selling General And Administration": NaN,
        "General And Administrative Expense": NaN,
        "Salaries And Wages": NaN,
        "Gross Profit": NaN,
        "Cost Of Revenue": NaN,
        "Total Revenue": NaN,
        "Operating Revenue": NaN
    },
    "2024-03-31": {
        "Tax Effect Of Unusual Items": NaN,
        "Tax Rate For Calcs": NaN,
        "Normalized EBITDA": NaN,
        "Total Unusual Items": NaN,
        "Total Unusual Items Excluding Goodwill": NaN,
        "Net Income From Continuing Operation Net Minority Interest": NaN,
        "Reconciled Depreciation": NaN,
        "Reconciled Cost Of Revenue": NaN,
        "EBITDA": NaN,
        "EBIT": NaN,
        "Net Interest Income": NaN,
        "Interest Expense": NaN,
        "Interest Income": NaN,
        "Normalized Income": NaN,
        "Net Income From Continuing And Discontinued Operation": NaN,
        "Total Expenses": NaN,
        "Diluted Average Shares": NaN,
        "Basic Average Shares": NaN,
        "Diluted EPS": NaN,
        "Basic EPS": NaN,
        "Diluted NI Availto Com Stockholders": NaN,
        "Net Income Common Stockholders": NaN,
        "Preferred Stock Dividends": NaN,
        "Net Income": NaN,
        "Minority Interests": NaN,
        "Net Income Including Noncontrolling Interests": NaN,
        "Net Income Continuous Operations": NaN,
        "Tax Provision": NaN,
        "Pretax Income": NaN,
        "Other Income Expense": NaN,
        "Other Non Operating Income Expenses": NaN,
        "Special Income Charges": NaN,
        "Gain On Sale Of Ppe": NaN,
        "Other Special Charges": NaN,
        "Write Off": 13000000.0,
        "Impairment Of Capital Assets": NaN,
        "Restructuring And Mergern Acquisition": NaN,
        "Earnings From Equity Interest": NaN,
        "Gain On Sale Of Security": NaN,
        "Net Non Operating Interest Income Expense": NaN,
        "Total Other Finance Cost": -16000000.0,
        "Interest Expense Non Operating": NaN,
        "Interest Income Non Operating": NaN,
        "Operating Income": NaN,
        "Operating Expense": NaN,
        "Other Operating Expenses": NaN,
        "Depreciation Amortization Depletion Income Statement": NaN,
        "Depreciation And Amortization In Income Statement": NaN,
        "Amortization": NaN,
        "Amortization Of Intangibles Income Statement": NaN,
        "Depreciation Income Statement": NaN,
        "Selling General And Administration": NaN,
        "General And Administrative Expense": NaN,
        "Salaries And Wages": NaN,
        "Gross Profit": NaN,
        "Cost Of Revenue": NaN,
        "Total Revenue": NaN,
        "Operating Revenue": NaN
    },
    "2024-06-30": {
        "Tax Effect Of Unusual Items": NaN,
        "Tax Rate For Calcs": NaN,
        "Normalized EBITDA": NaN,
        "Total Unusual Items": NaN,
        "Total Unusual Items Excluding Goodwill": NaN,
        "Net Income From Continuing Operation Net Minority Interest": NaN,
        "Reconciled Depreciation": NaN,
        "Reconciled Cost Of Revenue": NaN,
        "EBITDA": NaN,
        "EBIT": NaN,
        "Net Interest Income": NaN,
        "Interest Expense": NaN,
        "Interest Income": NaN,
        "Normalized Income": NaN,
        "Net Income From Continuing And Discontinued Operation": NaN,
        "Total Expenses": NaN,
        "Diluted Average Shares": NaN,
        "Basic Average Shares": NaN,
        "Diluted EPS": NaN,
        "Basic EPS": NaN,
        "Diluted NI Availto Com Stockholders": NaN,
        "Net Income Common Stockholders": NaN,
        "Preferred Stock Dividends": NaN,
        "Net Income": NaN,
        "Minority Interests": NaN,
        "Net Income Including Noncontrolling Interests": NaN,
        "Net Income Continuous Operations": NaN,
        "Tax Provision": NaN,
        "Pretax Income": NaN,
        "Other Income Expense": NaN,
        "Other Non Operating Income Expenses": NaN,
        "Special Income Charges": NaN,
        "Gain On Sale Of Ppe": NaN,
        "Other Special Charges": NaN,
        "Write Off": NaN,
        "Impairment Of Capital Assets": 60000000.0,
        "Restructuring And Mergern Acquisition": NaN,
        "Earnings From Equity Interest": NaN,
        "Gain On Sale Of Security": NaN,
        "Net Non Operating Interest Income Expense": NaN,
        "Total Other Finance Cost": -17000000.0,
        "Interest Expense Non Operating": NaN,
        "Interest Income Non Operating": NaN,
        "Operating Income": NaN,
        "Operating Expense": NaN,
        "Other Operating Expenses": NaN,
        "Depreciation Amortization Depletion Income Statement": NaN,
        "Depreciation And Amortization In Income Statement": NaN,
        "Amortization": NaN,
        "Amortization Of Intangibles Income Statement": NaN,
        "Depreciation Income Statement": NaN,
        "Selling General And Administration": NaN,
        "General And Administrative Expense": NaN,
        "Salaries And Wages": NaN,
        "Gross Profit": NaN,
        "Cost Of Revenue": NaN,
        "Total Revenue": NaN,
        "Operating Revenue": NaN
    },
    "2024-09-30": {
        "Tax Effect Of Unusual Items": -310950000.0,
        "Tax Rate For Calcs": 0.15,
        "Normalized EBITDA": 2586000000.0,
        "Total Unusual Items": -2073000000.0,
        "Total Unusual Items Excluding Goodwill": -2073000000.0,
        "Net Income From Continuing Operation Net Minority Interest": -1192000000.0,
        "Reconciled Depreciation": 1259000000.0,
        "Reconciled Cost Of Revenue": 1735000000.0,
        "EBITDA": 513000000.0,
        "EBIT": -746000000.0,
        "Net Interest Income": -389000000.0,
        "Interest Expense": 440000000.0,
        "Interest Income": 35000000.0,
        "Normalized Income": 570050000.0,
        "Net Income From Continuing And Discontinued Operation": -1192000000.0,
        "Total Expenses": 4508000000.0,
        "Diluted Average Shares": 912300000.0,
        "Basic Average Shares": 912300000.0,
        "Diluted EPS": -1.36,
        "Basic EPS": -1.36,
        "Diluted NI Availto Com Stockholders": -1237000000.0,
        "Net Income Common Stockholders": -1237000000.0,
        "Preferred Stock Dividends": 45000000.0,
        "Net Income": -1192000000.0,
        "Minority Interests": -1000000.0,
        "Net Income Including Noncontrolling Interests": -1191000000.0,
        "Net Income Continuous Operations": -1191000000.0,
        "Tax Provision": 5000000.0,
        "Pretax Income": -1186000000.0,
        "Other Income Expense": -2260000000.0,
        "Other Non Operating Income Expenses": -12000000.0,
        "Special Income Charges": -2181000000.0,
        "Gain On Sale Of Ppe": -19000000.0,
        "Other Special Charges": NaN,
        "Write Off": NaN,
        "Impairment Of Capital Assets": 2113000000.0,
        "Restructuring And Mergern Acquisition": 49000000.0,
        "Earnings From Equity Interest": -175000000.0,
        "Gain On Sale Of Security": 108000000.0,
        "Net Non Operating Interest Income Expense": -389000000.0,
        "Total Other Finance Cost": NaN,
        "Interest Expense Non Operating": 440000000.0,
        "Interest Income Non Operating": 35000000.0,
        "Operating Income": 1463000000.0,
        "Operating Expense": 2773000000.0,
        "Other Operating Expenses": 480000000.0,
        "Depreciation Amortization Depletion Income Statement": 1259000000.0,
        "Depreciation And Amortization In Income Statement": 1259000000.0,
        "Amortization": 325000000.0,
        "Amortization Of Intangibles Income Statement": 325000000.0,
        "Depreciation Income Statement": 934000000.0,
        "Selling General And Administration": 1034000000.0,
        "General And Administrative Expense": 1034000000.0,
        "Salaries And Wages": 1034000000.0,
        "Gross Profit": 4236000000.0,
        "Cost Of Revenue": 1735000000.0,
        "Total Revenue": 5971000000.0,
        "Operating Revenue": 5971000000.0
    },
    "2024-12-31": {
        "Tax Effect Of Unusual Items": -90073529.411765,
        "Tax Rate For Calcs": 0.257353,
        "Normalized EBITDA": 2686000000.0,
        "Total Unusual Items": -350000000.0,
        "Total Unusual Items Excluding Goodwill": -350000000.0,
        "Net Income From Continuing Operation Net Minority Interest": 504000000.0,
        "Reconciled Depreciation": 1250000000.0,
        "Reconciled Cost Of Revenue": 2287000000.0,
        "EBITDA": 2336000000.0,
        "EBIT": 1086000000.0,
        "Net Interest Income": -383000000.0,
        "Interest Expense": 406000000.0,
        "Interest Income": -43000000.0,
        "Normalized Income": 763926470.588235,
        "Net Income From Continuing And Discontinued Operation": 504000000.0,
        "Total Expenses": 5067000000.0,
        "Diluted Average Shares": NaN,
        "Basic Average Shares": NaN,
        "Diluted EPS": NaN,
        "Basic EPS": NaN,
        "Diluted NI Availto Com Stockholders": 461000000.0,
        "Net Income Common Stockholders": 461000000.0,
        "Preferred Stock Dividends": 43000000.0,
        "Net Income": 504000000.0,
        "Minority Interests": -1000000.0,
        "Net Income Including Noncontrolling Interests": 505000000.0,
        "Net Income Continuous Operations": 505000000.0,
        "Tax Provision": 175000000.0,
        "Pretax Income": 680000000.0,
        "Other Income Expense": -292000000.0,
        "Other Non Operating Income Expenses": 48000000.0,
        "Special Income Charges": -151000000.0,
        "Gain On Sale Of Ppe": 7000000.0,
        "Other Special Charges": NaN,
        "Write Off": NaN,
        "Impairment Of Capital Assets": 4000000.0,
        "Restructuring And Mergern Acquisition": 154000000.0,
        "Earnings From Equity Interest": 10000000.0,
        "Gain On Sale Of Security": -199000000.0,
        "Net Non Operating Interest Income Expense": -383000000.0,
        "Total Other Finance Cost": NaN,
        "Interest Expense Non Operating": 406000000.0,
        "Interest Income Non Operating": -43000000.0,
        "Operating Income": 1355000000.0,
        "Operating Expense": 2780000000.0,
        "Other Operating Expenses": 502000000.0,
        "Depreciation Amortization Depletion Income Statement": 1250000000.0,
        "Depreciation And Amortization In Income Statement": 1250000000.0,
        "Amortization": 317000000.0,
        "Amortization Of Intangibles Income Statement": 317000000.0,
        "Depreciation Income Statement": 933000000.0,
        "Selling General And Administration": 1028000000.0,
        "General And Administrative Expense": 1028000000.0,
        "Salaries And Wages": 1028000000.0,
        "Gross Profit": 4135000000.0,
        "Cost Of Revenue": 2287000000.0,
        "Total Revenue": 6422000000.0,
        "Operating Revenue": 6422000000.0
    },
    "2025-03-31": {
        "Tax Effect Of Unusual Items": 1640425.531915,
        "Tax Rate For Calcs": 0.273404,
        "Normalized EBITDA": 2629000000.0,
        "Total Unusual Items": 6000000.0,
        "Total Unusual Items Excluding Goodwill": 6000000.0,
        "Net Income From Continuing Operation Net Minority Interest": 671000000.0,
        "Reconciled Depreciation": 1272000000.0,
        "Reconciled Cost Of Revenue": 1890000000.0,
        "EBITDA": 2635000000.0,
        "EBIT": 1363000000.0,
        "Net Interest Income": -372000000.0,
        "Interest Expense": 423000000.0,
        "Interest Income": 26000000.0,
        "Normalized Income": 666640425.531915,
        "Net Income From Continuing And Discontinued Operation": 671000000.0,
        "Total Expenses": 4644000000.0,
        "Diluted Average Shares": 920300000.0,
        "Basic Average Shares": 920300000.0,
        "Diluted EPS": 0.68,
        "Basic EPS": 0.68,
        "Diluted NI Availto Com Stockholders": 630000000.0,
        "Net Income Common Stockholders": 630000000.0,
        "Preferred Stock Dividends": 41000000.0,
        "Net Income": 671000000.0,
        "Minority Interests": -12000000.0,
        "Net Income Including Noncontrolling Interests": 683000000.0,
        "Net Income Continuous Operations": 683000000.0,
        "Tax Provision": 257000000.0,
        "Pretax Income": 940000000.0,
        "Other Income Expense": 26000000.0,
        "Other Non Operating Income Expenses": 20000000.0,
        "Special Income Charges": 7000000.0,
        "Gain On Sale Of Ppe": -3000000.0,
        "Other Special Charges": -266000000.0,
        "Write Off": 9000000.0,
        "Impairment Of Capital Assets": NaN,
        "Restructuring And Mergern Acquisition": 247000000.0,
        "Earnings From Equity Interest": 0.0,
        "Gain On Sale Of Security": -1000000.0,
        "Net Non Operating Interest Income Expense": -372000000.0,
        "Total Other Finance Cost": -25000000.0,
        "Interest Expense Non Operating": 423000000.0,
        "Interest Income Non Operating": 26000000.0,
        "Operating Income": 1286000000.0,
        "Operating Expense": 2754000000.0,
        "Other Operating Expenses": 482000000.0,
        "Depreciation Amortization Depletion Income Statement": 1272000000.0,
        "Depreciation And Amortization In Income Statement": 1272000000.0,
        "Amortization": 331000000.0,
        "Amortization Of Intangibles Income Statement": 331000000.0,
        "Depreciation Income Statement": 941000000.0,
        "Selling General And Administration": 1000000000.0,
        "General And Administrative Expense": 1000000000.0,
        "Salaries And Wages": 1000000000.0,
        "Gross Profit": 4040000000.0,
        "Cost Of Revenue": 1890000000.0,
        "Total Revenue": 5930000000.0,
        "Operating Revenue": 5930000000.0
    },
    "2025-06-30": {
        "Tax Effect Of Unusual Items": -4343891.402715,
        "Tax Rate For Calcs": 0.271493,
        "Normalized EBITDA": 2629000000.0,
        "Total Unusual Items": -16000000.0,
        "Total Unusual Items Excluding Goodwill": -16000000.0,
        "Net Income From Continuing Operation Net Minority Interest": 619000000.0,
        "Reconciled Depreciation": 1287000000.0,
        "Reconciled Cost Of Revenue": 1912000000.0,
        "EBITDA": 2613000000.0,
        "EBIT": 1326000000.0,
        "Net Interest Income": -401000000.0,
        "Interest Expense": 442000000.0,
        "Interest Income": 15000000.0,
        "Normalized Income": 630656108.597285,
        "Net Income From Continuing And Discontinued Operation": 619000000.0,
        "Total Expenses": 4698000000.0,
        "Diluted Average Shares": 930900000.0,
        "Basic Average Shares": 930900000.0,
        "Diluted EPS": 0.63,
        "Basic EPS": 0.63,
        "Diluted NI Availto Com Stockholders": 579000000.0,
        "Net Income Common Stockholders": 579000000.0,
        "Preferred Stock Dividends": 40000000.0,
        "Net Income": 619000000.0,
        "Minority Interests": -25000000.0,
        "Net Income Including Noncontrolling Interests": 644000000.0,
        "Net Income Continuous Operations": 644000000.0,
        "Tax Provision": 240000000.0,
        "Pretax Income": 884000000.0,
        "Other Income Expense": -102000000.0,
        "Other Non Operating Income Expenses": -85000000.0,
        "Special Income Charges": 35000000.0,
        "Gain On Sale Of Ppe": -7000000.0,
        "Other Special Charges": -91000000.0,
        "Write Off": NaN,
        "Impairment Of Capital Assets": 8000000.0,
        "Restructuring And Mergern Acquisition": 41000000.0,
        "Earnings From Equity Interest": -1000000.0,
        "Gain On Sale Of Security": -51000000.0,
        "Net Non Operating Interest Income Expense": -401000000.0,
        "Total Other Finance Cost": -26000000.0,
        "Interest Expense Non Operating": 442000000.0,
        "Interest Income Non Operating": 15000000.0,
        "Operating Income": 1387000000.0,
        "Operating Expense": 2786000000.0,
        "Other Operating Expenses": 507000000.0,
        "Depreciation Amortization Depletion Income Statement": 1287000000.0,
        "Depreciation And Amortization In Income Statement": 1287000000.0,
        "Amortization": 338000000.0,
        "Amortization Of Intangibles Income Statement": 338000000.0,
        "Depreciation Income Statement": 949000000.0,
        "Selling General And Administration": 992000000.0,
        "General And Administrative Expense": 992000000.0,
        "Salaries And Wages": 992000000.0,
        "Gross Profit": 4173000000.0,
        "Cost Of Revenue": 1912000000.0,
        "Total Revenue": 6085000000.0,
        "Operating Revenue": 6085000000.0
    },
    "2025-09-30": {
        "Tax Effect Of Unusual Items": 390922000.0,
        "Tax Rate For Calcs": 0.098,
        "Normalized EBITDA": 2827000000.0,
        "Total Unusual Items": 3989000000.0,
        "Total Unusual Items Excluding Goodwill": 3989000000.0,
        "Net Income From Continuing Operation Net Minority Interest": 4540000000.0,
        "Reconciled Depreciation": 1309000000.0,
        "Reconciled Cost Of Revenue": 1765000000.0,
        "EBITDA": 6816000000.0,
        "EBIT": 5507000000.0,
        "Net Interest Income": -411000000.0,
        "Interest Expense": 457000000.0,
        "Interest Income": 20000000.0,
        "Normalized Income": 941922000.0,
        "Net Income From Continuing And Discontinued Operation": 4540000000.0,
        "Total Expenses": 4596000000.0,
        "Diluted Average Shares": 932500000.0,
        "Basic Average Shares": 932500000.0,
        "Diluted EPS": 4.84,
        "Basic EPS": 4.84,
        "Diluted NI Availto Com Stockholders": 4502000000.0,
        "Net Income Common Stockholders": 4502000000.0,
        "Preferred Stock Dividends": 38000000.0,
        "Net Income": 4540000000.0,
        "Minority Interests": -15000000.0,
        "Net Income Including Noncontrolling Interests": 4555000000.0,
        "Net Income Continuous Operations": 4555000000.0,
        "Tax Provision": 495000000.0,
        "Pretax Income": 5050000000.0,
        "Other Income Expense": 4008000000.0,
        "Other Non Operating Income Expenses": 20000000.0,
        "Special Income Charges": -1217000000.0,
        "Gain On Sale Of Ppe": -11000000.0,
        "Other Special Charges": 154000000.0,
        "Write Off": NaN,
        "Impairment Of Capital Assets": 970000000.0,
        "Restructuring And Mergern Acquisition": 82000000.0,
        "Earnings From Equity Interest": -1000000.0,
        "Gain On Sale Of Security": 5206000000.0,
        "Net Non Operating Interest Income Expense": -411000000.0,
        "Total Other Finance Cost": -26000000.0,
        "Interest Expense Non Operating": 457000000.0,
        "Interest Income Non Operating": 20000000.0,
        "Operating Income": 1453000000.0,
        "Operating Expense": 2831000000.0,
        "Other Operating Expenses": 548000000.0,
        "Depreciation Amortization Depletion Income Statement": 1309000000.0,
        "Depreciation And Amortization In Income Statement": 1309000000.0,
        "Amortization": 340000000.0,
        "Amortization Of Intangibles Income Statement": 340000000.0,
        "Depreciation Income Statement": 969000000.0,
        "Selling General And Administration": 974000000.0,
        "General And Administrative Expense": 974000000.0,
        "Salaries And Wages": 974000000.0,
        "Gross Profit": 4284000000.0,
        "Cost Of Revenue": 1765000000.0,
        "Total Revenue": 6049000000.0,
        "Operating Revenue": 6049000000.0
    },
    "2025-12-31": {
        "Tax Effect Of Unusual Items": NaN,
        "Tax Rate For Calcs": NaN,
        "Normalized EBITDA": NaN,
        "Total Unusual Items": NaN,
        "Total Unusual Items Excluding Goodwill": NaN,
        "Net Income From Continuing Operation Net Minority Interest": NaN,
        "Reconciled Depreciation": NaN,
        "Reconciled Cost Of Revenue": NaN,
        "EBITDA": NaN,
        "EBIT": NaN,
        "Net Interest Income": NaN,
        "Interest Expense": NaN,
        "Interest Income": NaN,
        "Normalized Income": NaN,
        "Net Income From Continuing And Discontinued Operation": NaN,
        "Total Expenses": NaN,
        "Diluted Average Shares": 928125000.0,
        "Basic Average Shares": 928125000.0,
        "Diluted EPS": 0.64,
        "Basic EPS": 0.64,
        "Diluted NI Availto Com Stockholders": NaN,
        "Net Income Common Stockholders": NaN,
        "Preferred Stock Dividends": NaN,
        "Net Income": NaN,
        "Minority Interests": NaN,
        "Net Income Including Noncontrolling Interests": NaN,
        "Net Income Continuous Operations": NaN,
        "Tax Provision": NaN,
        "Pretax Income": NaN,
        "Other Income Expense": NaN,
        "Other Non Operating Income Expenses": NaN,
        "Special Income Charges": NaN,
        "Gain On Sale Of Ppe": NaN,
        "Other Special Charges": NaN,
        "Write Off": NaN,
        "Impairment Of Capital Assets": NaN,
        "Restructuring And Mergern Acquisition": NaN,
        "Earnings From Equity Interest": NaN,
        "Gain On Sale Of Security": NaN,
        "Net Non Operating Interest Income Expense": NaN,
        "Total Other Finance Cost": NaN,
        "Interest Expense Non Operating": NaN,
        "Interest Income Non Operating": NaN,
        "Operating Income": NaN,
        "Operating Expense": NaN,
        "Other Operating Expenses": NaN,
        "Depreciation Amortization Depletion Income Statement": NaN,
        "Depreciation And Amortization In Income Statement": NaN,
        "Amortization": NaN,
        "Amortization Of Intangibles Income Statement": NaN,
        "Depreciation Income Statement": NaN,
        "Selling General And Administration": NaN,
        "General And Administrative Expense": NaN,
        "Salaries And Wages": NaN,
        "Gross Profit": NaN,
        "Cost Of Revenue": NaN,
        "Total Revenue": NaN,
        "Operating Revenue": NaN
    }
}