{
    "2023-03-31": {
        "Tax Effect Of Unusual Items": 0.0,
        "Tax Rate For Calcs": 0.0,
        "Normalized EBITDA": -19803000.0,
        "Total Unusual Items": NaN,
        "Total Unusual Items Excluding Goodwill": NaN,
        "Net Income From Continuing Operation Net Minority Interest": -21010000.0,
        "Reconciled Depreciation": 1728000.0,
        "EBITDA": -19803000.0,
        "EBIT": -21531000.0,
        "Net Interest Income": 429000.0,
        "Interest Expense": NaN,
        "Interest Income": 429000.0,
        "Normalized Income": -21010000.0,
        "Net Income From Continuing And Discontinued Operation": -21010000.0,
        "Total Expenses": 21531000.0,
        "Diluted Average Shares": 39092167.0,
        "Basic Average Shares": 39092167.0,
        "Diluted EPS": -0.54,
        "Basic EPS": -0.54,
        "Diluted NI Availto Com Stockholders": -21010000.0,
        "Net Income Common Stockholders": -21010000.0,
        "Net Income": -21010000.0,
        "Net Income Including Noncontrolling Interests": -21010000.0,
        "Net Income Continuous Operations": -21010000.0,
        "Tax Provision": 0.0,
        "Pretax Income": -21010000.0,
        "Other Income Expense": 92000.0,
        "Other Non Operating Income Expenses": 92000.0,
        "Special Income Charges": NaN,
        "Gain On Sale Of Ppe": NaN,
        "Restructuring And Mergern Acquisition": NaN,
        "Net Non Operating Interest Income Expense": 429000.0,
        "Interest Expense Non Operating": NaN,
        "Interest Income Non Operating": 429000.0,
        "Operating Income": -21531000.0,
        "Operating Expense": 21531000.0,
        "Research And Development": 13452000.0,
        "Selling General And Administration": 8079000.0,
        "General And Administrative Expense": 8079000.0,
        "Other Gand A": 3748000.0,
        "Salaries And Wages": 4331000.0,
        "Total Revenue": 0.0,
        "Operating Revenue": 0.0
    },
    "2022-12-31": {
        "Tax Effect Of Unusual Items": 0.0,
        "Tax Rate For Calcs": 0.0,
        "Normalized EBITDA": -19093000.0,
        "Total Unusual Items": -449000.0,
        "Total Unusual Items Excluding Goodwill": -449000.0,
        "Net Income From Continuing Operation Net Minority Interest": -21345000.0,
        "Reconciled Depreciation": 1803000.0,
        "EBITDA": -19542000.0,
        "EBIT": -21345000.0,
        "Net Interest Income": 387000.0,
        "Interest Expense": 0.0,
        "Interest Income": 387000.0,
        "Normalized Income": -20896000.0,
        "Net Income From Continuing And Discontinued Operation": -21345000.0,
        "Total Expenses": 21303000.0,
        "Diluted Average Shares": 39067391.0,
        "Basic Average Shares": 39067391.0,
        "Diluted EPS": -0.55,
        "Basic EPS": -0.55,
        "Diluted NI Availto Com Stockholders": -21345000.0,
        "Net Income Common Stockholders": -21345000.0,
        "Net Income": -21345000.0,
        "Net Income Including Noncontrolling Interests": -21345000.0,
        "Net Income Continuous Operations": -21345000.0,
        "Tax Provision": 0.0,
        "Pretax Income": -21345000.0,
        "Other Income Expense": -429000.0,
        "Other Non Operating Income Expenses": 20000.0,
        "Special Income Charges": -449000.0,
        "Gain On Sale Of Ppe": 0.0,
        "Restructuring And Mergern Acquisition": NaN,
        "Net Non Operating Interest Income Expense": 387000.0,
        "Interest Expense Non Operating": 0.0,
        "Interest Income Non Operating": 387000.0,
        "Operating Income": -21303000.0,
        "Operating Expense": 21303000.0,
        "Research And Development": 13767000.0,
        "Selling General And Administration": 7536000.0,
        "General And Administrative Expense": 7536000.0,
        "Other Gand A": 3500000.0,
        "Salaries And Wages": 4036000.0,
        "Total Revenue": 0.0,
        "Operating Revenue": 0.0
    },
    "2022-09-30": {
        "Tax Effect Of Unusual Items": 0.0,
        "Tax Rate For Calcs": 0.0,
        "Normalized EBITDA": -21285000.0,
        "Total Unusual Items": 0.0,
        "Total Unusual Items Excluding Goodwill": 0.0,
        "Net Income From Continuing Operation Net Minority Interest": -23059000.0,
        "Reconciled Depreciation": 1774000.0,
        "EBITDA": -21285000.0,
        "EBIT": -23059000.0,
        "Net Interest Income": 233000.0,
        "Interest Expense": 0.0,
        "Interest Income": 233000.0,
        "Normalized Income": -23059000.0,
        "Net Income From Continuing And Discontinued Operation": -23059000.0,
        "Total Expenses": 23292000.0,
        "Diluted Average Shares": 38720575.0,
        "Basic Average Shares": 38720575.0,
        "Diluted EPS": -0.6,
        "Basic EPS": -0.6,
        "Diluted NI Availto Com Stockholders": -23059000.0,
        "Net Income Common Stockholders": -23059000.0,
        "Net Income": -23059000.0,
        "Net Income Including Noncontrolling Interests": -23059000.0,
        "Net Income Continuous Operations": -23059000.0,
        "Tax Provision": 0.0,
        "Pretax Income": -23059000.0,
        "Other Income Expense": NaN,
        "Other Non Operating Income Expenses": NaN,
        "Special Income Charges": 0.0,
        "Gain On Sale Of Ppe": 0.0,
        "Write Off": NaN,
        "Restructuring And Mergern Acquisition": NaN,
        "Net Non Operating Interest Income Expense": 233000.0,
        "Interest Expense Non Operating": 0.0,
        "Interest Income Non Operating": 233000.0,
        "Operating Income": -23292000.0,
        "Operating Expense": 23292000.0,
        "Research And Development": 16045000.0,
        "Selling General And Administration": 7247000.0,
        "General And Administrative Expense": 7247000.0,
        "Other Gand A": 3223000.0,
        "Salaries And Wages": 4024000.0,
        "Total Revenue": 0.0,
        "Operating Revenue": 0.0
    },
    "2022-06-30": {
        "Tax Effect Of Unusual Items": 0.0,
        "Tax Rate For Calcs": 0.0,
        "Normalized EBITDA": -26111000.0,
        "Total Unusual Items": NaN,
        "Total Unusual Items Excluding Goodwill": NaN,
        "Net Income From Continuing Operation Net Minority Interest": -27877000.0,
        "Reconciled Depreciation": 1766000.0,
        "EBITDA": -26111000.0,
        "EBIT": -27877000.0,
        "Net Interest Income": 153000.0,
        "Interest Expense": 0.0,
        "Interest Income": 153000.0,
        "Normalized Income": -27877000.0,
        "Net Income From Continuing And Discontinued Operation": -27877000.0,
        "Total Expenses": 28030000.0,
        "Diluted Average Shares": 38591436.0,
        "Basic Average Shares": 38591436.0,
        "Diluted EPS": -0.72,
        "Basic EPS": -0.72,
        "Diluted NI Availto Com Stockholders": -27877000.0,
        "Net Income Common Stockholders": -27877000.0,
        "Net Income": -27877000.0,
        "Net Income Including Noncontrolling Interests": -27877000.0,
        "Net Income Continuous Operations": -27877000.0,
        "Tax Provision": 0.0,
        "Pretax Income": -27877000.0,
        "Other Income Expense": NaN,
        "Other Non Operating Income Expenses": NaN,
        "Special Income Charges": NaN,
        "Gain On Sale Of Ppe": NaN,
        "Write Off": NaN,
        "Net Non Operating Interest Income Expense": 153000.0,
        "Interest Expense Non Operating": 0.0,
        "Interest Income Non Operating": 153000.0,
        "Operating Income": -28030000.0,
        "Operating Expense": 28030000.0,
        "Research And Development": 19953000.0,
        "Selling General And Administration": 8077000.0,
        "General And Administrative Expense": 8077000.0,
        "Other Gand A": 3553000.0,
        "Salaries And Wages": 4524000.0,
        "Total Revenue": 0.0,
        "Operating Revenue": 0.0
    },
    "2022-03-31": {
        "Diluted EPS": -0.65,
        "Total Revenue": NaN,
        "Gross Profit": NaN,
        "Operating Income": -26,
        "EBIT": -24,
        "Net Income": -25
    },
    "2021-12-31": {
        "Diluted EPS": -0.79,
        "Total Revenue": NaN,
        "Gross Profit": NaN,
        "Operating Income": -30,
        "EBIT": -27,
        "Net Income": -30
    },
    "2021-09-30": {
        "Diluted EPS": -0.74,
        "Total Revenue": NaN,
        "Gross Profit": NaN,
        "Operating Income": -28,
        "EBIT": -27,
        "Net Income": -27
    },
    "2021-06-30": {
        "Diluted EPS": -0.72,
        "Total Revenue": NaN,
        "Gross Profit": NaN,
        "Operating Income": -27,
        "EBIT": -25,
        "Net Income": -27
    },
    "2021-03-31": {
        "Diluted EPS": -0.7,
        "Total Revenue": NaN,
        "Gross Profit": NaN,
        "Operating Income": -26,
        "EBIT": -25,
        "Net Income": -26
    },
    "2020-12-31": {
        "Diluted EPS": -0.6,
        "Total Revenue": NaN,
        "Gross Profit": NaN,
        "Operating Income": -23,
        "EBIT": -23,
        "Net Income": -23
    },
    "2020-09-30": {
        "Diluted EPS": -0.66,
        "Total Revenue": NaN,
        "Gross Profit": NaN,
        "Operating Income": -23,
        "EBIT": -23,
        "Net Income": -23
    },
    "2020-06-30": {
        "Diluted EPS": -0.71,
        "Total Revenue": NaN,
        "Gross Profit": NaN,
        "Operating Income": -21,
        "EBIT": -20,
        "Net Income": -20
    },
    "2020-03-31": {
        "Diluted EPS": -0.73,
        "Total Revenue": NaN,
        "Gross Profit": NaN,
        "Operating Income": -21,
        "EBIT": -21,
        "Net Income": -20
    },
    "2019-12-31": {
        "Diluted EPS": 6.38,
        "Total Revenue": NaN,
        "Gross Profit": NaN,
        "Operating Income": -21,
        "EBIT": -21,
        "Net Income": -20
    },
    "2019-09-30": {
        "Diluted EPS": -0.57,
        "Total Revenue": NaN,
        "Gross Profit": NaN,
        "Operating Income": -18,
        "EBIT": -17,
        "Net Income": -16
    },
    "2019-06-30": {
        "Diluted EPS": -3.67,
        "Total Revenue": NaN,
        "Gross Profit": NaN,
        "Operating Income": -19,
        "EBIT": -19,
        "Net Income": -18
    },
    "2019-03-31": {
        "Diluted EPS": -6.4,
        "Total Revenue": NaN,
        "Gross Profit": NaN,
        "Operating Income": -14,
        "EBIT": -14,
        "Net Income": -14
    },
    "2018-12-31": {
        "Diluted EPS": 0.0,
        "Total Revenue": NaN,
        "Gross Profit": NaN,
        "Operating Income": NaN,
        "EBIT": NaN,
        "Net Income": NaN
    },
    "2018-09-30": {
        "Diluted EPS": -4.56,
        "Total Revenue": NaN,
        "Gross Profit": NaN,
        "Operating Income": -10,
        "EBIT": -9,
        "Net Income": -10
    },
    "2018-06-30": {
        "Diluted EPS": -4.13,
        "Total Revenue": NaN,
        "Gross Profit": NaN,
        "Operating Income": -9,
        "EBIT": -9,
        "Net Income": -9
    },
    "2023-06-30": {
        "Tax Effect Of Unusual Items": 0.0,
        "Tax Rate For Calcs": 0.0,
        "Normalized EBITDA": -18021000.0,
        "Total Unusual Items": NaN,
        "Total Unusual Items Excluding Goodwill": NaN,
        "Net Income From Continuing Operation Net Minority Interest": -19186000.0,
        "Reconciled Depreciation": 1729000.0,
        "EBITDA": -18021000.0,
        "EBIT": -19750000.0,
        "Net Interest Income": 493000.0,
        "Interest Expense": NaN,
        "Interest Income": 493000.0,
        "Normalized Income": -19186000.0,
        "Net Income From Continuing And Discontinued Operation": -19186000.0,
        "Total Expenses": 19750000.0,
        "Diluted Average Shares": 39156584.0,
        "Basic Average Shares": 39156584.0,
        "Diluted EPS": -0.49,
        "Basic EPS": -0.49,
        "Diluted NI Availto Com Stockholders": -19186000.0,
        "Net Income Common Stockholders": -19186000.0,
        "Net Income": -19186000.0,
        "Net Income Including Noncontrolling Interests": -19186000.0,
        "Net Income Continuous Operations": -19186000.0,
        "Tax Provision": 0.0,
        "Pretax Income": -19186000.0,
        "Other Income Expense": 71000.0,
        "Other Non Operating Income Expenses": 71000.0,
        "Special Income Charges": NaN,
        "Gain On Sale Of Ppe": NaN,
        "Restructuring And Mergern Acquisition": NaN,
        "Net Non Operating Interest Income Expense": 493000.0,
        "Interest Expense Non Operating": NaN,
        "Interest Income Non Operating": 493000.0,
        "Operating Income": -19750000.0,
        "Operating Expense": 19750000.0,
        "Research And Development": 12915000.0,
        "Selling General And Administration": 6835000.0,
        "General And Administrative Expense": 6835000.0,
        "Other Gand A": 3052000.0,
        "Salaries And Wages": 3783000.0,
        "Total Revenue": 0.0,
        "Operating Revenue": 0.0
    },
    "2023-09-30": {
        "Tax Effect Of Unusual Items": 0.0,
        "Tax Rate For Calcs": 0.0,
        "Normalized EBITDA": 6445000.0,
        "Total Unusual Items": -20856000.0,
        "Total Unusual Items Excluding Goodwill": -20856000.0,
        "Net Income From Continuing Operation Net Minority Interest": -36215000.0,
        "Reconciled Depreciation": 1382000.0,
        "EBITDA": -14411000.0,
        "EBIT": -15793000.0,
        "Net Interest Income": 354000.0,
        "Interest Expense": NaN,
        "Interest Income": 354000.0,
        "Normalized Income": -15359000.0,
        "Net Income From Continuing And Discontinued Operation": -36215000.0,
        "Total Expenses": 15793000.0,
        "Diluted Average Shares": 39354502.0,
        "Basic Average Shares": 39354502.0,
        "Diluted EPS": -0.92,
        "Basic EPS": -0.92,
        "Diluted NI Availto Com Stockholders": -36215000.0,
        "Net Income Common Stockholders": -36215000.0,
        "Net Income": -36215000.0,
        "Net Income Including Noncontrolling Interests": -36215000.0,
        "Net Income Continuous Operations": -36215000.0,
        "Tax Provision": 0.0,
        "Pretax Income": -36215000.0,
        "Other Income Expense": -20776000.0,
        "Other Non Operating Income Expenses": 80000.0,
        "Special Income Charges": -20856000.0,
        "Gain On Sale Of Ppe": NaN,
        "Restructuring And Mergern Acquisition": 20856000.0,
        "Net Non Operating Interest Income Expense": 354000.0,
        "Interest Expense Non Operating": NaN,
        "Interest Income Non Operating": 354000.0,
        "Operating Income": -15793000.0,
        "Operating Expense": 15793000.0,
        "Research And Development": 10407000.0,
        "Selling General And Administration": 5386000.0,
        "General And Administrative Expense": 5386000.0,
        "Other Gand A": 3117000.0,
        "Salaries And Wages": 2269000.0,
        "Total Revenue": 0.0,
        "Operating Revenue": 0.0
    }
}