{
    "2023-03-31": {
        "Tax Effect Of Unusual Items": -48090.0,
        "Tax Rate For Calcs": 0.21,
        "Normalized EBITDA": -24632000.0,
        "Total Unusual Items": -229000.0,
        "Total Unusual Items Excluding Goodwill": -229000.0,
        "Net Income From Continuing Operation Net Minority Interest": -53333000.0,
        "Reconciled Depreciation": 405000.0,
        "Reconciled Cost Of Revenue": 938000.0,
        "EBITDA": -24861000.0,
        "EBIT": -25266000.0,
        "Net Interest Income": -24018000.0,
        "Interest Expense": 27396000.0,
        "Interest Income": 3378000.0,
        "Normalized Income": -53152090.0,
        "Net Income From Continuing And Discontinued Operation": -53333000.0,
        "Total Expenses": 97193000.0,
        "Total Operating Income As Reported": -28415000.0,
        "Diluted Average Shares": 188509000.0,
        "Basic Average Shares": 188509000.0,
        "Diluted EPS": -0.28,
        "Basic EPS": -0.28,
        "Diluted NI Availto Com Stockholders": -53333000.0,
        "Net Income Common Stockholders": -53333000.0,
        "Net Income": -53333000.0,
        "Net Income Including Noncontrolling Interests": -53333000.0,
        "Net Income Continuous Operations": -53333000.0,
        "Tax Provision": 671000.0,
        "Pretax Income": -52662000.0,
        "Other Income Expense": -229000.0,
        "Special Income Charges": NaN,
        "Other Special Charges": NaN,
        "Gain On Sale Of Security": -229000.0,
        "Net Non Operating Interest Income Expense": -24018000.0,
        "Interest Expense Non Operating": 27396000.0,
        "Interest Income Non Operating": 3378000.0,
        "Operating Income": -28415000.0,
        "Operating Expense": 96255000.0,
        "Research And Development": 48388000.0,
        "Selling General And Administration": 47867000.0,
        "Gross Profit": 67840000.0,
        "Cost Of Revenue": 938000.0,
        "Total Revenue": 68778000.0,
        "Operating Revenue": 68778000.0
    },
    "2022-12-31": {
        "Tax Effect Of Unusual Items": -294000.0,
        "Tax Rate For Calcs": 0.21,
        "Normalized EBITDA": -43211000.0,
        "Total Unusual Items": -1400000.0,
        "Total Unusual Items Excluding Goodwill": -1400000.0,
        "Net Income From Continuing Operation Net Minority Interest": -71541000.0,
        "Reconciled Depreciation": 396000.0,
        "Reconciled Cost Of Revenue": 2496000.0,
        "EBITDA": -44611000.0,
        "EBIT": -45007000.0,
        "Net Interest Income": -23754000.0,
        "Interest Expense": 26458000.0,
        "Interest Income": 2704000.0,
        "Normalized Income": -70435000.0,
        "Net Income From Continuing And Discontinued Operation": -71541000.0,
        "Total Expenses": 125856000.0,
        "Total Operating Income As Reported": -46311000.0,
        "Diluted Average Shares": 186922000.0,
        "Basic Average Shares": 186922000.0,
        "Diluted EPS": -0.38,
        "Basic EPS": -0.38,
        "Diluted NI Availto Com Stockholders": -71541000.0,
        "Net Income Common Stockholders": -71541000.0,
        "Net Income": -71541000.0,
        "Net Income Including Noncontrolling Interests": -71541000.0,
        "Net Income Continuous Operations": -71541000.0,
        "Tax Provision": 76000.0,
        "Pretax Income": -71465000.0,
        "Other Income Expense": -1400000.0,
        "Special Income Charges": NaN,
        "Other Special Charges": NaN,
        "Gain On Sale Of Security": -1400000.0,
        "Net Non Operating Interest Income Expense": -23754000.0,
        "Interest Expense Non Operating": 26458000.0,
        "Interest Income Non Operating": 2704000.0,
        "Operating Income": -46311000.0,
        "Operating Expense": 123360000.0,
        "Research And Development": 73207000.0,
        "Selling General And Administration": 50153000.0,
        "Gross Profit": 77049000.0,
        "Cost Of Revenue": 2496000.0,
        "Total Revenue": 79545000.0,
        "Operating Revenue": 79545000.0
    },
    "2022-09-30": {
        "Tax Effect Of Unusual Items": NaN,
        "Tax Rate For Calcs": NaN,
        "Normalized EBITDA": NaN,
        "Total Unusual Items": NaN,
        "Total Unusual Items Excluding Goodwill": NaN,
        "Net Income From Continuing Operation Net Minority Interest": NaN,
        "Reconciled Depreciation": NaN,
        "Reconciled Cost Of Revenue": NaN,
        "EBITDA": NaN,
        "EBIT": NaN,
        "Net Interest Income": NaN,
        "Interest Expense": NaN,
        "Interest Income": NaN,
        "Normalized Income": NaN,
        "Net Income From Continuing And Discontinued Operation": NaN,
        "Total Expenses": NaN,
        "Total Operating Income As Reported": NaN,
        "Diluted Average Shares": NaN,
        "Basic Average Shares": NaN,
        "Diluted EPS": NaN,
        "Basic EPS": NaN,
        "Diluted NI Availto Com Stockholders": NaN,
        "Net Income Common Stockholders": NaN,
        "Net Income": NaN,
        "Net Income Including Noncontrolling Interests": NaN,
        "Net Income Continuous Operations": NaN,
        "Tax Provision": NaN,
        "Pretax Income": NaN,
        "Other Income Expense": NaN,
        "Special Income Charges": 0.0,
        "Other Special Charges": NaN,
        "Gain On Sale Of Security": NaN,
        "Net Non Operating Interest Income Expense": NaN,
        "Interest Expense Non Operating": NaN,
        "Interest Income Non Operating": NaN,
        "Operating Income": NaN,
        "Operating Expense": NaN,
        "Research And Development": NaN,
        "Selling General And Administration": NaN,
        "Gross Profit": NaN,
        "Cost Of Revenue": NaN,
        "Total Revenue": NaN,
        "Operating Revenue": NaN
    },
    "2022-06-30": {
        "Tax Effect Of Unusual Items": 52800.0,
        "Tax Rate For Calcs": 0.4,
        "Normalized EBITDA": -34113000.0,
        "Total Unusual Items": 132000.0,
        "Total Unusual Items Excluding Goodwill": 132000.0,
        "Net Income From Continuing Operation Net Minority Interest": -58859000.0,
        "Reconciled Depreciation": 335000.0,
        "Reconciled Cost Of Revenue": 247000.0,
        "EBITDA": -33981000.0,
        "EBIT": -33981000.0,
        "Net Interest Income": -23413000.0,
        "Interest Expense": 24022000.0,
        "Interest Income": 609000.0,
        "Normalized Income": -58938200.0,
        "Net Income From Continuing And Discontinued Operation": -58859000.0,
        "Total Expenses": 100254000.0,
        "Total Operating Income As Reported": -34722000.0,
        "Diluted Average Shares": 185605000.0,
        "Basic Average Shares": 185605000.0,
        "Diluted EPS": -0.32,
        "Basic EPS": -0.32,
        "Diluted NI Availto Com Stockholders": -58859000.0,
        "Net Income Common Stockholders": -58859000.0,
        "Net Income": -58859000.0,
        "Net Income Including Noncontrolling Interests": -58859000.0,
        "Net Income Continuous Operations": -58859000.0,
        "Tax Provision": 856000.0,
        "Pretax Income": -58003000.0,
        "Other Income Expense": 132000.0,
        "Special Income Charges": NaN,
        "Other Special Charges": NaN,
        "Gain On Sale Of Security": 132000.0,
        "Net Non Operating Interest Income Expense": -23413000.0,
        "Interest Expense Non Operating": 24022000.0,
        "Interest Income Non Operating": 609000.0,
        "Operating Income": -34722000.0,
        "Operating Expense": 100007000.0,
        "Research And Development": 61990000.0,
        "Selling General And Administration": 38017000.0,
        "Gross Profit": 65285000.0,
        "Cost Of Revenue": 247000.0,
        "Total Revenue": 65532000.0,
        "Operating Revenue": 65532000.0
    },
    "2023-06-30": {
        "Tax Effect Of Unusual Items": NaN,
        "Tax Rate For Calcs": NaN,
        "Normalized EBITDA": NaN,
        "Total Unusual Items": NaN,
        "Total Unusual Items Excluding Goodwill": NaN,
        "Net Income From Continuing Operation Net Minority Interest": NaN,
        "Reconciled Depreciation": NaN,
        "Reconciled Cost Of Revenue": NaN,
        "EBITDA": NaN,
        "EBIT": NaN,
        "Net Interest Income": NaN,
        "Interest Expense": NaN,
        "Interest Income": NaN,
        "Normalized Income": NaN,
        "Net Income From Continuing And Discontinued Operation": NaN,
        "Total Expenses": NaN,
        "Total Operating Income As Reported": NaN,
        "Diluted Average Shares": NaN,
        "Basic Average Shares": NaN,
        "Diluted EPS": NaN,
        "Basic EPS": NaN,
        "Diluted NI Availto Com Stockholders": NaN,
        "Net Income Common Stockholders": NaN,
        "Net Income": NaN,
        "Net Income Including Noncontrolling Interests": NaN,
        "Net Income Continuous Operations": NaN,
        "Tax Provision": NaN,
        "Pretax Income": NaN,
        "Other Income Expense": NaN,
        "Special Income Charges": NaN,
        "Other Special Charges": 29019000.0,
        "Gain On Sale Of Security": NaN,
        "Net Non Operating Interest Income Expense": NaN,
        "Interest Expense Non Operating": NaN,
        "Interest Income Non Operating": NaN,
        "Operating Income": NaN,
        "Operating Expense": NaN,
        "Research And Development": NaN,
        "Selling General And Administration": NaN,
        "Gross Profit": NaN,
        "Cost Of Revenue": NaN,
        "Total Revenue": NaN,
        "Operating Revenue": NaN
    },
    "2022-03-31": {
        "Diluted EPS": -0.4,
        "Total Revenue": 50,
        "Gross Profit": 50,
        "Operating Income": -50,
        "EBIT": -50,
        "Net Income": -74
    },
    "2021-12-31": {
        "Diluted EPS": -0.1,
        "Total Revenue": 47,
        "Gross Profit": 47,
        "Operating Income": -52,
        "EBIT": -52,
        "Net Income": -18
    },
    "2021-09-30": {
        "Diluted EPS": -0.33,
        "Total Revenue": 41,
        "Gross Profit": 40,
        "Operating Income": -45,
        "EBIT": -44,
        "Net Income": -59
    },
    "2021-06-30": {
        "Diluted EPS": -0.24,
        "Total Revenue": 50,
        "Gross Profit": 50,
        "Operating Income": -30,
        "EBIT": -29,
        "Net Income": -43
    },
    "2021-03-31": {
        "Diluted EPS": -0.36,
        "Total Revenue": 19,
        "Gross Profit": 13,
        "Operating Income": -51,
        "EBIT": -51,
        "Net Income": -64
    },
    "2020-12-31": {
        "Diluted EPS": -0.35,
        "Total Revenue": 4,
        "Gross Profit": 4,
        "Operating Income": -52,
        "EBIT": -53,
        "Net Income": -60
    },
    "2020-09-30": {
        "Diluted EPS": -0.26,
        "Total Revenue": 6,
        "Gross Profit": 5,
        "Operating Income": -43,
        "EBIT": -42,
        "Net Income": -46
    },
    "2020-06-30": {
        "Diluted EPS": -0.24,
        "Total Revenue": 3,
        "Gross Profit": 3,
        "Operating Income": -39,
        "EBIT": -38,
        "Net Income": -39
    },
    "2020-03-31": {
        "Diluted EPS": -0.24,
        "Total Revenue": 5,
        "Gross Profit": 5,
        "Operating Income": -41,
        "EBIT": -40,
        "Net Income": -38
    },
    "2019-12-31": {
        "Diluted EPS": 0.02,
        "Total Revenue": 40,
        "Gross Profit": 37,
        "Operating Income": 0,
        "EBIT": -1,
        "Net Income": -3
    },
    "2019-09-30": {
        "Diluted EPS": -0.34,
        "Total Revenue": 2,
        "Gross Profit": 2,
        "Operating Income": -35,
        "EBIT": -35,
        "Net Income": -38
    },
    "2019-06-30": {
        "Diluted EPS": -0.34,
        "Total Revenue": 1,
        "Gross Profit": 1,
        "Operating Income": -35,
        "EBIT": -34,
        "Net Income": -38
    },
    "2019-03-31": {
        "Diluted EPS": -0.28,
        "Total Revenue": 6,
        "Gross Profit": 4,
        "Operating Income": -29,
        "EBIT": -29,
        "Net Income": -31
    },
    "2018-12-31": {
        "Diluted EPS": -0.25,
        "Total Revenue": 3,
        "Gross Profit": 3,
        "Operating Income": -25,
        "EBIT": -25,
        "Net Income": -27
    },
    "2018-09-30": {
        "Diluted EPS": -0.28,
        "Total Revenue": 1,
        "Gross Profit": 1,
        "Operating Income": -28,
        "EBIT": -28,
        "Net Income": -30
    },
    "2018-06-30": {
        "Diluted EPS": -0.19,
        "Total Revenue": 12,
        "Gross Profit": 12,
        "Operating Income": -18,
        "EBIT": -18,
        "Net Income": -18
    },
    "2018-03-31": {
        "Diluted EPS": -0.26,
        "Total Revenue": 4,
        "Gross Profit": 4,
        "Operating Income": -22,
        "EBIT": -22,
        "Net Income": -26
    },
    "2017-12-31": {
        "Diluted EPS": -0.2,
        "Total Revenue": 4,
        "Gross Profit": 4,
        "Operating Income": -18,
        "EBIT": -17,
        "Net Income": -20
    },
    "2017-09-30": {
        "Diluted EPS": -0.18,
        "Total Revenue": 9,
        "Gross Profit": 8,
        "Operating Income": -13,
        "EBIT": -13,
        "Net Income": -15
    },
    "2017-06-30": {
        "Diluted EPS": -0.21,
        "Total Revenue": 3,
        "Gross Profit": 3,
        "Operating Income": -16,
        "EBIT": -15,
        "Net Income": -17
    },
    "2017-03-31": {
        "Diluted EPS": -0.19,
        "Total Revenue": 9,
        "Gross Profit": 9,
        "Operating Income": -11,
        "EBIT": -10,
        "Net Income": -14
    },
    "2016-12-31": {
        "Diluted EPS": -0.06,
        "Total Revenue": 9,
        "Gross Profit": 9,
        "Operating Income": -8,
        "EBIT": -8,
        "Net Income": -5
    },
    "2016-09-30": {
        "Diluted EPS": -0.16,
        "Total Revenue": 8,
        "Gross Profit": 8,
        "Operating Income": -9,
        "EBIT": -9,
        "Net Income": -12
    },
    "2016-06-30": {
        "Diluted EPS": -0.22,
        "Total Revenue": 5,
        "Gross Profit": 5,
        "Operating Income": -12,
        "EBIT": -12,
        "Net Income": -16
    },
    "2016-03-31": {
        "Diluted EPS": -0.31,
        "Total Revenue": 5,
        "Gross Profit": 5,
        "Operating Income": -19,
        "EBIT": -19,
        "Net Income": -23
    },
    "2015-12-31": {
        "Diluted EPS": -0.24,
        "Total Revenue": 5,
        "Gross Profit": 5,
        "Operating Income": -17,
        "EBIT": -17,
        "Net Income": -18
    },
    "2015-09-30": {
        "Diluted EPS": -0.2,
        "Total Revenue": 11,
        "Gross Profit": 10,
        "Operating Income": -13,
        "EBIT": -13,
        "Net Income": -15
    },
    "2015-06-30": {
        "Diluted EPS": 0.06,
        "Total Revenue": 26,
        "Gross Profit": 26,
        "Operating Income": 5,
        "EBIT": 6,
        "Net Income": 5
    },
    "2015-03-31": {
        "Diluted EPS": -0.21,
        "Total Revenue": 7,
        "Gross Profit": 7,
        "Operating Income": -14,
        "EBIT": -14,
        "Net Income": -15
    },
    "2014-12-31": {
        "Diluted EPS": -0.16,
        "Total Revenue": 5,
        "Gross Profit": 5,
        "Operating Income": -15,
        "EBIT": -15,
        "Net Income": -12
    },
    "2014-09-30": {
        "Diluted EPS": -0.12,
        "Total Revenue": 3,
        "Gross Profit": 3,
        "Operating Income": -12,
        "EBIT": -11,
        "Net Income": -9
    },
    "2014-06-30": {
        "Diluted EPS": -0.23,
        "Total Revenue": 1,
        "Gross Profit": 1,
        "Operating Income": -12,
        "EBIT": -11,
        "Net Income": -15
    },
    "2014-03-31": {
        "Diluted EPS": -0.17,
        "Total Revenue": 3,
        "Gross Profit": 3,
        "Operating Income": -7,
        "EBIT": -7,
        "Net Income": -10
    },
    "2013-12-31": {
        "Diluted EPS": -0.09,
        "Total Revenue": 11,
        "Gross Profit": 11,
        "Operating Income": -6,
        "EBIT": -6,
        "Net Income": -5
    },
    "2013-09-30": {
        "Diluted EPS": -0.14,
        "Total Revenue": 2,
        "Gross Profit": 2,
        "Operating Income": -7,
        "EBIT": -7,
        "Net Income": -8
    },
    "2013-06-30": {
        "Diluted EPS": -0.23,
        "Total Revenue": 1,
        "Gross Profit": 1,
        "Operating Income": -12,
        "EBIT": -12,
        "Net Income": -12
    },
    "2013-03-31": {
        "Diluted EPS": -0.09,
        "Total Revenue": 4,
        "Gross Profit": 4,
        "Operating Income": -5,
        "EBIT": -5,
        "Net Income": -5
    },
    "2012-12-31": {
        "Diluted EPS": -0.22,
        "Total Revenue": 4,
        "Gross Profit": 4,
        "Operating Income": -11,
        "EBIT": -10,
        "Net Income": -11
    },
    "2012-09-30": {
        "Diluted EPS": -0.19,
        "Total Revenue": 6,
        "Gross Profit": 6,
        "Operating Income": -8,
        "EBIT": -8,
        "Net Income": -10
    },
    "2012-06-30": {
        "Diluted EPS": -0.25,
        "Total Revenue": 4,
        "Gross Profit": 4,
        "Operating Income": -10,
        "EBIT": -10,
        "Net Income": -12
    },
    "2012-03-31": {
        "Diluted EPS": -0.13,
        "Total Revenue": 12,
        "Gross Profit": 12,
        "Operating Income": -5,
        "EBIT": -5,
        "Net Income": -6
    },
    "2011-12-31": {
        "Diluted EPS": -0.29,
        "Total Revenue": 5,
        "Gross Profit": 5,
        "Operating Income": -11,
        "EBIT": -11,
        "Net Income": -13
    },
    "2011-09-30": {
        "Diluted EPS": -0.32,
        "Total Revenue": 5,
        "Gross Profit": 5,
        "Operating Income": -13,
        "EBIT": -13,
        "Net Income": -14
    },
    "2011-06-30": {
        "Diluted EPS": -0.36,
        "Total Revenue": 4,
        "Gross Profit": 4,
        "Operating Income": -14,
        "EBIT": -14,
        "Net Income": -16
    },
    "2011-03-31": {
        "Diluted EPS": -0.29,
        "Total Revenue": 5,
        "Gross Profit": 5,
        "Operating Income": -11,
        "EBIT": -11,
        "Net Income": -13
    },
    "2010-12-31": {
        "Diluted EPS": -0.23,
        "Total Revenue": 17,
        "Gross Profit": 17,
        "Operating Income": -10,
        "EBIT": -9,
        "Net Income": -10
    },
    "2010-09-30": {
        "Diluted EPS": -0.24,
        "Total Revenue": 12,
        "Gross Profit": 12,
        "Operating Income": -11,
        "EBIT": -11,
        "Net Income": -11
    },
    "2010-06-30": {
        "Diluted EPS": -0.23,
        "Total Revenue": 8,
        "Gross Profit": 8,
        "Operating Income": -10,
        "EBIT": -10,
        "Net Income": -10
    },
    "2010-03-31": {
        "Diluted EPS": -0.06,
        "Total Revenue": 26,
        "Gross Profit": 26,
        "Operating Income": -3,
        "EBIT": -2,
        "Net Income": -3
    },
    "2009-12-31": {
        "Diluted EPS": 0.4,
        "Total Revenue": 55,
        "Gross Profit": 55,
        "Operating Income": 15,
        "EBIT": 15,
        "Net Income": 15
    },
    "2009-09-30": {
        "Diluted EPS": -0.28,
        "Total Revenue": 11,
        "Gross Profit": 11,
        "Operating Income": -11,
        "EBIT": -10,
        "Net Income": -11
    },
    "2009-06-30": {
        "Diluted EPS": -0.23,
        "Total Revenue": 5,
        "Gross Profit": 5,
        "Operating Income": -9,
        "EBIT": -8,
        "Net Income": -9
    },
    "2009-03-31": {
        "Diluted EPS": -0.24,
        "Total Revenue": 4,
        "Gross Profit": 4,
        "Operating Income": -9,
        "EBIT": -9,
        "Net Income": -9
    },
    "2023-09-30": {
        "Tax Effect Of Unusual Items": NaN,
        "Tax Rate For Calcs": NaN,
        "Normalized EBITDA": NaN,
        "Total Unusual Items": NaN,
        "Total Unusual Items Excluding Goodwill": NaN,
        "Net Income From Continuing Operation Net Minority Interest": NaN,
        "Reconciled Depreciation": NaN,
        "Reconciled Cost Of Revenue": NaN,
        "EBITDA": NaN,
        "EBIT": NaN,
        "Net Interest Income": NaN,
        "Interest Expense": NaN,
        "Interest Income": NaN,
        "Normalized Income": NaN,
        "Net Income From Continuing And Discontinued Operation": NaN,
        "Total Expenses": NaN,
        "Total Operating Income As Reported": NaN,
        "Diluted Average Shares": NaN,
        "Basic Average Shares": NaN,
        "Diluted EPS": NaN,
        "Basic EPS": NaN,
        "Diluted NI Availto Com Stockholders": NaN,
        "Net Income Common Stockholders": NaN,
        "Net Income": NaN,
        "Net Income Including Noncontrolling Interests": NaN,
        "Net Income Continuous Operations": NaN,
        "Tax Provision": NaN,
        "Pretax Income": NaN,
        "Other Income Expense": NaN,
        "Special Income Charges": 0.0,
        "Other Special Charges": NaN,
        "Gain On Sale Of Security": NaN,
        "Net Non Operating Interest Income Expense": NaN,
        "Interest Expense Non Operating": NaN,
        "Interest Income Non Operating": NaN,
        "Operating Income": NaN,
        "Operating Expense": NaN,
        "Research And Development": NaN,
        "Selling General And Administration": NaN,
        "Gross Profit": NaN,
        "Cost Of Revenue": NaN,
        "Total Revenue": NaN,
        "Operating Revenue": NaN
    },
    "2023-12-31": {
        "Tax Effect Of Unusual Items": NaN,
        "Tax Rate For Calcs": NaN,
        "Normalized EBITDA": NaN,
        "Total Unusual Items": NaN,
        "Total Unusual Items Excluding Goodwill": NaN,
        "Net Income From Continuing Operation Net Minority Interest": NaN,
        "Reconciled Depreciation": NaN,
        "Reconciled Cost Of Revenue": NaN,
        "EBITDA": NaN,
        "EBIT": NaN,
        "Net Interest Income": NaN,
        "Interest Expense": NaN,
        "Interest Income": NaN,
        "Normalized Income": NaN,
        "Net Income From Continuing And Discontinued Operation": NaN,
        "Total Expenses": NaN,
        "Total Operating Income As Reported": NaN,
        "Diluted Average Shares": NaN,
        "Basic Average Shares": NaN,
        "Diluted EPS": NaN,
        "Basic EPS": NaN,
        "Diluted NI Availto Com Stockholders": NaN,
        "Net Income Common Stockholders": NaN,
        "Net Income": NaN,
        "Net Income Including Noncontrolling Interests": NaN,
        "Net Income Continuous Operations": NaN,
        "Tax Provision": NaN,
        "Pretax Income": NaN,
        "Other Income Expense": NaN,
        "Special Income Charges": 0.0,
        "Other Special Charges": 0.0,
        "Gain On Sale Of Security": NaN,
        "Net Non Operating Interest Income Expense": NaN,
        "Interest Expense Non Operating": NaN,
        "Interest Income Non Operating": NaN,
        "Operating Income": NaN,
        "Operating Expense": NaN,
        "Research And Development": NaN,
        "Selling General And Administration": NaN,
        "Gross Profit": NaN,
        "Cost Of Revenue": NaN,
        "Total Revenue": NaN,
        "Operating Revenue": NaN
    },
    "2024-03-31": {
        "Tax Effect Of Unusual Items": -10710.0,
        "Tax Rate For Calcs": 0.21,
        "Normalized EBITDA": -10151000.0,
        "Total Unusual Items": -51000.0,
        "Total Unusual Items Excluding Goodwill": -51000.0,
        "Net Income From Continuing Operation Net Minority Interest": -35379000.0,
        "Reconciled Depreciation": 306000.0,
        "Reconciled Cost Of Revenue": 1265000.0,
        "EBITDA": -10202000.0,
        "EBIT": -10508000.0,
        "Net Interest Income": -20475000.0,
        "Interest Expense": 24506000.0,
        "Interest Income": 4031000.0,
        "Normalized Income": -35338710.0,
        "Net Income From Continuing And Discontinued Operation": -35379000.0,
        "Total Expenses": 107249000.0,
        "Total Operating Income As Reported": -14488000.0,
        "Diluted Average Shares": 206064000.0,
        "Basic Average Shares": 206064000.0,
        "Diluted EPS": -0.17,
        "Basic EPS": -0.17,
        "Diluted NI Availto Com Stockholders": -35379000.0,
        "Net Income Common Stockholders": -35379000.0,
        "Net Income": -35379000.0,
        "Net Income Including Noncontrolling Interests": -35379000.0,
        "Net Income Continuous Operations": -35379000.0,
        "Tax Provision": 365000.0,
        "Pretax Income": -35014000.0,
        "Other Income Expense": -51000.0,
        "Special Income Charges": NaN,
        "Other Special Charges": NaN,
        "Gain On Sale Of Security": -51000.0,
        "Net Non Operating Interest Income Expense": -20475000.0,
        "Interest Expense Non Operating": 24506000.0,
        "Interest Income Non Operating": 4031000.0,
        "Operating Income": -14488000.0,
        "Operating Expense": 105984000.0,
        "Research And Development": 46493000.0,
        "Selling General And Administration": 59491000.0,
        "Gross Profit": 91496000.0,
        "Cost Of Revenue": 1265000.0,
        "Total Revenue": 92761000.0,
        "Operating Revenue": 92761000.0
    },
    "2024-06-30": {
        "Tax Effect Of Unusual Items": -17640.0,
        "Tax Rate For Calcs": 0.21,
        "Normalized EBITDA": 12635000.0,
        "Total Unusual Items": -84000.0,
        "Total Unusual Items Excluding Goodwill": -84000.0,
        "Net Income From Continuing Operation Net Minority Interest": -12674000.0,
        "Reconciled Depreciation": 320000.0,
        "Reconciled Cost Of Revenue": 1734000.0,
        "EBITDA": 12551000.0,
        "EBIT": 12231000.0,
        "Net Interest Income": -21179000.0,
        "Interest Expense": 24733000.0,
        "Interest Income": 3554000.0,
        "Normalized Income": -12607640.0,
        "Net Income From Continuing And Discontinued Operation": -12674000.0,
        "Total Expenses": 100571000.0,
        "Total Operating Income As Reported": 8761000.0,
        "Diluted Average Shares": 206425000.0,
        "Basic Average Shares": 206425000.0,
        "Diluted EPS": -0.06,
        "Basic EPS": -0.06,
        "Diluted NI Availto Com Stockholders": -12674000.0,
        "Net Income Common Stockholders": -12674000.0,
        "Net Income": -12674000.0,
        "Net Income Including Noncontrolling Interests": -12674000.0,
        "Net Income Continuous Operations": -12674000.0,
        "Tax Provision": 172000.0,
        "Pretax Income": -12502000.0,
        "Other Income Expense": -84000.0,
        "Special Income Charges": 0.0,
        "Other Special Charges": NaN,
        "Gain On Sale Of Security": -84000.0,
        "Net Non Operating Interest Income Expense": -21179000.0,
        "Interest Expense Non Operating": 24733000.0,
        "Interest Income Non Operating": 3554000.0,
        "Operating Income": 8761000.0,
        "Operating Expense": 98837000.0,
        "Research And Development": 37623000.0,
        "Selling General And Administration": 61214000.0,
        "Gross Profit": 107598000.0,
        "Cost Of Revenue": 1734000.0,
        "Total Revenue": 109332000.0,
        "Operating Revenue": 109332000.0
    },
    "2024-09-30": {
        "Tax Effect Of Unusual Items": 20580.0,
        "Tax Rate For Calcs": 0.21,
        "Normalized EBITDA": 11594000.0,
        "Total Unusual Items": 98000.0,
        "Total Unusual Items Excluding Goodwill": 98000.0,
        "Net Income From Continuing Operation Net Minority Interest": -14033000.0,
        "Reconciled Depreciation": 311000.0,
        "Reconciled Cost Of Revenue": 3228000.0,
        "EBITDA": 11692000.0,
        "EBIT": 11381000.0,
        "Net Interest Income": -21237000.0,
        "Interest Expense": 24828000.0,
        "Interest Income": 3591000.0,
        "Normalized Income": -14110420.0,
        "Net Income From Continuing And Discontinued Operation": -14033000.0,
        "Total Expenses": 109393000.0,
        "Total Operating Income As Reported": 7692000.0,
        "Diluted Average Shares": 206905000.0,
        "Basic Average Shares": 206905000.0,
        "Diluted EPS": -0.07,
        "Basic EPS": -0.07,
        "Diluted NI Availto Com Stockholders": -14033000.0,
        "Net Income Common Stockholders": -14033000.0,
        "Net Income": -14033000.0,
        "Net Income Including Noncontrolling Interests": -14033000.0,
        "Net Income Continuous Operations": -14033000.0,
        "Tax Provision": 586000.0,
        "Pretax Income": -13447000.0,
        "Other Income Expense": 98000.0,
        "Special Income Charges": 0.0,
        "Other Special Charges": NaN,
        "Gain On Sale Of Security": 98000.0,
        "Net Non Operating Interest Income Expense": -21237000.0,
        "Interest Expense Non Operating": 24828000.0,
        "Interest Income Non Operating": 3591000.0,
        "Operating Income": 7692000.0,
        "Operating Expense": 106165000.0,
        "Research And Development": 41081000.0,
        "Selling General And Administration": 65084000.0,
        "Gross Profit": 113857000.0,
        "Cost Of Revenue": 3228000.0,
        "Total Revenue": 117085000.0,
        "Operating Revenue": 116319000.0
    },
    "2024-12-31": {
        "Tax Effect Of Unusual Items": -126840.0,
        "Tax Rate For Calcs": 0.21,
        "Normalized EBITDA": -629000.0,
        "Total Unusual Items": -604000.0,
        "Total Unusual Items Excluding Goodwill": -604000.0,
        "Net Income From Continuing Operation Net Minority Interest": -26795000.0,
        "Reconciled Depreciation": 309000.0,
        "Reconciled Cost Of Revenue": 6131000.0,
        "EBITDA": -1233000.0,
        "EBIT": -1542000.0,
        "Net Interest Income": -20879000.0,
        "Interest Expense": 24449000.0,
        "Interest Income": 3570000.0,
        "Normalized Income": -26317840.0,
        "Net Income From Continuing And Discontinued Operation": -26795000.0,
        "Total Expenses": 136042000.0,
        "Total Operating Income As Reported": -4508000.0,
        "Diluted Average Shares": 207381000.0,
        "Basic Average Shares": 207381000.0,
        "Diluted EPS": -0.13,
        "Basic EPS": -0.13,
        "Diluted NI Availto Com Stockholders": -26795000.0,
        "Net Income Common Stockholders": -26795000.0,
        "Net Income": -26795000.0,
        "Net Income Including Noncontrolling Interests": -26795000.0,
        "Net Income Continuous Operations": -26795000.0,
        "Tax Provision": 804000.0,
        "Pretax Income": -25991000.0,
        "Other Income Expense": -604000.0,
        "Special Income Charges": 0.0,
        "Other Special Charges": NaN,
        "Gain On Sale Of Security": -604000.0,
        "Net Non Operating Interest Income Expense": -20879000.0,
        "Interest Expense Non Operating": 24449000.0,
        "Interest Income Non Operating": 3570000.0,
        "Operating Income": -4508000.0,
        "Operating Expense": 129911000.0,
        "Research And Development": 49441000.0,
        "Selling General And Administration": 80470000.0,
        "Gross Profit": 125403000.0,
        "Cost Of Revenue": 6131000.0,
        "Total Revenue": 131534000.0,
        "Operating Revenue": 137238000.0
    },
    "2025-03-31": {
        "Tax Effect Of Unusual Items": 400.0,
        "Tax Rate For Calcs": 0.4,
        "Normalized EBITDA": 24582000.0,
        "Total Unusual Items": 1000.0,
        "Total Unusual Items Excluding Goodwill": 1000.0,
        "Net Income From Continuing Operation Net Minority Interest": 32000.0,
        "Reconciled Depreciation": 331000.0,
        "Reconciled Cost Of Revenue": 4568000.0,
        "EBITDA": 24583000.0,
        "EBIT": 24252000.0,
        "Net Interest Income": -20470000.0,
        "Interest Expense": 23494000.0,
        "Interest Income": 3024000.0,
        "Normalized Income": 31400.0,
        "Net Income From Continuing And Discontinued Operation": 32000.0,
        "Total Expenses": 124307000.0,
        "Total Operating Income As Reported": 21227000.0,
        "Diluted Average Shares": 215261000.0,
        "Basic Average Shares": 208882000.0,
        "Diluted EPS": 0.0,
        "Basic EPS": 0.0,
        "Diluted NI Availto Com Stockholders": 32000.0,
        "Net Income Common Stockholders": 32000.0,
        "Net Income": 32000.0,
        "Net Income Including Noncontrolling Interests": 32000.0,
        "Net Income Continuous Operations": 32000.0,
        "Tax Provision": 726000.0,
        "Pretax Income": 758000.0,
        "Other Income Expense": 1000.0,
        "Special Income Charges": NaN,
        "Other Special Charges": NaN,
        "Gain On Sale Of Security": 1000.0,
        "Net Non Operating Interest Income Expense": -20470000.0,
        "Interest Expense Non Operating": 23494000.0,
        "Interest Income Non Operating": 3024000.0,
        "Operating Income": 21227000.0,
        "Operating Expense": 119739000.0,
        "Research And Development": 37270000.0,
        "Selling General And Administration": 82469000.0,
        "Gross Profit": 140966000.0,
        "Cost Of Revenue": 4568000.0,
        "Total Revenue": 145534000.0,
        "Operating Revenue": 145534000.0
    }
}