{
    "2023-06-30": {
        "Tax Effect Of Unusual Items": NaN,
        "Tax Rate For Calcs": NaN,
        "Total Unusual Items": NaN,
        "Total Unusual Items Excluding Goodwill": NaN,
        "Net Income From Continuing Operation Net Minority Interest": NaN,
        "Net Interest Income": 3270000000.0,
        "Interest Income": 12579000000.0,
        "Normalized Income": NaN,
        "Net Income From Continuing And Discontinued Operation": NaN,
        "Diluted Average Shares": NaN,
        "Basic Average Shares": NaN,
        "Diluted EPS": NaN,
        "Basic EPS": NaN,
        "Diluted NI Availto Com Stockholders": NaN,
        "Net Income Common Stockholders": NaN,
        "Otherunder Preferred Stock Dividend": NaN,
        "Net Income": NaN,
        "Minority Interests": NaN,
        "Net Income Including Noncontrolling Interests": NaN,
        "Net Income Continuous Operations": NaN,
        "Tax Provision": NaN,
        "Pretax Income": NaN,
        "Other Non Operating Income Expenses": NaN,
        "Special Income Charges": NaN,
        "Other Special Charges": NaN,
        "Operating Expense": NaN,
        "Other Operating Expenses": NaN,
        "Total Revenue": NaN,
        "Operating Revenue": NaN
    },
    "2023-03-31": {
        "Tax Effect Of Unusual Items": NaN,
        "Tax Rate For Calcs": NaN,
        "Total Unusual Items": NaN,
        "Total Unusual Items Excluding Goodwill": NaN,
        "Net Income From Continuing Operation Net Minority Interest": NaN,
        "Net Interest Income": NaN,
        "Interest Income": NaN,
        "Normalized Income": NaN,
        "Net Income From Continuing And Discontinued Operation": NaN,
        "Diluted Average Shares": 3942500000.0,
        "Basic Average Shares": 3942500000.0,
        "Diluted EPS": 0.452,
        "Basic EPS": 0.452,
        "Diluted NI Availto Com Stockholders": NaN,
        "Net Income Common Stockholders": NaN,
        "Otherunder Preferred Stock Dividend": NaN,
        "Net Income": NaN,
        "Minority Interests": NaN,
        "Net Income Including Noncontrolling Interests": NaN,
        "Net Income Continuous Operations": NaN,
        "Tax Provision": NaN,
        "Pretax Income": NaN,
        "Other Non Operating Income Expenses": -5000000.0,
        "Special Income Charges": NaN,
        "Other Special Charges": NaN,
        "Operating Expense": NaN,
        "Other Operating Expenses": NaN,
        "Total Revenue": NaN,
        "Operating Revenue": NaN
    },
    "2022-12-31": {
        "Tax Effect Of Unusual Items": NaN,
        "Tax Rate For Calcs": NaN,
        "Total Unusual Items": NaN,
        "Total Unusual Items Excluding Goodwill": NaN,
        "Net Income From Continuing Operation Net Minority Interest": NaN,
        "Net Interest Income": NaN,
        "Interest Income": NaN,
        "Normalized Income": NaN,
        "Net Income From Continuing And Discontinued Operation": NaN,
        "Diluted Average Shares": NaN,
        "Basic Average Shares": NaN,
        "Diluted EPS": NaN,
        "Basic EPS": NaN,
        "Diluted NI Availto Com Stockholders": NaN,
        "Net Income Common Stockholders": NaN,
        "Otherunder Preferred Stock Dividend": NaN,
        "Net Income": NaN,
        "Minority Interests": NaN,
        "Net Income Including Noncontrolling Interests": NaN,
        "Net Income Continuous Operations": NaN,
        "Tax Provision": NaN,
        "Pretax Income": NaN,
        "Other Non Operating Income Expenses": NaN,
        "Special Income Charges": NaN,
        "Other Special Charges": 79000000.0,
        "Operating Expense": NaN,
        "Other Operating Expenses": NaN,
        "Total Revenue": NaN,
        "Operating Revenue": NaN
    },
    "2022-09-30": {
        "Tax Effect Of Unusual Items": NaN,
        "Tax Rate For Calcs": NaN,
        "Total Unusual Items": NaN,
        "Total Unusual Items Excluding Goodwill": NaN,
        "Net Income From Continuing Operation Net Minority Interest": NaN,
        "Net Interest Income": 3068000000.0,
        "Interest Income": 3068000000.0,
        "Normalized Income": NaN,
        "Net Income From Continuing And Discontinued Operation": NaN,
        "Diluted Average Shares": 4037000000.0,
        "Basic Average Shares": 4037000000.0,
        "Diluted EPS": 0.376,
        "Basic EPS": 0.376,
        "Diluted NI Availto Com Stockholders": NaN,
        "Net Income Common Stockholders": NaN,
        "Otherunder Preferred Stock Dividend": NaN,
        "Net Income": NaN,
        "Minority Interests": NaN,
        "Net Income Including Noncontrolling Interests": NaN,
        "Net Income Continuous Operations": NaN,
        "Tax Provision": NaN,
        "Pretax Income": NaN,
        "Other Non Operating Income Expenses": -1000000.0,
        "Special Income Charges": NaN,
        "Other Special Charges": NaN,
        "Operating Expense": NaN,
        "Other Operating Expenses": NaN,
        "Total Revenue": NaN,
        "Operating Revenue": NaN
    },
    "2022-06-30": {
        "Tax Effect Of Unusual Items": -186831220.813876,
        "Tax Rate For Calcs": 0.139426,
        "Total Unusual Items": -1340000000.0,
        "Total Unusual Items Excluding Goodwill": -1340000000.0,
        "Net Income From Continuing Operation Net Minority Interest": 1270000000.0,
        "Net Interest Income": 2422000000.0,
        "Interest Income": 4793000000.0,
        "Normalized Income": 2423168779.186124,
        "Net Income From Continuing And Discontinued Operation": 1270000000.0,
        "Diluted Average Shares": 4171500000.0,
        "Basic Average Shares": 4171500000.0,
        "Diluted EPS": 0.256,
        "Basic EPS": 0.256,
        "Diluted NI Availto Com Stockholders": 1071000000.0,
        "Net Income Common Stockholders": 1071000000.0,
        "Otherunder Preferred Stock Dividend": 199000000.0,
        "Net Income": 1270000000.0,
        "Minority Interests": -20000000.0,
        "Net Income Including Noncontrolling Interests": 1290000000.0,
        "Net Income Continuous Operations": 1290000000.0,
        "Tax Provision": 209000000.0,
        "Pretax Income": 1499000000.0,
        "Other Non Operating Income Expenses": NaN,
        "Special Income Charges": -1340000000.0,
        "Other Special Charges": 1334000000.0,
        "Operating Expense": 3676000000.0,
        "Other Operating Expenses": -3588000000.0,
        "Total Revenue": 6708000000.0,
        "Operating Revenue": 6708000000.0
    },
    "2022-03-31": {
        "Diluted EPS": 0.45,
        "Total Revenue": NaN,
        "Gross Profit": NaN,
        "Operating Income": NaN,
        "EBIT": NaN,
        "Net Income": NaN
    },
    "2021-06-30": {
        "Diluted EPS": 0.69,
        "Total Revenue": NaN,
        "Gross Profit": NaN,
        "Operating Income": NaN,
        "EBIT": NaN,
        "Net Income": NaN
    },
    "2021-03-31": {
        "Diluted EPS": 0.55,
        "Total Revenue": NaN,
        "Gross Profit": NaN,
        "Operating Income": NaN,
        "EBIT": NaN,
        "Net Income": NaN
    },
    "2020-06-30": {
        "Diluted EPS": 0.03,
        "Total Revenue": NaN,
        "Gross Profit": NaN,
        "Operating Income": 478,
        "EBIT": NaN,
        "Net Income": 112
    },
    "2020-03-31": {
        "Diluted EPS": 0.18,
        "Total Revenue": NaN,
        "Gross Profit": NaN,
        "Operating Income": NaN,
        "EBIT": NaN,
        "Net Income": 775
    },
    "2019-06-30": {
        "Diluted EPS": 0.31,
        "Total Revenue": NaN,
        "Gross Profit": NaN,
        "Operating Income": NaN,
        "EBIT": NaN,
        "Net Income": NaN
    },
    "2019-03-31": {
        "Diluted EPS": 0.32,
        "Total Revenue": NaN,
        "Gross Profit": NaN,
        "Operating Income": NaN,
        "EBIT": NaN,
        "Net Income": NaN
    },
    "2018-06-30": {
        "Diluted EPS": 0.39,
        "Total Revenue": NaN,
        "Gross Profit": NaN,
        "Operating Income": NaN,
        "EBIT": NaN,
        "Net Income": NaN
    },
    "2018-03-31": {
        "Diluted EPS": -0.23,
        "Total Revenue": NaN,
        "Gross Profit": NaN,
        "Operating Income": -355,
        "EBIT": NaN,
        "Net Income": -825
    },
    "2017-06-30": {
        "Diluted EPS": -0.4,
        "Total Revenue": NaN,
        "Gross Profit": NaN,
        "Operating Income": 535,
        "EBIT": NaN,
        "Net Income": NaN
    },
    "2017-03-31": {
        "Diluted EPS": 0.05,
        "Total Revenue": NaN,
        "Gross Profit": NaN,
        "Operating Income": NaN,
        "EBIT": NaN,
        "Net Income": 235
    },
    "2016-12-31": {
        "Diluted EPS": 0.03,
        "Total Revenue": NaN,
        "Gross Profit": NaN,
        "Operating Income": NaN,
        "EBIT": NaN,
        "Net Income": 196
    },
    "2016-09-30": {
        "Diluted EPS": 0.14,
        "Total Revenue": NaN,
        "Gross Profit": NaN,
        "Operating Income": 440,
        "EBIT": NaN,
        "Net Income": 544
    },
    "2016-06-30": {
        "Diluted EPS": 0.24,
        "Total Revenue": NaN,
        "Gross Profit": NaN,
        "Operating Income": NaN,
        "EBIT": NaN,
        "Net Income": 971
    },
    "2016-03-31": {
        "Diluted EPS": 0.16,
        "Total Revenue": NaN,
        "Gross Profit": NaN,
        "Operating Income": NaN,
        "EBIT": NaN,
        "Net Income": 662
    },
    "2015-06-30": {
        "Diluted EPS": 0.43,
        "Total Revenue": NaN,
        "Gross Profit": NaN,
        "Operating Income": NaN,
        "EBIT": NaN,
        "Net Income": NaN
    },
    "2015-03-31": {
        "Diluted EPS": 0.18,
        "Total Revenue": NaN,
        "Gross Profit": NaN,
        "Operating Income": NaN,
        "EBIT": NaN,
        "Net Income": 710
    },
    "2014-12-31": {
        "Diluted EPS": -0.63,
        "Total Revenue": NaN,
        "Gross Profit": NaN,
        "Operating Income": NaN,
        "EBIT": NaN,
        "Net Income": NaN
    },
    "2014-09-30": {
        "Diluted EPS": 0.16,
        "Total Revenue": NaN,
        "Gross Profit": NaN,
        "Operating Income": NaN,
        "EBIT": NaN,
        "Net Income": 633
    },
    "2014-06-30": {
        "Diluted EPS": 0.07,
        "Total Revenue": NaN,
        "Gross Profit": NaN,
        "Operating Income": NaN,
        "EBIT": NaN,
        "Net Income": 273
    },
    "2014-03-31": {
        "Diluted EPS": 0.4,
        "Total Revenue": NaN,
        "Gross Profit": NaN,
        "Operating Income": NaN,
        "EBIT": NaN,
        "Net Income": NaN
    },
    "2013-12-31": {
        "Diluted EPS": -0.33,
        "Total Revenue": NaN,
        "Gross Profit": NaN,
        "Operating Income": 354,
        "EBIT": NaN,
        "Net Income": NaN
    },
    "2013-09-30": {
        "Diluted EPS": 0.26,
        "Total Revenue": NaN,
        "Gross Profit": NaN,
        "Operating Income": NaN,
        "EBIT": NaN,
        "Net Income": 822
    },
    "2013-06-30": {
        "Diluted EPS": -0.09,
        "Total Revenue": NaN,
        "Gross Profit": NaN,
        "Operating Income": -159,
        "EBIT": NaN,
        "Net Income": -258
    },
    "2013-03-31": {
        "Diluted EPS": 0.42,
        "Total Revenue": NaN,
        "Gross Profit": NaN,
        "Operating Income": NaN,
        "EBIT": NaN,
        "Net Income": NaN
    },
    "2012-12-31": {
        "Diluted EPS": -0.27,
        "Total Revenue": NaN,
        "Gross Profit": NaN,
        "Operating Income": NaN,
        "EBIT": NaN,
        "Net Income": -610
    },
    "2012-09-30": {
        "Diluted EPS": -0.15,
        "Total Revenue": NaN,
        "Gross Profit": NaN,
        "Operating Income": NaN,
        "EBIT": NaN,
        "Net Income": -436
    },
    "2012-06-30": {
        "Diluted EPS": 0.32,
        "Total Revenue": NaN,
        "Gross Profit": NaN,
        "Operating Income": NaN,
        "EBIT": NaN,
        "Net Income": 640
    },
    "2012-03-31": {
        "Diluted EPS": -0.29,
        "Total Revenue": NaN,
        "Gross Profit": NaN,
        "Operating Income": NaN,
        "EBIT": NaN,
        "Net Income": -547
    },
    "2011-12-31": {
        "Diluted EPS": 0.18,
        "Total Revenue": NaN,
        "Gross Profit": NaN,
        "Operating Income": NaN,
        "EBIT": NaN,
        "Net Income": 560
    },
    "2011-09-30": {
        "Diluted EPS": 0.63,
        "Total Revenue": NaN,
        "Gross Profit": NaN,
        "Operating Income": NaN,
        "EBIT": NaN,
        "Net Income": NaN
    },
    "2011-06-30": {
        "Diluted EPS": 0.26,
        "Total Revenue": NaN,
        "Gross Profit": NaN,
        "Operating Income": NaN,
        "EBIT": NaN,
        "Net Income": 790
    },
    "2011-03-31": {
        "Diluted EPS": 0.56,
        "Total Revenue": NaN,
        "Gross Profit": NaN,
        "Operating Income": NaN,
        "EBIT": NaN,
        "Net Income": NaN
    },
    "2010-12-31": {
        "Diluted EPS": 0.55,
        "Total Revenue": NaN,
        "Gross Profit": NaN,
        "Operating Income": NaN,
        "EBIT": NaN,
        "Net Income": NaN
    },
    "2010-09-30": {
        "Diluted EPS": 0.01,
        "Total Revenue": NaN,
        "Gross Profit": NaN,
        "Operating Income": NaN,
        "EBIT": NaN,
        "Net Income": 79
    },
    "2010-06-30": {
        "Diluted EPS": 0.7,
        "Total Revenue": NaN,
        "Gross Profit": NaN,
        "Operating Income": NaN,
        "EBIT": NaN,
        "Net Income": NaN
    },
    "2010-03-31": {
        "Diluted EPS": 0.53,
        "Total Revenue": NaN,
        "Gross Profit": NaN,
        "Operating Income": NaN,
        "EBIT": NaN,
        "Net Income": NaN
    },
    "2009-12-31": {
        "Diluted EPS": 3.98,
        "Total Revenue": NaN,
        "Gross Profit": NaN,
        "Operating Income": NaN,
        "EBIT": NaN,
        "Net Income": NaN
    },
    "2009-06-30": {
        "Diluted EPS": 0.0,
        "Total Revenue": NaN,
        "Gross Profit": NaN,
        "Operating Income": NaN,
        "EBIT": NaN,
        "Net Income": NaN
    },
    "2009-03-31": {
        "Diluted EPS": 0.48,
        "Total Revenue": NaN,
        "Gross Profit": NaN,
        "Operating Income": NaN,
        "EBIT": NaN,
        "Net Income": NaN
    },
    "2023-09-30": {
        "Tax Effect Of Unusual Items": NaN,
        "Tax Rate For Calcs": NaN,
        "Total Unusual Items": NaN,
        "Total Unusual Items Excluding Goodwill": NaN,
        "Net Income From Continuing Operation Net Minority Interest": NaN,
        "Net Interest Income": 3247000000.0,
        "Interest Income": 3247000000.0,
        "Normalized Income": NaN,
        "Net Income From Continuing And Discontinued Operation": NaN,
        "Diluted Average Shares": 3851250000.0,
        "Basic Average Shares": 3851250000.0,
        "Diluted EPS": 0.332,
        "Basic EPS": 0.332,
        "Diluted NI Availto Com Stockholders": NaN,
        "Net Income Common Stockholders": NaN,
        "Otherunder Preferred Stock Dividend": NaN,
        "Net Income": NaN,
        "Minority Interests": NaN,
        "Net Income Including Noncontrolling Interests": NaN,
        "Net Income Continuous Operations": NaN,
        "Tax Provision": NaN,
        "Pretax Income": NaN,
        "Other Non Operating Income Expenses": 9000000.0,
        "Special Income Charges": NaN,
        "Other Special Charges": NaN,
        "Operating Expense": NaN,
        "Other Operating Expenses": NaN,
        "Total Revenue": NaN,
        "Operating Revenue": NaN
    },
    "2023-12-31": {
        "Tax Effect Of Unusual Items": -289940000.0,
        "Tax Rate For Calcs": 0.19,
        "Total Unusual Items": -1526000000.0,
        "Total Unusual Items Excluding Goodwill": -1526000000.0,
        "Net Income From Continuing Operation Net Minority Interest": 108000000.0,
        "Net Interest Income": NaN,
        "Interest Income": NaN,
        "Normalized Income": 1344060000.0,
        "Net Income From Continuing And Discontinued Operation": 108000000.0,
        "Diluted Average Shares": NaN,
        "Basic Average Shares": NaN,
        "Diluted EPS": NaN,
        "Basic EPS": NaN,
        "Diluted NI Availto Com Stockholders": -111000000.0,
        "Net Income Common Stockholders": -111000000.0,
        "Otherunder Preferred Stock Dividend": 219000000.0,
        "Net Income": 108000000.0,
        "Minority Interests": -25000000.0,
        "Net Income Including Noncontrolling Interests": 133000000.0,
        "Net Income Continuous Operations": 133000000.0,
        "Tax Provision": -23000000.0,
        "Pretax Income": 110000000.0,
        "Other Non Operating Income Expenses": NaN,
        "Special Income Charges": -1526000000.0,
        "Other Special Charges": 711000000.0,
        "Operating Expense": 3394000000.0,
        "Other Operating Expenses": -12505000000.0,
        "Total Revenue": 5604000000.0,
        "Operating Revenue": 5604000000.0
    },
    "2024-03-31": {
        "Tax Effect Of Unusual Items": -11628000.0,
        "Tax Rate For Calcs": 0.204,
        "Total Unusual Items": -57000000.0,
        "Total Unusual Items Excluding Goodwill": -57000000.0,
        "Net Income From Continuing Operation Net Minority Interest": 1809000000.0,
        "Net Interest Income": 3072000000.0,
        "Interest Income": 3072000000.0,
        "Normalized Income": 1854372000.0,
        "Net Income From Continuing And Discontinued Operation": 1809000000.0,
        "Diluted Average Shares": 3745750000.0,
        "Basic Average Shares": 3745750000.0,
        "Diluted EPS": 0.412,
        "Basic EPS": 0.412,
        "Diluted NI Availto Com Stockholders": 1550000000.0,
        "Net Income Common Stockholders": 1550000000.0,
        "Otherunder Preferred Stock Dividend": 259000000.0,
        "Net Income": 1809000000.0,
        "Minority Interests": -3000000.0,
        "Net Income Including Noncontrolling Interests": 1812000000.0,
        "Net Income Continuous Operations": 1812000000.0,
        "Tax Provision": 465000000.0,
        "Pretax Income": 2277000000.0,
        "Other Non Operating Income Expenses": 12000000.0,
        "Special Income Charges": -57000000.0,
        "Other Special Charges": 57000000.0,
        "Operating Expense": 4118000000.0,
        "Other Operating Expenses": 4118000000.0,
        "Total Revenue": 6953000000.0,
        "Operating Revenue": 6953000000.0
    },
    "2024-06-30": {
        "Tax Effect Of Unusual Items": -32829205.366357,
        "Tax Rate For Calcs": 0.22033,
        "Total Unusual Items": -149000000.0,
        "Total Unusual Items Excluding Goodwill": -149000000.0,
        "Net Income From Continuing Operation Net Minority Interest": 1488000000.0,
        "Net Interest Income": 3056000000.0,
        "Interest Income": 15570000000.0,
        "Normalized Income": 1604170794.633643,
        "Net Income From Continuing And Discontinued Operation": 1488000000.0,
        "Diluted Average Shares": NaN,
        "Basic Average Shares": NaN,
        "Diluted EPS": NaN,
        "Basic EPS": NaN,
        "Diluted NI Availto Com Stockholders": 1237000000.0,
        "Net Income Common Stockholders": 1237000000.0,
        "Otherunder Preferred Stock Dividend": 251000000.0,
        "Net Income": 1488000000.0,
        "Minority Interests": -23000000.0,
        "Net Income Including Noncontrolling Interests": 1511000000.0,
        "Net Income Continuous Operations": 1511000000.0,
        "Tax Provision": 427000000.0,
        "Pretax Income": 1938000000.0,
        "Other Non Operating Income Expenses": NaN,
        "Special Income Charges": -149000000.0,
        "Other Special Charges": 7000000.0,
        "Operating Expense": 3857000000.0,
        "Other Operating Expenses": -3998000000.0,
        "Total Revenue": 6324000000.0,
        "Operating Revenue": 6324000000.0
    },
    "2024-09-30": {
        "Tax Effect Of Unusual Items": -6460573.476703,
        "Tax Rate For Calcs": 0.184588,
        "Total Unusual Items": -35000000.0,
        "Total Unusual Items Excluding Goodwill": -35000000.0,
        "Net Income From Continuing Operation Net Minority Interest": 1817000000.0,
        "Net Interest Income": 3308000000.0,
        "Interest Income": 3308000000.0,
        "Normalized Income": 1845539426.523297,
        "Net Income From Continuing And Discontinued Operation": 1817000000.0,
        "Diluted Average Shares": 3662000000.0,
        "Basic Average Shares": 3662000000.0,
        "Diluted EPS": 0.428,
        "Basic EPS": 0.428,
        "Diluted NI Availto Com Stockholders": 1564000000.0,
        "Net Income Common Stockholders": 1564000000.0,
        "Otherunder Preferred Stock Dividend": 253000000.0,
        "Net Income": 1817000000.0,
        "Minority Interests": -3000000.0,
        "Net Income Including Noncontrolling Interests": 1820000000.0,
        "Net Income Continuous Operations": 1820000000.0,
        "Tax Provision": 412000000.0,
        "Pretax Income": 2232000000.0,
        "Other Non Operating Income Expenses": 21000000.0,
        "Special Income Charges": -35000000.0,
        "Other Special Charges": 35000000.0,
        "Operating Expense": 3927000000.0,
        "Other Operating Expenses": 3927000000.0,
        "Total Revenue": 6547000000.0,
        "Operating Revenue": 6547000000.0
    },
    "2024-12-31": {
        "Tax Effect Of Unusual Items": -87658037.326911,
        "Tax Rate For Calcs": 0.269717,
        "Total Unusual Items": -325000000.0,
        "Total Unusual Items Excluding Goodwill": -325000000.0,
        "Net Income From Continuing Operation Net Minority Interest": 1193000000.0,
        "Net Interest Income": NaN,
        "Interest Income": NaN,
        "Normalized Income": 1430341962.673089,
        "Net Income From Continuing And Discontinued Operation": 1193000000.0,
        "Diluted Average Shares": 3608000000.0,
        "Basic Average Shares": 3608000000.0,
        "Diluted EPS": 0.268,
        "Basic EPS": 0.268,
        "Diluted NI Availto Com Stockholders": 965000000.0,
        "Net Income Common Stockholders": 965000000.0,
        "Otherunder Preferred Stock Dividend": 228000000.0,
        "Net Income": 1193000000.0,
        "Minority Interests": -20000000.0,
        "Net Income Including Noncontrolling Interests": 1213000000.0,
        "Net Income Continuous Operations": 1213000000.0,
        "Tax Provision": 448000000.0,
        "Pretax Income": 1661000000.0,
        "Other Non Operating Income Expenses": NaN,
        "Special Income Charges": -325000000.0,
        "Other Special Charges": 403000000.0,
        "Operating Expense": 3920000000.0,
        "Other Operating Expenses": -12006000000.0,
        "Total Revenue": 6406000000.0,
        "Operating Revenue": 6406000000.0
    }
}