{
    "2023-03-31": {
        "Tax Effect Of Unusual Items": NaN,
        "Tax Rate For Calcs": NaN,
        "Normalized EBITDA": NaN,
        "Net Income From Continuing Operation Net Minority Interest": NaN,
        "Reconciled Depreciation": NaN,
        "EBITDA": NaN,
        "EBIT": NaN,
        "Net Interest Income": NaN,
        "Interest Income": NaN,
        "Normalized Income": NaN,
        "Net Income From Continuing And Discontinued Operation": NaN,
        "Total Expenses": NaN,
        "Total Operating Income As Reported": NaN,
        "Diluted Average Shares": 36483878.0,
        "Basic Average Shares": 36483878.0,
        "Diluted EPS": -0.57,
        "Basic EPS": -0.57,
        "Diluted NI Availto Com Stockholders": NaN,
        "Net Income Common Stockholders": NaN,
        "Net Income": NaN,
        "Net Income Including Noncontrolling Interests": NaN,
        "Net Income Continuous Operations": NaN,
        "Pretax Income": NaN,
        "Other Income Expense": NaN,
        "Other Non Operating Income Expenses": NaN,
        "Net Non Operating Interest Income Expense": NaN,
        "Interest Income Non Operating": NaN,
        "Operating Income": NaN,
        "Operating Expense": NaN,
        "Research And Development": NaN,
        "Selling General And Administration": NaN,
        "General And Administrative Expense": NaN,
        "Other Gand A": NaN,
        "Salaries And Wages": NaN,
        "Total Revenue": NaN,
        "Operating Revenue": NaN
    },
    "2022-12-31": {
        "Tax Effect Of Unusual Items": NaN,
        "Tax Rate For Calcs": NaN,
        "Normalized EBITDA": NaN,
        "Net Income From Continuing Operation Net Minority Interest": NaN,
        "Reconciled Depreciation": NaN,
        "EBITDA": NaN,
        "EBIT": NaN,
        "Net Interest Income": NaN,
        "Interest Income": NaN,
        "Normalized Income": NaN,
        "Net Income From Continuing And Discontinued Operation": NaN,
        "Total Expenses": NaN,
        "Total Operating Income As Reported": NaN,
        "Diluted Average Shares": 36389492.0,
        "Basic Average Shares": 36389492.0,
        "Diluted EPS": -0.59,
        "Basic EPS": -0.59,
        "Diluted NI Availto Com Stockholders": NaN,
        "Net Income Common Stockholders": NaN,
        "Net Income": NaN,
        "Net Income Including Noncontrolling Interests": NaN,
        "Net Income Continuous Operations": NaN,
        "Pretax Income": NaN,
        "Other Income Expense": NaN,
        "Other Non Operating Income Expenses": NaN,
        "Net Non Operating Interest Income Expense": NaN,
        "Interest Income Non Operating": NaN,
        "Operating Income": NaN,
        "Operating Expense": NaN,
        "Research And Development": NaN,
        "Selling General And Administration": NaN,
        "General And Administrative Expense": NaN,
        "Other Gand A": NaN,
        "Salaries And Wages": NaN,
        "Total Revenue": NaN,
        "Operating Revenue": NaN
    },
    "2022-09-30": {
        "Tax Effect Of Unusual Items": 0.0,
        "Tax Rate For Calcs": 0.0,
        "Normalized EBITDA": -21995000.0,
        "Total Unusual Items": NaN,
        "Total Unusual Items Excluding Goodwill": NaN,
        "Net Income From Continuing Operation Net Minority Interest": -21654000.0,
        "Reconciled Depreciation": 129000.0,
        "EBITDA": -21995000.0,
        "EBIT": -22124000.0,
        "Net Interest Income": 562000.0,
        "Interest Income": 562000.0,
        "Normalized Income": -21654000.0,
        "Net Income From Continuing And Discontinued Operation": -21654000.0,
        "Total Expenses": 22124000.0,
        "Total Operating Income As Reported": -22124000.0,
        "Diluted Average Shares": 36346181.0,
        "Basic Average Shares": 36346181.0,
        "Diluted EPS": -0.6,
        "Basic EPS": -0.6,
        "Diluted NI Availto Com Stockholders": -21654000.0,
        "Net Income Common Stockholders": -21654000.0,
        "Net Income": -21654000.0,
        "Net Income Including Noncontrolling Interests": -21654000.0,
        "Net Income Continuous Operations": -21654000.0,
        "Earnings From Equity Interest Net Of Tax": NaN,
        "Pretax Income": -21654000.0,
        "Other Income Expense": -92000.0,
        "Other Non Operating Income Expenses": -92000.0,
        "Special Income Charges": NaN,
        "Gain On Sale Of Ppe": NaN,
        "Net Non Operating Interest Income Expense": 562000.0,
        "Interest Income Non Operating": 562000.0,
        "Operating Income": -22124000.0,
        "Operating Expense": 22124000.0,
        "Research And Development": 15847000.0,
        "Selling General And Administration": 6277000.0,
        "General And Administrative Expense": 6277000.0,
        "Other Gand A": 6277000.0,
        "Salaries And Wages": NaN,
        "Total Revenue": 0.0,
        "Operating Revenue": 0.0
    },
    "2022-06-30": {
        "Tax Effect Of Unusual Items": 0.0,
        "Tax Rate For Calcs": 0.0,
        "Normalized EBITDA": -23045000.0,
        "Total Unusual Items": NaN,
        "Total Unusual Items Excluding Goodwill": NaN,
        "Net Income From Continuing Operation Net Minority Interest": -22930000.0,
        "Reconciled Depreciation": 128000.0,
        "EBITDA": -23045000.0,
        "EBIT": -23173000.0,
        "Net Interest Income": 386000.0,
        "Interest Income": 386000.0,
        "Normalized Income": -22930000.0,
        "Net Income From Continuing And Discontinued Operation": -22930000.0,
        "Total Expenses": 23173000.0,
        "Total Operating Income As Reported": -23173000.0,
        "Diluted Average Shares": 36293856.0,
        "Basic Average Shares": 36293856.0,
        "Diluted EPS": -0.63,
        "Basic EPS": -0.63,
        "Diluted NI Availto Com Stockholders": -22930000.0,
        "Net Income Common Stockholders": -22930000.0,
        "Net Income": -22930000.0,
        "Net Income Including Noncontrolling Interests": -22930000.0,
        "Net Income Continuous Operations": -22930000.0,
        "Earnings From Equity Interest Net Of Tax": NaN,
        "Pretax Income": -22930000.0,
        "Other Income Expense": -143000.0,
        "Other Non Operating Income Expenses": -143000.0,
        "Special Income Charges": NaN,
        "Gain On Sale Of Ppe": NaN,
        "Net Non Operating Interest Income Expense": 386000.0,
        "Interest Income Non Operating": 386000.0,
        "Operating Income": -23173000.0,
        "Operating Expense": 23173000.0,
        "Research And Development": 16195000.0,
        "Selling General And Administration": 6978000.0,
        "General And Administrative Expense": 6978000.0,
        "Other Gand A": 6978000.0,
        "Salaries And Wages": NaN,
        "Total Revenue": 0.0,
        "Operating Revenue": 0.0
    },
    "2022-03-31": {
        "Diluted EPS": -0.7,
        "Total Revenue": NaN,
        "Gross Profit": NaN,
        "Operating Income": -26,
        "EBIT": -26,
        "Net Income": -26
    },
    "2021-12-31": {
        "Diluted EPS": -0.71,
        "Total Revenue": NaN,
        "Gross Profit": NaN,
        "Operating Income": -26,
        "EBIT": -26,
        "Net Income": -26
    },
    "2021-09-30": {
        "Diluted EPS": -0.97,
        "Total Revenue": NaN,
        "Gross Profit": NaN,
        "Operating Income": -35,
        "EBIT": -35,
        "Net Income": -35
    },
    "2021-06-30": {
        "Diluted EPS": -0.95,
        "Total Revenue": NaN,
        "Gross Profit": NaN,
        "Operating Income": -35,
        "EBIT": -35,
        "Net Income": -34
    },
    "2021-03-31": {
        "Diluted EPS": -0.84,
        "Total Revenue": NaN,
        "Gross Profit": NaN,
        "Operating Income": -31,
        "EBIT": -31,
        "Net Income": -30
    },
    "2020-12-31": {
        "Diluted EPS": -0.63,
        "Total Revenue": NaN,
        "Gross Profit": NaN,
        "Operating Income": -23,
        "EBIT": -23,
        "Net Income": -23
    },
    "2020-09-30": {
        "Diluted EPS": -0.5,
        "Total Revenue": NaN,
        "Gross Profit": NaN,
        "Operating Income": -18,
        "EBIT": -18,
        "Net Income": -18
    },
    "2020-06-30": {
        "Diluted EPS": -0.41,
        "Total Revenue": NaN,
        "Gross Profit": NaN,
        "Operating Income": -15,
        "EBIT": -15,
        "Net Income": -15
    },
    "2020-03-31": {
        "Diluted EPS": -0.51,
        "Total Revenue": NaN,
        "Gross Profit": NaN,
        "Operating Income": -13,
        "EBIT": -13,
        "Net Income": -12
    },
    "2019-12-31": {
        "Diluted EPS": -4.63,
        "Total Revenue": NaN,
        "Gross Profit": NaN,
        "Operating Income": -10,
        "EBIT": -10,
        "Net Income": -10
    },
    "2019-09-30": {
        "Diluted EPS": -4.5,
        "Total Revenue": NaN,
        "Gross Profit": NaN,
        "Operating Income": -8,
        "EBIT": -8,
        "Net Income": -9
    },
    "2019-06-30": {
        "Diluted EPS": -5.99,
        "Total Revenue": NaN,
        "Gross Profit": NaN,
        "Operating Income": -7,
        "EBIT": -7,
        "Net Income": -12
    },
    "2019-03-31": {
        "Diluted EPS": -1.87,
        "Total Revenue": NaN,
        "Gross Profit": NaN,
        "Operating Income": -4,
        "EBIT": -4,
        "Net Income": -4
    },
    "2018-12-31": {
        "Diluted EPS": 0.0,
        "Total Revenue": NaN,
        "Gross Profit": NaN,
        "Operating Income": NaN,
        "EBIT": NaN,
        "Net Income": NaN
    },
    "2023-06-30": {
        "Tax Effect Of Unusual Items": NaN,
        "Tax Rate For Calcs": NaN,
        "Normalized EBITDA": NaN,
        "Net Income From Continuing Operation Net Minority Interest": NaN,
        "Reconciled Depreciation": NaN,
        "EBITDA": NaN,
        "EBIT": NaN,
        "Net Interest Income": NaN,
        "Interest Income": NaN,
        "Normalized Income": NaN,
        "Net Income From Continuing And Discontinued Operation": NaN,
        "Total Expenses": NaN,
        "Total Operating Income As Reported": NaN,
        "Diluted Average Shares": NaN,
        "Basic Average Shares": NaN,
        "Diluted EPS": NaN,
        "Basic EPS": NaN,
        "Diluted NI Availto Com Stockholders": NaN,
        "Net Income Common Stockholders": NaN,
        "Net Income": NaN,
        "Net Income Including Noncontrolling Interests": NaN,
        "Net Income Continuous Operations": NaN,
        "Pretax Income": NaN,
        "Other Income Expense": NaN,
        "Other Non Operating Income Expenses": NaN,
        "Net Non Operating Interest Income Expense": NaN,
        "Interest Income Non Operating": NaN,
        "Operating Income": NaN,
        "Operating Expense": NaN,
        "Research And Development": NaN,
        "Selling General And Administration": NaN,
        "General And Administrative Expense": NaN,
        "Other Gand A": NaN,
        "Salaries And Wages": 1813000.0,
        "Total Revenue": NaN,
        "Operating Revenue": NaN
    },
    "2023-09-30": {
        "Tax Effect Of Unusual Items": NaN,
        "Tax Rate For Calcs": NaN,
        "Normalized EBITDA": NaN,
        "Net Income From Continuing Operation Net Minority Interest": NaN,
        "Reconciled Depreciation": NaN,
        "EBITDA": NaN,
        "EBIT": NaN,
        "Net Interest Income": NaN,
        "Interest Income": NaN,
        "Normalized Income": NaN,
        "Net Income From Continuing And Discontinued Operation": NaN,
        "Total Expenses": NaN,
        "Total Operating Income As Reported": NaN,
        "Diluted Average Shares": 50943155.0,
        "Basic Average Shares": 50943155.0,
        "Diluted EPS": -0.45,
        "Basic EPS": -0.45,
        "Diluted NI Availto Com Stockholders": NaN,
        "Net Income Common Stockholders": NaN,
        "Net Income": NaN,
        "Net Income Including Noncontrolling Interests": NaN,
        "Net Income Continuous Operations": NaN,
        "Pretax Income": NaN,
        "Other Income Expense": NaN,
        "Other Non Operating Income Expenses": NaN,
        "Net Non Operating Interest Income Expense": NaN,
        "Interest Income Non Operating": NaN,
        "Operating Income": NaN,
        "Operating Expense": NaN,
        "Research And Development": NaN,
        "Selling General And Administration": NaN,
        "General And Administrative Expense": NaN,
        "Other Gand A": NaN,
        "Total Revenue": NaN,
        "Operating Revenue": NaN
    },
    "2023-12-31": {
        "Tax Effect Of Unusual Items": 0.0,
        "Tax Rate For Calcs": 0.0,
        "Normalized EBITDA": -20769000.0,
        "Net Income From Continuing Operation Net Minority Interest": -19408000.0,
        "Reconciled Depreciation": 86000.0,
        "EBITDA": -20769000.0,
        "EBIT": -20855000.0,
        "Net Interest Income": 324000.0,
        "Interest Income": 324000.0,
        "Normalized Income": -19408000.0,
        "Net Income From Continuing And Discontinued Operation": -19408000.0,
        "Total Expenses": 20855000.0,
        "Total Operating Income As Reported": -20855000.0,
        "Diluted Average Shares": NaN,
        "Basic Average Shares": NaN,
        "Diluted EPS": NaN,
        "Basic EPS": NaN,
        "Diluted NI Availto Com Stockholders": -19408000.0,
        "Net Income Common Stockholders": -19408000.0,
        "Net Income": -19408000.0,
        "Net Income Including Noncontrolling Interests": -19408000.0,
        "Net Income Continuous Operations": -19408000.0,
        "Pretax Income": -19408000.0,
        "Other Income Expense": 1123000.0,
        "Other Non Operating Income Expenses": 1123000.0,
        "Net Non Operating Interest Income Expense": 324000.0,
        "Interest Income Non Operating": 324000.0,
        "Operating Income": -20855000.0,
        "Operating Expense": 20855000.0,
        "Research And Development": 15289000.0,
        "Selling General And Administration": 5566000.0,
        "General And Administrative Expense": 5566000.0,
        "Other Gand A": 5566000.0,
        "Total Revenue": 0.0,
        "Operating Revenue": 0.0
    },
    "2024-03-31": {
        "Tax Effect Of Unusual Items": 0.0,
        "Tax Rate For Calcs": 0.0,
        "Normalized EBITDA": -20160000.0,
        "Net Income From Continuing Operation Net Minority Interest": -18225000.0,
        "Reconciled Depreciation": 86000.0,
        "EBITDA": -20160000.0,
        "EBIT": -20246000.0,
        "Net Interest Income": 637000.0,
        "Interest Income": 637000.0,
        "Normalized Income": -18225000.0,
        "Net Income From Continuing And Discontinued Operation": -18225000.0,
        "Total Expenses": 20246000.0,
        "Total Operating Income As Reported": -20246000.0,
        "Diluted Average Shares": 51808849.0,
        "Basic Average Shares": 51808849.0,
        "Diluted EPS": -0.35,
        "Basic EPS": -0.35,
        "Diluted NI Availto Com Stockholders": -18225000.0,
        "Net Income Common Stockholders": -18225000.0,
        "Net Income": -18225000.0,
        "Net Income Including Noncontrolling Interests": -18225000.0,
        "Net Income Continuous Operations": -18225000.0,
        "Pretax Income": -18225000.0,
        "Other Income Expense": 1384000.0,
        "Other Non Operating Income Expenses": 1384000.0,
        "Net Non Operating Interest Income Expense": 637000.0,
        "Interest Income Non Operating": 637000.0,
        "Operating Income": -20246000.0,
        "Operating Expense": 20246000.0,
        "Research And Development": 13545000.0,
        "Selling General And Administration": 6701000.0,
        "General And Administrative Expense": 6701000.0,
        "Other Gand A": 6701000.0,
        "Total Revenue": 0.0,
        "Operating Revenue": 0.0
    },
    "2024-06-30": {
        "Tax Effect Of Unusual Items": 0.0,
        "Tax Rate For Calcs": 0.0,
        "Normalized EBITDA": -22044000.0,
        "Net Income From Continuing Operation Net Minority Interest": -19909000.0,
        "Reconciled Depreciation": 86000.0,
        "EBITDA": -22044000.0,
        "EBIT": -22130000.0,
        "Net Interest Income": 464000.0,
        "Interest Income": 464000.0,
        "Normalized Income": -19909000.0,
        "Net Income From Continuing And Discontinued Operation": -19909000.0,
        "Total Expenses": 22130000.0,
        "Total Operating Income As Reported": -22130000.0,
        "Diluted Average Shares": 55155220.0,
        "Basic Average Shares": 55155220.0,
        "Diluted EPS": -0.36,
        "Basic EPS": -0.36,
        "Diluted NI Availto Com Stockholders": -19909000.0,
        "Net Income Common Stockholders": -19909000.0,
        "Net Income": -19909000.0,
        "Net Income Including Noncontrolling Interests": -19909000.0,
        "Net Income Continuous Operations": -19909000.0,
        "Pretax Income": -19909000.0,
        "Other Income Expense": 1757000.0,
        "Other Non Operating Income Expenses": 1757000.0,
        "Net Non Operating Interest Income Expense": 464000.0,
        "Interest Income Non Operating": 464000.0,
        "Operating Income": -22130000.0,
        "Operating Expense": 22130000.0,
        "Research And Development": 12556000.0,
        "Selling General And Administration": 9574000.0,
        "General And Administrative Expense": 9574000.0,
        "Other Gand A": 9574000.0,
        "Total Revenue": 0.0,
        "Operating Revenue": 0.0
    },
    "2024-09-30": {
        "Tax Effect Of Unusual Items": 0.0,
        "Tax Rate For Calcs": 0.0,
        "Normalized EBITDA": -18044000.0,
        "Net Income From Continuing Operation Net Minority Interest": -15557000.0,
        "Reconciled Depreciation": 86000.0,
        "EBITDA": -18044000.0,
        "EBIT": -18130000.0,
        "Net Interest Income": 516000.0,
        "Interest Income": 516000.0,
        "Normalized Income": -15557000.0,
        "Net Income From Continuing And Discontinued Operation": -15557000.0,
        "Total Expenses": 18130000.0,
        "Total Operating Income As Reported": -18130000.0,
        "Diluted Average Shares": 56507956.0,
        "Basic Average Shares": 56507956.0,
        "Diluted EPS": -0.28,
        "Basic EPS": -0.28,
        "Diluted NI Availto Com Stockholders": -15557000.0,
        "Net Income Common Stockholders": -15557000.0,
        "Net Income": -15557000.0,
        "Net Income Including Noncontrolling Interests": -15557000.0,
        "Net Income Continuous Operations": -15557000.0,
        "Pretax Income": -15557000.0,
        "Other Income Expense": 2057000.0,
        "Other Non Operating Income Expenses": 2057000.0,
        "Net Non Operating Interest Income Expense": 516000.0,
        "Interest Income Non Operating": 516000.0,
        "Operating Income": -18130000.0,
        "Operating Expense": 18130000.0,
        "Research And Development": 12914000.0,
        "Selling General And Administration": 5216000.0,
        "General And Administrative Expense": 5216000.0,
        "Other Gand A": 5216000.0,
        "Total Revenue": 0.0,
        "Operating Revenue": 0.0
    },
    "2024-12-31": {
        "Tax Effect Of Unusual Items": 0.0,
        "Tax Rate For Calcs": 0.0,
        "Normalized EBITDA": -18190000.0,
        "Net Income From Continuing Operation Net Minority Interest": -15985000.0,
        "Reconciled Depreciation": 85000.0,
        "EBITDA": -18190000.0,
        "EBIT": -18275000.0,
        "Net Interest Income": 565000.0,
        "Interest Income": 565000.0,
        "Normalized Income": -15985000.0,
        "Net Income From Continuing And Discontinued Operation": -15985000.0,
        "Total Expenses": 18275000.0,
        "Total Operating Income As Reported": -18275000.0,
        "Diluted Average Shares": 56607842.0,
        "Basic Average Shares": 56607842.0,
        "Diluted EPS": -0.28,
        "Basic EPS": -0.28,
        "Diluted NI Availto Com Stockholders": -15985000.0,
        "Net Income Common Stockholders": -15985000.0,
        "Net Income": -15985000.0,
        "Net Income Including Noncontrolling Interests": -15985000.0,
        "Net Income Continuous Operations": -15985000.0,
        "Pretax Income": -15985000.0,
        "Other Income Expense": 1725000.0,
        "Other Non Operating Income Expenses": 1725000.0,
        "Net Non Operating Interest Income Expense": 565000.0,
        "Interest Income Non Operating": 565000.0,
        "Operating Income": -18275000.0,
        "Operating Expense": 18275000.0,
        "Research And Development": 12297000.0,
        "Selling General And Administration": 5978000.0,
        "General And Administrative Expense": 5978000.0,
        "Other Gand A": 5978000.0,
        "Total Revenue": 0.0,
        "Operating Revenue": 0.0
    },
    "2025-03-31": {
        "Tax Effect Of Unusual Items": 0.0,
        "Tax Rate For Calcs": 0.21,
        "Normalized EBITDA": 54617000.0,
        "Net Income From Continuing Operation Net Minority Interest": 56542000.0,
        "Reconciled Depreciation": 87000.0,
        "EBITDA": 54617000.0,
        "EBIT": 54530000.0,
        "Net Interest Income": 595000.0,
        "Interest Income": 595000.0,
        "Normalized Income": 56542000.0,
        "Net Income From Continuing And Discontinued Operation": 56542000.0,
        "Total Expenses": 15470000.0,
        "Total Operating Income As Reported": 54530000.0,
        "Diluted Average Shares": 57673099.0,
        "Basic Average Shares": 56663798.0,
        "Diluted EPS": 0.98,
        "Basic EPS": 1.0,
        "Diluted NI Availto Com Stockholders": 56542000.0,
        "Net Income Common Stockholders": 56542000.0,
        "Net Income": 56542000.0,
        "Net Income Including Noncontrolling Interests": 56542000.0,
        "Net Income Continuous Operations": 56542000.0,
        "Pretax Income": 56542000.0,
        "Other Income Expense": 1417000.0,
        "Other Non Operating Income Expenses": 1417000.0,
        "Net Non Operating Interest Income Expense": 595000.0,
        "Interest Income Non Operating": 595000.0,
        "Operating Income": 54530000.0,
        "Operating Expense": 15470000.0,
        "Research And Development": 10506000.0,
        "Selling General And Administration": 4964000.0,
        "General And Administrative Expense": 4964000.0,
        "Other Gand A": 4964000.0,
        "Total Revenue": 70000000.0,
        "Operating Revenue": 70000000.0
    },
    "2025-06-30": {
        "Tax Effect Of Unusual Items": 0.0,
        "Tax Rate For Calcs": 0.0,
        "Normalized EBITDA": -13334000.0,
        "Net Income From Continuing Operation Net Minority Interest": -10561000.0,
        "Reconciled Depreciation": 86000.0,
        "EBITDA": -13334000.0,
        "EBIT": -13420000.0,
        "Net Interest Income": 1118000.0,
        "Interest Income": 1118000.0,
        "Normalized Income": -10561000.0,
        "Net Income From Continuing And Discontinued Operation": -10561000.0,
        "Total Expenses": 13420000.0,
        "Total Operating Income As Reported": -13420000.0,
        "Diluted Average Shares": 56803450.0,
        "Basic Average Shares": 56803450.0,
        "Diluted EPS": -0.19,
        "Basic EPS": -0.19,
        "Diluted NI Availto Com Stockholders": -10561000.0,
        "Net Income Common Stockholders": -10561000.0,
        "Net Income": -10561000.0,
        "Net Income Including Noncontrolling Interests": -10561000.0,
        "Net Income Continuous Operations": -10561000.0,
        "Pretax Income": -10561000.0,
        "Other Income Expense": 1741000.0,
        "Other Non Operating Income Expenses": 1741000.0,
        "Net Non Operating Interest Income Expense": 1118000.0,
        "Interest Income Non Operating": 1118000.0,
        "Operating Income": -13420000.0,
        "Operating Expense": 13420000.0,
        "Research And Development": 9319000.0,
        "Selling General And Administration": 4101000.0,
        "General And Administrative Expense": 4101000.0,
        "Other Gand A": 4101000.0,
        "Total Revenue": 0.0,
        "Operating Revenue": 0.0
    }
}