{
    "2023-03-31": {
        "Tax Effect Of Unusual Items": NaN,
        "Tax Rate For Calcs": NaN,
        "Normalized EBITDA": NaN,
        "Total Unusual Items": NaN,
        "Total Unusual Items Excluding Goodwill": NaN,
        "Net Income From Continuing Operation Net Minority Interest": NaN,
        "Reconciled Depreciation": NaN,
        "Reconciled Cost Of Revenue": NaN,
        "EBITDA": NaN,
        "EBIT": NaN,
        "Net Interest Income": NaN,
        "Interest Expense": NaN,
        "Interest Income": NaN,
        "Normalized Income": NaN,
        "Net Income From Continuing And Discontinued Operation": NaN,
        "Total Expenses": NaN,
        "Total Operating Income As Reported": NaN,
        "Diluted Average Shares": NaN,
        "Basic Average Shares": NaN,
        "Diluted EPS": NaN,
        "Basic EPS": NaN,
        "Diluted NI Availto Com Stockholders": NaN,
        "Net Income Common Stockholders": NaN,
        "Preferred Stock Dividends": 23000000.0,
        "Net Income": NaN,
        "Net Income Including Noncontrolling Interests": NaN,
        "Net Income Discontinuous Operations": 0.0,
        "Net Income Continuous Operations": NaN,
        "Tax Provision": NaN,
        "Pretax Income": NaN,
        "Other Income Expense": NaN,
        "Other Non Operating Income Expenses": NaN,
        "Special Income Charges": NaN,
        "Restructuring And Mergern Acquisition": 62000000.0,
        "Net Non Operating Interest Income Expense": NaN,
        "Interest Expense Non Operating": NaN,
        "Interest Income Non Operating": NaN,
        "Operating Income": NaN,
        "Operating Expense": NaN,
        "Other Operating Expenses": NaN,
        "Research And Development": NaN,
        "Selling General And Administration": NaN,
        "Gross Profit": NaN,
        "Cost Of Revenue": NaN,
        "Total Revenue": NaN,
        "Operating Revenue": NaN
    },
    "2022-12-31": {
        "Tax Effect Of Unusual Items": NaN,
        "Tax Rate For Calcs": NaN,
        "Normalized EBITDA": NaN,
        "Total Unusual Items": NaN,
        "Total Unusual Items Excluding Goodwill": NaN,
        "Net Income From Continuing Operation Net Minority Interest": NaN,
        "Reconciled Depreciation": NaN,
        "Reconciled Cost Of Revenue": NaN,
        "EBITDA": NaN,
        "EBIT": NaN,
        "Net Interest Income": NaN,
        "Interest Expense": NaN,
        "Interest Income": NaN,
        "Normalized Income": NaN,
        "Net Income From Continuing And Discontinued Operation": NaN,
        "Total Expenses": NaN,
        "Total Operating Income As Reported": NaN,
        "Diluted Average Shares": NaN,
        "Basic Average Shares": NaN,
        "Diluted EPS": NaN,
        "Basic EPS": NaN,
        "Diluted NI Availto Com Stockholders": NaN,
        "Net Income Common Stockholders": NaN,
        "Preferred Stock Dividends": 23000000.0,
        "Net Income": NaN,
        "Net Income Including Noncontrolling Interests": NaN,
        "Net Income Discontinuous Operations": 0.0,
        "Net Income Continuous Operations": NaN,
        "Tax Provision": NaN,
        "Pretax Income": NaN,
        "Other Income Expense": NaN,
        "Other Non Operating Income Expenses": NaN,
        "Special Income Charges": NaN,
        "Restructuring And Mergern Acquisition": NaN,
        "Net Non Operating Interest Income Expense": NaN,
        "Interest Expense Non Operating": NaN,
        "Interest Income Non Operating": NaN,
        "Operating Income": NaN,
        "Operating Expense": NaN,
        "Other Operating Expenses": NaN,
        "Research And Development": NaN,
        "Selling General And Administration": NaN,
        "Gross Profit": NaN,
        "Cost Of Revenue": NaN,
        "Total Revenue": NaN,
        "Operating Revenue": NaN
    },
    "2022-09-30": {
        "Tax Effect Of Unusual Items": NaN,
        "Tax Rate For Calcs": NaN,
        "Normalized EBITDA": NaN,
        "Total Unusual Items": NaN,
        "Total Unusual Items Excluding Goodwill": NaN,
        "Net Income From Continuing Operation Net Minority Interest": NaN,
        "Reconciled Depreciation": NaN,
        "Reconciled Cost Of Revenue": NaN,
        "EBITDA": NaN,
        "EBIT": NaN,
        "Net Interest Income": NaN,
        "Interest Expense": NaN,
        "Interest Income": NaN,
        "Normalized Income": NaN,
        "Net Income From Continuing And Discontinued Operation": NaN,
        "Total Expenses": NaN,
        "Total Operating Income As Reported": NaN,
        "Diluted Average Shares": NaN,
        "Basic Average Shares": NaN,
        "Diluted EPS": NaN,
        "Basic EPS": NaN,
        "Diluted NI Availto Com Stockholders": NaN,
        "Net Income Common Stockholders": NaN,
        "Preferred Stock Dividends": 22000000.0,
        "Net Income": NaN,
        "Net Income Including Noncontrolling Interests": NaN,
        "Net Income Discontinuous Operations": 0.0,
        "Net Income Continuous Operations": NaN,
        "Tax Provision": NaN,
        "Pretax Income": NaN,
        "Other Income Expense": NaN,
        "Other Non Operating Income Expenses": NaN,
        "Special Income Charges": NaN,
        "Restructuring And Mergern Acquisition": NaN,
        "Net Non Operating Interest Income Expense": NaN,
        "Interest Expense Non Operating": NaN,
        "Interest Income Non Operating": NaN,
        "Operating Income": NaN,
        "Operating Expense": NaN,
        "Other Operating Expenses": NaN,
        "Research And Development": NaN,
        "Selling General And Administration": NaN,
        "Gross Profit": NaN,
        "Cost Of Revenue": NaN,
        "Total Revenue": NaN,
        "Operating Revenue": NaN
    },
    "2022-06-30": {
        "Tax Effect Of Unusual Items": -4070000.0,
        "Tax Rate For Calcs": 0.074,
        "Normalized EBITDA": 1109000000.0,
        "Total Unusual Items": -55000000.0,
        "Total Unusual Items Excluding Goodwill": -55000000.0,
        "Net Income From Continuing Operation Net Minority Interest": 390000000.0,
        "Reconciled Depreciation": 534000000.0,
        "Reconciled Cost Of Revenue": 2574000000.0,
        "EBITDA": 1054000000.0,
        "EBIT": 520000000.0,
        "Net Interest Income": -94000000.0,
        "Interest Expense": 99000000.0,
        "Interest Income": 5000000.0,
        "Normalized Income": 440930000.0,
        "Net Income From Continuing And Discontinued Operation": 360000000.0,
        "Total Expenses": 4049000000.0,
        "Total Operating Income As Reported": 537000000.0,
        "Diluted Average Shares": 287297000.0,
        "Basic Average Shares": 285441000.0,
        "Diluted EPS": 1.18,
        "Basic EPS": 1.18,
        "Diluted NI Availto Com Stockholders": 338000000.0,
        "Net Income Common Stockholders": 338000000.0,
        "Preferred Stock Dividends": 23000000.0,
        "Net Income": 360000000.0,
        "Net Income Including Noncontrolling Interests": 360000000.0,
        "Net Income Discontinuous Operations": -30000000.0,
        "Net Income Continuous Operations": 390000000.0,
        "Tax Provision": 31000000.0,
        "Pretax Income": 421000000.0,
        "Other Income Expense": -76000000.0,
        "Other Non Operating Income Expenses": -21000000.0,
        "Special Income Charges": -55000000.0,
        "Restructuring And Mergern Acquisition": 55000000.0,
        "Net Non Operating Interest Income Expense": -94000000.0,
        "Interest Expense Non Operating": 99000000.0,
        "Interest Income Non Operating": 5000000.0,
        "Operating Income": 592000000.0,
        "Operating Expense": 1475000000.0,
        "Other Operating Expenses": 11000000.0,
        "Research And Development": 315000000.0,
        "Selling General And Administration": 1149000000.0,
        "Gross Profit": 2067000000.0,
        "Cost Of Revenue": 2574000000.0,
        "Total Revenue": 4641000000.0,
        "Operating Revenue": 4641000000.0
    },
    "2023-06-30": {
        "Tax Effect Of Unusual Items": NaN,
        "Tax Rate For Calcs": NaN,
        "Normalized EBITDA": NaN,
        "Total Unusual Items": NaN,
        "Total Unusual Items Excluding Goodwill": NaN,
        "Net Income From Continuing Operation Net Minority Interest": NaN,
        "Reconciled Depreciation": NaN,
        "Reconciled Cost Of Revenue": NaN,
        "EBITDA": NaN,
        "EBIT": NaN,
        "Net Interest Income": NaN,
        "Interest Expense": NaN,
        "Interest Income": NaN,
        "Normalized Income": NaN,
        "Net Income From Continuing And Discontinued Operation": NaN,
        "Total Expenses": NaN,
        "Total Operating Income As Reported": NaN,
        "Diluted Average Shares": NaN,
        "Basic Average Shares": NaN,
        "Diluted EPS": NaN,
        "Basic EPS": NaN,
        "Diluted NI Availto Com Stockholders": NaN,
        "Net Income Common Stockholders": NaN,
        "Preferred Stock Dividends": 15000000.0,
        "Net Income": NaN,
        "Net Income Including Noncontrolling Interests": NaN,
        "Net Income Discontinuous Operations": 0.0,
        "Net Income Continuous Operations": NaN,
        "Tax Provision": NaN,
        "Pretax Income": NaN,
        "Other Income Expense": NaN,
        "Other Non Operating Income Expenses": NaN,
        "Special Income Charges": NaN,
        "Restructuring And Mergern Acquisition": 70000000.0,
        "Net Non Operating Interest Income Expense": NaN,
        "Interest Expense Non Operating": NaN,
        "Interest Income Non Operating": NaN,
        "Operating Income": NaN,
        "Operating Expense": NaN,
        "Other Operating Expenses": NaN,
        "Research And Development": NaN,
        "Selling General And Administration": NaN,
        "Gross Profit": NaN,
        "Cost Of Revenue": NaN,
        "Total Revenue": NaN,
        "Operating Revenue": NaN
    },
    "2022-03-31": {
        "Diluted EPS": 1.5,
        "Total Revenue": NaN,
        "Gross Profit": NaN,
        "Operating Income": 566,
        "EBIT": NaN,
        "Net Income": 431
    },
    "2021-12-31": {
        "Diluted EPS": 2.28,
        "Total Revenue": NaN,
        "Gross Profit": NaN,
        "Operating Income": 691,
        "EBIT": NaN,
        "Net Income": 655
    },
    "2021-09-30": {
        "Diluted EPS": 0.84,
        "Total Revenue": NaN,
        "Gross Profit": NaN,
        "Operating Income": 84,
        "EBIT": 666,
        "Net Income": 242
    },
    "2021-06-30": {
        "Diluted EPS": 1.72,
        "Total Revenue": NaN,
        "Gross Profit": NaN,
        "Operating Income": 492,
        "EBIT": NaN,
        "Net Income": 502
    },
    "2021-03-31": {
        "Diluted EPS": 0.94,
        "Total Revenue": NaN,
        "Gross Profit": NaN,
        "Operating Income": 433,
        "EBIT": 991,
        "Net Income": 277
    },
    "2020-12-31": {
        "Diluted EPS": 3.35,
        "Total Revenue": NaN,
        "Gross Profit": NaN,
        "Operating Income": NaN,
        "EBIT": NaN,
        "Net Income": 981
    },
    "2020-09-30": {
        "Diluted EPS": 0.34,
        "Total Revenue": NaN,
        "Gross Profit": NaN,
        "Operating Income": -317,
        "EBIT": 197,
        "Net Income": 105
    },
    "2020-06-30": {
        "Diluted EPS": 0.97,
        "Total Revenue": NaN,
        "Gross Profit": NaN,
        "Operating Income": 359,
        "EBIT": 893,
        "Net Income": 277
    },
    "2020-03-31": {
        "Diluted EPS": 0.53,
        "Total Revenue": NaN,
        "Gross Profit": NaN,
        "Operating Income": 369,
        "EBIT": 906,
        "Net Income": 145
    },
    "2019-12-31": {
        "Diluted EPS": 0.87,
        "Total Revenue": NaN,
        "Gross Profit": NaN,
        "Operating Income": 501,
        "EBIT": NaN,
        "Net Income": 240
    },
    "2019-09-30": {
        "Diluted EPS": 0.45,
        "Total Revenue": NaN,
        "Gross Profit": NaN,
        "Operating Income": 112,
        "EBIT": 665,
        "Net Income": 125
    },
    "2019-06-30": {
        "Diluted EPS": 1.51,
        "Total Revenue": NaN,
        "Gross Profit": NaN,
        "Operating Income": 626,
        "EBIT": NaN,
        "Net Income": 413
    },
    "2019-03-31": {
        "Diluted EPS": -0.07,
        "Total Revenue": NaN,
        "Gross Profit": NaN,
        "Operating Income": 136,
        "EBIT": 699,
        "Net Income": -18
    },
    "2018-12-31": {
        "Diluted EPS": 2.05,
        "Total Revenue": NaN,
        "Gross Profit": NaN,
        "Operating Income": 886,
        "EBIT": NaN,
        "Net Income": 562
    },
    "2018-09-30": {
        "Diluted EPS": -0.48,
        "Total Revenue": NaN,
        "Gross Profit": NaN,
        "Operating Income": 576,
        "EBIT": NaN,
        "Net Income": -173
    },
    "2018-06-30": {
        "Diluted EPS": 2.03,
        "Total Revenue": NaN,
        "Gross Profit": NaN,
        "Operating Income": 511,
        "EBIT": NaN,
        "Net Income": 556
    },
    "2018-03-31": {
        "Diluted EPS": -0.19,
        "Total Revenue": NaN,
        "Gross Profit": NaN,
        "Operating Income": 187,
        "EBIT": 740,
        "Net Income": -50
    },
    "2017-12-31": {
        "Diluted EPS": -0.76,
        "Total Revenue": NaN,
        "Gross Profit": NaN,
        "Operating Income": 235,
        "EBIT": 526,
        "Net Income": -174
    },
    "2017-09-30": {
        "Diluted EPS": 1.19,
        "Total Revenue": NaN,
        "Gross Profit": NaN,
        "Operating Income": 491,
        "EBIT": 777,
        "Net Income": 289
    },
    "2017-06-30": {
        "Diluted EPS": -0.75,
        "Total Revenue": NaN,
        "Gross Profit": NaN,
        "Operating Income": -224,
        "EBIT": 55,
        "Net Income": -165
    },
    "2017-03-31": {
        "Diluted EPS": 1.58,
        "Total Revenue": NaN,
        "Gross Profit": NaN,
        "Operating Income": 445,
        "EBIT": 706,
        "Net Income": 344
    },
    "2016-12-31": {
        "Diluted EPS": 2.58,
        "Total Revenue": NaN,
        "Gross Profit": NaN,
        "Operating Income": 810,
        "EBIT": NaN,
        "Net Income": 562
    },
    "2016-09-30": {
        "Diluted EPS": 0.07,
        "Total Revenue": NaN,
        "Gross Profit": NaN,
        "Operating Income": 97,
        "EBIT": 370,
        "Net Income": 19
    },
    "2016-06-30": {
        "Diluted EPS": 1.8,
        "Total Revenue": NaN,
        "Gross Profit": NaN,
        "Operating Income": 516,
        "EBIT": 788,
        "Net Income": 390
    },
    "2016-03-31": {
        "Diluted EPS": 1.56,
        "Total Revenue": NaN,
        "Gross Profit": NaN,
        "Operating Income": 465,
        "EBIT": 745,
        "Net Income": 338
    },
    "2015-12-31": {
        "Diluted EPS": 1.06,
        "Total Revenue": NaN,
        "Gross Profit": NaN,
        "Operating Income": 352,
        "EBIT": 641,
        "Net Income": 229
    },
    "2015-09-30": {
        "Diluted EPS": 0.78,
        "Total Revenue": NaN,
        "Gross Profit": NaN,
        "Operating Income": 295,
        "EBIT": 610,
        "Net Income": 181
    },
    "2015-06-30": {
        "Diluted EPS": 0.29,
        "Total Revenue": NaN,
        "Gross Profit": NaN,
        "Operating Income": 137,
        "EBIT": 436,
        "Net Income": 62
    },
    "2015-03-31": {
        "Diluted EPS": 1.08,
        "Total Revenue": NaN,
        "Gross Profit": NaN,
        "Operating Income": 293,
        "EBIT": 431,
        "Net Income": 216
    },
    "2014-12-31": {
        "Diluted EPS": 1.2,
        "Total Revenue": NaN,
        "Gross Profit": NaN,
        "Operating Income": 349,
        "EBIT": 488,
        "Net Income": 236
    },
    "2014-09-30": {
        "Diluted EPS": 1.52,
        "Total Revenue": NaN,
        "Gross Profit": NaN,
        "Operating Income": 401,
        "EBIT": 550,
        "Net Income": 301
    },
    "2014-06-30": {
        "Diluted EPS": 1.65,
        "Total Revenue": NaN,
        "Gross Profit": NaN,
        "Operating Income": 446,
        "EBIT": 587,
        "Net Income": 326
    },
    "2014-03-31": {
        "Diluted EPS": 1.45,
        "Total Revenue": NaN,
        "Gross Profit": NaN,
        "Operating Income": 381,
        "EBIT": 511,
        "Net Income": 287
    },
    "2013-12-31": {
        "Diluted EPS": 1.37,
        "Total Revenue": NaN,
        "Gross Profit": NaN,
        "Operating Income": 378,
        "EBIT": 520,
        "Net Income": 271
    },
    "2013-09-30": {
        "Diluted EPS": 0.45,
        "Total Revenue": NaN,
        "Gross Profit": NaN,
        "Operating Income": 77,
        "EBIT": 219,
        "Net Income": 90
    },
    "2013-06-30": {
        "Diluted EPS": 1.52,
        "Total Revenue": NaN,
        "Gross Profit": NaN,
        "Operating Income": 405,
        "EBIT": 544,
        "Net Income": 302
    },
    "2013-03-31": {
        "Diluted EPS": 1.39,
        "Total Revenue": NaN,
        "Gross Profit": NaN,
        "Operating Income": 381,
        "EBIT": 517,
        "Net Income": 276
    },
    "2012-12-31": {
        "Diluted EPS": 3.13,
        "Total Revenue": NaN,
        "Gross Profit": NaN,
        "Operating Income": 392,
        "EBIT": 521,
        "Net Income": 625
    },
    "2012-09-30": {
        "Diluted EPS": 1.4,
        "Total Revenue": NaN,
        "Gross Profit": NaN,
        "Operating Income": 389,
        "EBIT": 516,
        "Net Income": 289
    },
    "2012-06-30": {
        "Diluted EPS": 1.59,
        "Total Revenue": NaN,
        "Gross Profit": NaN,
        "Operating Income": 449,
        "EBIT": 572,
        "Net Income": 327
    },
    "2012-03-31": {
        "Diluted EPS": 1.39,
        "Total Revenue": NaN,
        "Gross Profit": 988,
        "Operating Income": 383,
        "EBIT": 511,
        "Net Income": 291
    },
    "2011-12-31": {
        "Diluted EPS": 1.21,
        "Total Revenue": NaN,
        "Gross Profit": 931,
        "Operating Income": 337,
        "EBIT": 470,
        "Net Income": 263
    },
    "2011-09-30": {
        "Diluted EPS": 1.35,
        "Total Revenue": NaN,
        "Gross Profit": 952,
        "Operating Income": 364,
        "EBIT": 494,
        "Net Income": 300
    },
    "2011-06-30": {
        "Diluted EPS": 1.53,
        "Total Revenue": NaN,
        "Gross Profit": NaN,
        "Operating Income": 447,
        "EBIT": 567,
        "Net Income": 343
    },
    "2011-03-31": {
        "Diluted EPS": 1.38,
        "Total Revenue": NaN,
        "Gross Profit": NaN,
        "Operating Income": 440,
        "EBIT": 563,
        "Net Income": 312
    },
    "2010-12-31": {
        "Diluted EPS": 1.36,
        "Total Revenue": NaN,
        "Gross Profit": 977,
        "Operating Income": 413,
        "EBIT": 536,
        "Net Income": 316
    },
    "2010-09-30": {
        "Diluted EPS": 1.66,
        "Total Revenue": NaN,
        "Gross Profit": 839,
        "Operating Income": 316,
        "EBIT": 429,
        "Net Income": 397
    },
    "2010-06-30": {
        "Diluted EPS": 1.29,
        "Total Revenue": NaN,
        "Gross Profit": 947,
        "Operating Income": 423,
        "EBIT": 553,
        "Net Income": 307
    },
    "2010-03-31": {
        "Diluted EPS": 1.24,
        "Total Revenue": NaN,
        "Gross Profit": 935,
        "Operating Income": 414,
        "EBIT": 539,
        "Net Income": 298
    },
    "2009-12-31": {
        "Diluted EPS": 1.3,
        "Total Revenue": NaN,
        "Gross Profit": 974,
        "Operating Income": 430,
        "EBIT": 553,
        "Net Income": 316
    },
    "2009-09-30": {
        "Diluted EPS": 1.28,
        "Total Revenue": NaN,
        "Gross Profit": 898,
        "Operating Income": 379,
        "EBIT": 491,
        "Net Income": 317
    },
    "2009-06-30": {
        "Diluted EPS": 1.39,
        "Total Revenue": NaN,
        "Gross Profit": 960,
        "Operating Income": 432,
        "EBIT": 550,
        "Net Income": 341
    },
    "2009-03-31": {
        "Diluted EPS": 1.06,
        "Total Revenue": NaN,
        "Gross Profit": 896,
        "Operating Income": 361,
        "EBIT": 478,
        "Net Income": 261
    },
    "2023-09-30": {
        "Tax Effect Of Unusual Items": NaN,
        "Tax Rate For Calcs": NaN,
        "Normalized EBITDA": NaN,
        "Total Unusual Items": NaN,
        "Total Unusual Items Excluding Goodwill": NaN,
        "Net Income From Continuing Operation Net Minority Interest": NaN,
        "Reconciled Depreciation": NaN,
        "Reconciled Cost Of Revenue": NaN,
        "EBITDA": NaN,
        "EBIT": NaN,
        "Net Interest Income": NaN,
        "Interest Expense": NaN,
        "Interest Income": NaN,
        "Normalized Income": NaN,
        "Net Income From Continuing And Discontinued Operation": NaN,
        "Total Expenses": NaN,
        "Total Operating Income As Reported": NaN,
        "Diluted Average Shares": NaN,
        "Basic Average Shares": NaN,
        "Diluted EPS": NaN,
        "Basic EPS": NaN,
        "Diluted NI Availto Com Stockholders": NaN,
        "Net Income Common Stockholders": NaN,
        "Preferred Stock Dividends": 0.0,
        "Net Income": NaN,
        "Net Income Including Noncontrolling Interests": NaN,
        "Net Income Discontinuous Operations": -46000000.0,
        "Net Income Continuous Operations": NaN,
        "Tax Provision": NaN,
        "Pretax Income": NaN,
        "Other Income Expense": NaN,
        "Other Non Operating Income Expenses": NaN,
        "Special Income Charges": NaN,
        "Restructuring And Mergern Acquisition": 138000000.0,
        "Net Non Operating Interest Income Expense": NaN,
        "Interest Expense Non Operating": NaN,
        "Interest Income Non Operating": NaN,
        "Operating Income": NaN,
        "Operating Expense": NaN,
        "Other Operating Expenses": NaN,
        "Research And Development": NaN,
        "Selling General And Administration": NaN,
        "Gross Profit": NaN,
        "Cost Of Revenue": NaN,
        "Total Revenue": NaN,
        "Operating Revenue": NaN
    },
    "2023-12-31": {
        "Tax Effect Of Unusual Items": NaN,
        "Tax Rate For Calcs": NaN,
        "Normalized EBITDA": NaN,
        "Total Unusual Items": NaN,
        "Total Unusual Items Excluding Goodwill": NaN,
        "Net Income From Continuing Operation Net Minority Interest": NaN,
        "Reconciled Depreciation": NaN,
        "Reconciled Cost Of Revenue": NaN,
        "EBITDA": NaN,
        "EBIT": NaN,
        "Net Interest Income": NaN,
        "Interest Expense": NaN,
        "Interest Income": NaN,
        "Normalized Income": NaN,
        "Net Income From Continuing And Discontinued Operation": NaN,
        "Total Expenses": NaN,
        "Total Operating Income As Reported": NaN,
        "Diluted Average Shares": NaN,
        "Basic Average Shares": NaN,
        "Diluted EPS": NaN,
        "Basic EPS": NaN,
        "Diluted NI Availto Com Stockholders": NaN,
        "Net Income Common Stockholders": NaN,
        "Net Income": NaN,
        "Net Income Including Noncontrolling Interests": NaN,
        "Net Income Continuous Operations": NaN,
        "Tax Provision": NaN,
        "Pretax Income": NaN,
        "Other Income Expense": NaN,
        "Other Non Operating Income Expenses": NaN,
        "Special Income Charges": NaN,
        "Restructuring And Mergern Acquisition": 75000000.0,
        "Net Non Operating Interest Income Expense": NaN,
        "Interest Expense Non Operating": NaN,
        "Interest Income Non Operating": NaN,
        "Operating Income": NaN,
        "Operating Expense": NaN,
        "Other Operating Expenses": NaN,
        "Research And Development": NaN,
        "Selling General And Administration": NaN,
        "Gross Profit": NaN,
        "Cost Of Revenue": NaN,
        "Total Revenue": NaN,
        "Operating Revenue": NaN
    },
    "2024-03-31": {
        "Tax Effect Of Unusual Items": NaN,
        "Tax Rate For Calcs": NaN,
        "Normalized EBITDA": NaN,
        "Total Unusual Items": NaN,
        "Total Unusual Items Excluding Goodwill": NaN,
        "Net Income From Continuing Operation Net Minority Interest": NaN,
        "Reconciled Depreciation": NaN,
        "Reconciled Cost Of Revenue": NaN,
        "EBITDA": NaN,
        "EBIT": NaN,
        "Net Interest Income": NaN,
        "Interest Expense": NaN,
        "Interest Income": NaN,
        "Normalized Income": NaN,
        "Net Income From Continuing And Discontinued Operation": NaN,
        "Total Expenses": NaN,
        "Total Operating Income As Reported": NaN,
        "Diluted Average Shares": NaN,
        "Basic Average Shares": NaN,
        "Diluted EPS": NaN,
        "Basic EPS": NaN,
        "Diluted NI Availto Com Stockholders": NaN,
        "Net Income Common Stockholders": NaN,
        "Net Income": NaN,
        "Net Income Including Noncontrolling Interests": NaN,
        "Net Income Continuous Operations": NaN,
        "Tax Provision": NaN,
        "Pretax Income": NaN,
        "Other Income Expense": NaN,
        "Other Non Operating Income Expenses": NaN,
        "Special Income Charges": NaN,
        "Restructuring And Mergern Acquisition": 101000000.0,
        "Net Non Operating Interest Income Expense": NaN,
        "Interest Expense Non Operating": NaN,
        "Interest Income Non Operating": NaN,
        "Operating Income": NaN,
        "Operating Expense": NaN,
        "Other Operating Expenses": NaN,
        "Research And Development": NaN,
        "Selling General And Administration": NaN,
        "Gross Profit": NaN,
        "Cost Of Revenue": NaN,
        "Total Revenue": NaN,
        "Operating Revenue": NaN
    },
    "2024-06-30": {
        "Tax Effect Of Unusual Items": NaN,
        "Tax Rate For Calcs": NaN,
        "Normalized EBITDA": NaN,
        "Total Unusual Items": NaN,
        "Total Unusual Items Excluding Goodwill": NaN,
        "Net Income From Continuing Operation Net Minority Interest": NaN,
        "Reconciled Depreciation": NaN,
        "Reconciled Cost Of Revenue": NaN,
        "EBITDA": NaN,
        "EBIT": NaN,
        "Net Interest Income": NaN,
        "Interest Expense": NaN,
        "Interest Income": NaN,
        "Normalized Income": NaN,
        "Net Income From Continuing And Discontinued Operation": NaN,
        "Total Expenses": NaN,
        "Total Operating Income As Reported": NaN,
        "Diluted Average Shares": 290253000.0,
        "Basic Average Shares": 289562000.0,
        "Diluted EPS": 1.68,
        "Basic EPS": 1.68,
        "Diluted NI Availto Com Stockholders": NaN,
        "Net Income Common Stockholders": NaN,
        "Net Income": NaN,
        "Net Income Including Noncontrolling Interests": NaN,
        "Net Income Continuous Operations": NaN,
        "Tax Provision": NaN,
        "Pretax Income": NaN,
        "Other Income Expense": NaN,
        "Other Non Operating Income Expenses": NaN,
        "Special Income Charges": NaN,
        "Restructuring And Mergern Acquisition": 112000000.0,
        "Net Non Operating Interest Income Expense": NaN,
        "Interest Expense Non Operating": NaN,
        "Interest Income Non Operating": NaN,
        "Operating Income": NaN,
        "Operating Expense": NaN,
        "Other Operating Expenses": NaN,
        "Research And Development": NaN,
        "Selling General And Administration": NaN,
        "Gross Profit": NaN,
        "Cost Of Revenue": NaN,
        "Total Revenue": NaN,
        "Operating Revenue": NaN
    },
    "2024-09-30": {
        "Tax Effect Of Unusual Items": -47019455.252918,
        "Tax Rate For Calcs": 0.22179,
        "Normalized EBITDA": 1467000000.0,
        "Total Unusual Items": -212000000.0,
        "Total Unusual Items Excluding Goodwill": -212000000.0,
        "Net Income From Continuing Operation Net Minority Interest": 400000000.0,
        "Reconciled Depreciation": 586000000.0,
        "Reconciled Cost Of Revenue": 2950000000.0,
        "EBITDA": 1255000000.0,
        "EBIT": 669000000.0,
        "Net Interest Income": -100000000.0,
        "Interest Expense": 155000000.0,
        "Interest Income": 55000000.0,
        "Normalized Income": 564980544.747082,
        "Net Income From Continuing And Discontinued Operation": 400000000.0,
        "Total Expenses": 4644000000.0,
        "Total Operating Income As Reported": 622000000.0,
        "Diluted Average Shares": 290602000.0,
        "Basic Average Shares": 289607000.0,
        "Diluted EPS": 1.45,
        "Basic EPS": 1.45,
        "Diluted NI Availto Com Stockholders": 400000000.0,
        "Net Income Common Stockholders": 400000000.0,
        "Net Income": 400000000.0,
        "Net Income Including Noncontrolling Interests": 400000000.0,
        "Net Income Continuous Operations": 400000000.0,
        "Tax Provision": 114000000.0,
        "Pretax Income": 514000000.0,
        "Other Income Expense": -179000000.0,
        "Other Non Operating Income Expenses": 33000000.0,
        "Special Income Charges": -170000000.0,
        "Restructuring And Mergern Acquisition": NaN,
        "Net Non Operating Interest Income Expense": -100000000.0,
        "Interest Expense Non Operating": 155000000.0,
        "Interest Income Non Operating": 55000000.0,
        "Operating Income": 793000000.0,
        "Operating Expense": 1694000000.0,
        "Other Operating Expenses": 136000000.0,
        "Research And Development": 302000000.0,
        "Selling General And Administration": 1256000000.0,
        "Gross Profit": 2487000000.0,
        "Cost Of Revenue": 2950000000.0,
        "Total Revenue": 5437000000.0,
        "Operating Revenue": 5437000000.0
    },
    "2024-12-31": {
        "Tax Effect Of Unusual Items": -828000.0,
        "Tax Rate For Calcs": 0.009,
        "Normalized EBITDA": 1160000000.0,
        "Total Unusual Items": -92000000.0,
        "Total Unusual Items Excluding Goodwill": -92000000.0,
        "Net Income From Continuing Operation Net Minority Interest": 303000000.0,
        "Reconciled Depreciation": 607000000.0,
        "Reconciled Cost Of Revenue": 2933000000.0,
        "EBITDA": 1068000000.0,
        "EBIT": 461000000.0,
        "Net Interest Income": -132000000.0,
        "Interest Expense": 155000000.0,
        "Interest Income": 23000000.0,
        "Normalized Income": 394172000.0,
        "Net Income From Continuing And Discontinued Operation": 303000000.0,
        "Total Expenses": 4622000000.0,
        "Total Operating Income As Reported": 453000000.0,
        "Diluted Average Shares": 290389000.0,
        "Basic Average Shares": 289505000.0,
        "Diluted EPS": 1.04,
        "Basic EPS": 1.05,
        "Diluted NI Availto Com Stockholders": 303000000.0,
        "Net Income Common Stockholders": 303000000.0,
        "Net Income": 303000000.0,
        "Net Income Including Noncontrolling Interests": 303000000.0,
        "Net Income Continuous Operations": 303000000.0,
        "Tax Provision": 3000000.0,
        "Pretax Income": 306000000.0,
        "Other Income Expense": -108000000.0,
        "Other Non Operating Income Expenses": -16000000.0,
        "Special Income Charges": -92000000.0,
        "Restructuring And Mergern Acquisition": NaN,
        "Net Non Operating Interest Income Expense": -132000000.0,
        "Interest Expense Non Operating": 155000000.0,
        "Interest Income Non Operating": 23000000.0,
        "Operating Income": 546000000.0,
        "Operating Expense": 1689000000.0,
        "Other Operating Expenses": 28000000.0,
        "Research And Development": 343000000.0,
        "Selling General And Administration": 1318000000.0,
        "Gross Profit": 2235000000.0,
        "Cost Of Revenue": 2933000000.0,
        "Total Revenue": 5168000000.0,
        "Operating Revenue": 5168000000.0
    },
    "2025-03-31": {
        "Tax Effect Of Unusual Items": -13680000.0,
        "Tax Rate For Calcs": 0.152,
        "Normalized EBITDA": 1212000000.0,
        "Total Unusual Items": -90000000.0,
        "Total Unusual Items Excluding Goodwill": -90000000.0,
        "Net Income From Continuing Operation Net Minority Interest": 308000000.0,
        "Reconciled Depreciation": 608000000.0,
        "Reconciled Cost Of Revenue": 3015000000.0,
        "EBITDA": 1122000000.0,
        "EBIT": 514000000.0,
        "Net Interest Income": -146000000.0,
        "Interest Expense": 151000000.0,
        "Interest Income": 5000000.0,
        "Normalized Income": 384320000.0,
        "Net Income From Continuing And Discontinued Operation": 308000000.0,
        "Total Expenses": 4635000000.0,
        "Total Operating Income As Reported": 546000000.0,
        "Diluted Average Shares": 287737000.0,
        "Basic Average Shares": 287293000.0,
        "Diluted EPS": 1.07,
        "Basic EPS": 1.07,
        "Diluted NI Availto Com Stockholders": 308000000.0,
        "Net Income Common Stockholders": 308000000.0,
        "Net Income": 308000000.0,
        "Net Income Including Noncontrolling Interests": 308000000.0,
        "Net Income Continuous Operations": 308000000.0,
        "Tax Provision": 55000000.0,
        "Pretax Income": 363000000.0,
        "Other Income Expense": -128000000.0,
        "Other Non Operating Income Expenses": -38000000.0,
        "Special Income Charges": -90000000.0,
        "Restructuring And Mergern Acquisition": 90000000.0,
        "Net Non Operating Interest Income Expense": -146000000.0,
        "Interest Expense Non Operating": 151000000.0,
        "Interest Income Non Operating": 5000000.0,
        "Operating Income": 637000000.0,
        "Operating Expense": 1620000000.0,
        "Other Operating Expenses": 45000000.0,
        "Research And Development": 302000000.0,
        "Selling General And Administration": 1273000000.0,
        "Gross Profit": 2257000000.0,
        "Cost Of Revenue": 3015000000.0,
        "Total Revenue": 5272000000.0,
        "Operating Revenue": 5272000000.0
    },
    "2025-06-30": {
        "Tax Effect Of Unusual Items": -17751000.0,
        "Tax Rate For Calcs": 0.183,
        "Normalized EBITDA": 1570000000.0,
        "Total Unusual Items": -97000000.0,
        "Total Unusual Items Excluding Goodwill": -97000000.0,
        "Net Income From Continuing Operation Net Minority Interest": 574000000.0,
        "Reconciled Depreciation": 618000000.0,
        "Reconciled Cost Of Revenue": 2875000000.0,
        "EBITDA": 1473000000.0,
        "EBIT": 855000000.0,
        "Net Interest Income": -147000000.0,
        "Interest Expense": 152000000.0,
        "Interest Income": 5000000.0,
        "Normalized Income": 653249000.0,
        "Net Income From Continuing And Discontinued Operation": 574000000.0,
        "Total Expenses": 4530000000.0,
        "Total Operating Income As Reported": 882000000.0,
        "Diluted Average Shares": 287223000.0,
        "Basic Average Shares": 287170000.0,
        "Diluted EPS": 2.0,
        "Basic EPS": 2.0,
        "Diluted NI Availto Com Stockholders": 574000000.0,
        "Net Income Common Stockholders": 574000000.0,
        "Net Income": 574000000.0,
        "Net Income Including Noncontrolling Interests": 574000000.0,
        "Net Income Continuous Operations": 574000000.0,
        "Tax Provision": 129000000.0,
        "Pretax Income": 703000000.0,
        "Other Income Expense": -130000000.0,
        "Other Non Operating Income Expenses": -33000000.0,
        "Special Income Charges": -97000000.0,
        "Restructuring And Mergern Acquisition": 97000000.0,
        "Net Non Operating Interest Income Expense": -147000000.0,
        "Interest Expense Non Operating": 152000000.0,
        "Interest Income Non Operating": 5000000.0,
        "Operating Income": 979000000.0,
        "Operating Expense": 1655000000.0,
        "Other Operating Expenses": 38000000.0,
        "Research And Development": 297000000.0,
        "Selling General And Administration": 1320000000.0,
        "Gross Profit": 2634000000.0,
        "Cost Of Revenue": 2875000000.0,
        "Total Revenue": 5509000000.0,
        "Operating Revenue": 5509000000.0
    },
    "2025-09-30": {
        "Tax Effect Of Unusual Items": -6033333.333333,
        "Tax Rate For Calcs": 0.033333,
        "Normalized EBITDA": 1475000000.0,
        "Total Unusual Items": -181000000.0,
        "Total Unusual Items Excluding Goodwill": -181000000.0,
        "Net Income From Continuing Operation Net Minority Interest": 493000000.0,
        "Reconciled Depreciation": 629000000.0,
        "Reconciled Cost Of Revenue": 3092000000.0,
        "EBITDA": 1294000000.0,
        "EBIT": 665000000.0,
        "Net Interest Income": -150000000.0,
        "Interest Expense": 155000000.0,
        "Interest Income": 5000000.0,
        "Normalized Income": 667966666.666667,
        "Net Income From Continuing And Discontinued Operation": 493000000.0,
        "Total Expenses": 5065000000.0,
        "Total Operating Income As Reported": 697000000.0,
        "Diluted Average Shares": NaN,
        "Basic Average Shares": NaN,
        "Diluted EPS": NaN,
        "Basic EPS": NaN,
        "Diluted NI Availto Com Stockholders": 493000000.0,
        "Net Income Common Stockholders": 493000000.0,
        "Net Income": 493000000.0,
        "Net Income Including Noncontrolling Interests": 493000000.0,
        "Net Income Continuous Operations": 493000000.0,
        "Tax Provision": 17000000.0,
        "Pretax Income": 510000000.0,
        "Other Income Expense": -166000000.0,
        "Other Non Operating Income Expenses": 15000000.0,
        "Special Income Charges": -129000000.0,
        "Restructuring And Mergern Acquisition": 129000000.0,
        "Net Non Operating Interest Income Expense": -150000000.0,
        "Interest Expense Non Operating": 155000000.0,
        "Interest Income Non Operating": 5000000.0,
        "Operating Income": 826000000.0,
        "Operating Expense": 1973000000.0,
        "Other Operating Expenses": 285000000.0,
        "Research And Development": 322000000.0,
        "Selling General And Administration": 1366000000.0,
        "Gross Profit": 2799000000.0,
        "Cost Of Revenue": 3092000000.0,
        "Total Revenue": 5891000000.0,
        "Operating Revenue": 5891000000.0
    }
}