{
    "2023-03-31": {
        "Tax Effect Of Unusual Items": 24570.0,
        "Tax Rate For Calcs": 0.21,
        "Normalized EBITDA": -44879000.0,
        "Total Unusual Items": 117000.0,
        "Total Unusual Items Excluding Goodwill": 117000.0,
        "Net Income From Continuing Operation Net Minority Interest": -71567000.0,
        "Reconciled Depreciation": 18150000.0,
        "Reconciled Cost Of Revenue": 220924000.0,
        "EBITDA": -44762000.0,
        "EBIT": -62912000.0,
        "Net Interest Income": -9751000.0,
        "Interest Expense": 11746000.0,
        "Interest Income": 1995000.0,
        "Normalized Income": -71659430.0,
        "Net Income From Continuing And Discontinued Operation": -71567000.0,
        "Total Expenses": 338872000.0,
        "Total Operating Income As Reported": -63681000.0,
        "Diluted Average Shares": 206724000.0,
        "Basic Average Shares": 206724000.0,
        "Diluted EPS": -0.35,
        "Basic EPS": -0.35,
        "Diluted NI Availto Com Stockholders": -71567000.0,
        "Net Income Common Stockholders": -71567000.0,
        "Net Income": -71567000.0,
        "Minority Interests": 3350000.0,
        "Net Income Including Noncontrolling Interests": -74917000.0,
        "Net Income Continuous Operations": -74917000.0,
        "Tax Provision": 259000.0,
        "Pretax Income": -74658000.0,
        "Other Income Expense": -1226000.0,
        "Other Non Operating Income Expenses": -1343000.0,
        "Special Income Charges": NaN,
        "Other Special Charges": NaN,
        "Gain On Sale Of Security": 117000.0,
        "Net Non Operating Interest Income Expense": -9751000.0,
        "Interest Expense Non Operating": 11746000.0,
        "Interest Income Non Operating": 1995000.0,
        "Operating Income": -63681000.0,
        "Operating Expense": 117948000.0,
        "Research And Development": 45690000.0,
        "Selling General And Administration": 72258000.0,
        "Selling And Marketing Expense": 27111000.0,
        "General And Administrative Expense": 45147000.0,
        "Other Gand A": 45147000.0,
        "Gross Profit": 54267000.0,
        "Cost Of Revenue": 220924000.0,
        "Total Revenue": 275191000.0,
        "Operating Revenue": 275191000.0
    },
    "2022-12-31": {
        "Tax Effect Of Unusual Items": NaN,
        "Tax Rate For Calcs": NaN,
        "Normalized EBITDA": NaN,
        "Total Unusual Items": NaN,
        "Total Unusual Items Excluding Goodwill": NaN,
        "Net Income From Continuing Operation Net Minority Interest": NaN,
        "Reconciled Depreciation": NaN,
        "Reconciled Cost Of Revenue": NaN,
        "EBITDA": NaN,
        "EBIT": NaN,
        "Net Interest Income": NaN,
        "Interest Expense": NaN,
        "Interest Income": NaN,
        "Normalized Income": NaN,
        "Net Income From Continuing And Discontinued Operation": NaN,
        "Total Expenses": NaN,
        "Total Operating Income As Reported": NaN,
        "Diluted Average Shares": NaN,
        "Basic Average Shares": NaN,
        "Diluted EPS": NaN,
        "Basic EPS": NaN,
        "Diluted NI Availto Com Stockholders": NaN,
        "Net Income Common Stockholders": NaN,
        "Net Income": NaN,
        "Minority Interests": NaN,
        "Net Income Including Noncontrolling Interests": NaN,
        "Net Income Continuous Operations": NaN,
        "Tax Provision": NaN,
        "Pretax Income": NaN,
        "Other Income Expense": NaN,
        "Other Non Operating Income Expenses": NaN,
        "Special Income Charges": -4722000.0,
        "Other Special Charges": 4722000.0,
        "Gain On Sale Of Security": NaN,
        "Net Non Operating Interest Income Expense": NaN,
        "Interest Expense Non Operating": NaN,
        "Interest Income Non Operating": NaN,
        "Operating Income": NaN,
        "Operating Expense": NaN,
        "Research And Development": NaN,
        "Selling General And Administration": NaN,
        "Selling And Marketing Expense": NaN,
        "General And Administrative Expense": NaN,
        "Other Gand A": NaN,
        "Gross Profit": NaN,
        "Cost Of Revenue": NaN,
        "Total Revenue": NaN,
        "Operating Revenue": NaN
    },
    "2022-09-30": {
        "Tax Effect Of Unusual Items": NaN,
        "Tax Rate For Calcs": NaN,
        "Normalized EBITDA": NaN,
        "Total Unusual Items": NaN,
        "Total Unusual Items Excluding Goodwill": NaN,
        "Net Income From Continuing Operation Net Minority Interest": NaN,
        "Reconciled Depreciation": NaN,
        "Reconciled Cost Of Revenue": NaN,
        "EBITDA": NaN,
        "EBIT": NaN,
        "Net Interest Income": NaN,
        "Interest Expense": NaN,
        "Interest Income": NaN,
        "Normalized Income": NaN,
        "Net Income From Continuing And Discontinued Operation": NaN,
        "Total Expenses": NaN,
        "Total Operating Income As Reported": NaN,
        "Diluted Average Shares": NaN,
        "Basic Average Shares": NaN,
        "Diluted EPS": NaN,
        "Basic EPS": NaN,
        "Diluted NI Availto Com Stockholders": NaN,
        "Net Income Common Stockholders": NaN,
        "Net Income": NaN,
        "Minority Interests": NaN,
        "Net Income Including Noncontrolling Interests": NaN,
        "Net Income Continuous Operations": NaN,
        "Tax Provision": NaN,
        "Pretax Income": NaN,
        "Other Income Expense": NaN,
        "Other Non Operating Income Expenses": NaN,
        "Special Income Charges": 0.0,
        "Other Special Charges": NaN,
        "Gain On Sale Of Security": NaN,
        "Net Non Operating Interest Income Expense": NaN,
        "Interest Expense Non Operating": NaN,
        "Interest Income Non Operating": NaN,
        "Operating Income": NaN,
        "Operating Expense": NaN,
        "Research And Development": NaN,
        "Selling General And Administration": NaN,
        "Selling And Marketing Expense": NaN,
        "General And Administrative Expense": NaN,
        "Other Gand A": NaN,
        "Gross Profit": NaN,
        "Cost Of Revenue": NaN,
        "Total Revenue": NaN,
        "Operating Revenue": NaN
    },
    "2022-06-30": {
        "Tax Effect Of Unusual Items": -419.5,
        "Tax Rate For Calcs": 0.0001,
        "Normalized EBITDA": -86855000.0,
        "Total Unusual Items": -4195000.0,
        "Total Unusual Items Excluding Goodwill": -4195000.0,
        "Net Income From Continuing Operation Net Minority Interest": -118800000.0,
        "Reconciled Depreciation": 16313000.0,
        "Reconciled Cost Of Revenue": 245206000.0,
        "EBITDA": -91050000.0,
        "EBIT": -107363000.0,
        "Net Interest Income": -13618000.0,
        "Interest Expense": 13814000.0,
        "Interest Income": 196000.0,
        "Normalized Income": -114605419.5,
        "Net Income From Continuing And Discontinued Operation": -118800000.0,
        "Total Expenses": 345409000.0,
        "Total Operating Income As Reported": -102173000.0,
        "Diluted Average Shares": 178507000.0,
        "Basic Average Shares": 178507000.0,
        "Diluted EPS": -0.67,
        "Basic EPS": -0.67,
        "Diluted NI Availto Com Stockholders": -118800000.0,
        "Net Income Common Stockholders": -118800000.0,
        "Net Income": -118800000.0,
        "Minority Interests": 2365000.0,
        "Net Income Including Noncontrolling Interests": -121165000.0,
        "Net Income Continuous Operations": -121165000.0,
        "Tax Provision": -12000.0,
        "Pretax Income": -121177000.0,
        "Other Income Expense": -5386000.0,
        "Other Non Operating Income Expenses": -1191000.0,
        "Special Income Charges": -4233000.0,
        "Other Special Charges": 4233000.0,
        "Gain On Sale Of Security": 38000.0,
        "Net Non Operating Interest Income Expense": -13618000.0,
        "Interest Expense Non Operating": 13814000.0,
        "Interest Income Non Operating": 196000.0,
        "Operating Income": -102173000.0,
        "Operating Expense": 100203000.0,
        "Research And Development": 41614000.0,
        "Selling General And Administration": 58589000.0,
        "Selling And Marketing Expense": 20475000.0,
        "General And Administrative Expense": 38114000.0,
        "Other Gand A": 38114000.0,
        "Gross Profit": -1970000.0,
        "Cost Of Revenue": 245206000.0,
        "Total Revenue": 243236000.0,
        "Operating Revenue": 243236000.0
    },
    "2023-06-30": {
        "Tax Effect Of Unusual Items": NaN,
        "Tax Rate For Calcs": NaN,
        "Normalized EBITDA": NaN,
        "Total Unusual Items": NaN,
        "Total Unusual Items Excluding Goodwill": NaN,
        "Net Income From Continuing Operation Net Minority Interest": NaN,
        "Reconciled Depreciation": NaN,
        "Reconciled Cost Of Revenue": NaN,
        "EBITDA": NaN,
        "EBIT": NaN,
        "Net Interest Income": NaN,
        "Interest Expense": NaN,
        "Interest Income": NaN,
        "Normalized Income": NaN,
        "Net Income From Continuing And Discontinued Operation": NaN,
        "Total Expenses": NaN,
        "Total Operating Income As Reported": NaN,
        "Diluted Average Shares": NaN,
        "Basic Average Shares": NaN,
        "Diluted EPS": NaN,
        "Basic EPS": NaN,
        "Diluted NI Availto Com Stockholders": NaN,
        "Net Income Common Stockholders": NaN,
        "Net Income": NaN,
        "Minority Interests": NaN,
        "Net Income Including Noncontrolling Interests": NaN,
        "Net Income Continuous Operations": NaN,
        "Tax Provision": NaN,
        "Pretax Income": NaN,
        "Other Income Expense": NaN,
        "Other Non Operating Income Expenses": NaN,
        "Special Income Charges": NaN,
        "Other Special Charges": 2873000.0,
        "Gain On Sale Of Security": NaN,
        "Net Non Operating Interest Income Expense": NaN,
        "Interest Expense Non Operating": NaN,
        "Interest Income Non Operating": NaN,
        "Operating Income": NaN,
        "Operating Expense": NaN,
        "Research And Development": NaN,
        "Selling General And Administration": NaN,
        "Selling And Marketing Expense": NaN,
        "General And Administrative Expense": NaN,
        "Other Gand A": NaN,
        "Gross Profit": NaN,
        "Cost Of Revenue": NaN,
        "Total Revenue": NaN,
        "Operating Revenue": NaN
    },
    "2023-09-30": {
        "Tax Effect Of Unusual Items": NaN,
        "Tax Rate For Calcs": NaN,
        "Normalized EBITDA": NaN,
        "Total Unusual Items": NaN,
        "Total Unusual Items Excluding Goodwill": NaN,
        "Net Income From Continuing Operation Net Minority Interest": NaN,
        "Reconciled Depreciation": NaN,
        "Reconciled Cost Of Revenue": NaN,
        "EBITDA": NaN,
        "EBIT": NaN,
        "Net Interest Income": NaN,
        "Interest Expense": NaN,
        "Interest Income": NaN,
        "Normalized Income": NaN,
        "Net Income From Continuing And Discontinued Operation": NaN,
        "Total Expenses": NaN,
        "Total Operating Income As Reported": NaN,
        "Diluted Average Shares": NaN,
        "Basic Average Shares": NaN,
        "Diluted EPS": NaN,
        "Basic EPS": NaN,
        "Diluted NI Availto Com Stockholders": NaN,
        "Net Income Common Stockholders": NaN,
        "Net Income": NaN,
        "Minority Interests": NaN,
        "Net Income Including Noncontrolling Interests": NaN,
        "Net Income Continuous Operations": NaN,
        "Tax Provision": NaN,
        "Pretax Income": NaN,
        "Other Income Expense": NaN,
        "Other Non Operating Income Expenses": NaN,
        "Special Income Charges": -1415000.0,
        "Other Special Charges": 1415000.0,
        "Gain On Sale Of Security": NaN,
        "Net Non Operating Interest Income Expense": NaN,
        "Interest Expense Non Operating": NaN,
        "Interest Income Non Operating": NaN,
        "Operating Income": NaN,
        "Operating Expense": NaN,
        "Research And Development": NaN,
        "Selling General And Administration": NaN,
        "Selling And Marketing Expense": NaN,
        "General And Administrative Expense": NaN,
        "Other Gand A": NaN,
        "Gross Profit": NaN,
        "Cost Of Revenue": NaN,
        "Total Revenue": NaN,
        "Operating Revenue": NaN
    },
    "2023-12-31": {
        "Tax Effect Of Unusual Items": NaN,
        "Tax Rate For Calcs": NaN,
        "Normalized EBITDA": NaN,
        "Total Unusual Items": NaN,
        "Total Unusual Items Excluding Goodwill": NaN,
        "Net Income From Continuing Operation Net Minority Interest": NaN,
        "Reconciled Depreciation": NaN,
        "Reconciled Cost Of Revenue": NaN,
        "EBITDA": NaN,
        "EBIT": NaN,
        "Net Interest Income": NaN,
        "Interest Expense": NaN,
        "Interest Income": NaN,
        "Normalized Income": NaN,
        "Net Income From Continuing And Discontinued Operation": NaN,
        "Total Expenses": NaN,
        "Total Operating Income As Reported": NaN,
        "Diluted Average Shares": NaN,
        "Basic Average Shares": NaN,
        "Diluted EPS": NaN,
        "Basic EPS": NaN,
        "Diluted NI Availto Com Stockholders": NaN,
        "Net Income Common Stockholders": NaN,
        "Net Income": NaN,
        "Minority Interests": NaN,
        "Net Income Including Noncontrolling Interests": NaN,
        "Net Income Continuous Operations": NaN,
        "Tax Provision": NaN,
        "Pretax Income": NaN,
        "Other Income Expense": NaN,
        "Other Non Operating Income Expenses": NaN,
        "Special Income Charges": 0.0,
        "Other Special Charges": 0.0,
        "Gain On Sale Of Security": NaN,
        "Net Non Operating Interest Income Expense": NaN,
        "Interest Expense Non Operating": NaN,
        "Interest Income Non Operating": NaN,
        "Operating Income": NaN,
        "Operating Expense": NaN,
        "Research And Development": NaN,
        "Selling General And Administration": NaN,
        "Selling And Marketing Expense": NaN,
        "General And Administrative Expense": NaN,
        "Other Gand A": NaN,
        "Gross Profit": NaN,
        "Cost Of Revenue": NaN,
        "Total Revenue": NaN,
        "Operating Revenue": NaN
    },
    "2024-03-31": {
        "Tax Effect Of Unusual Items": 1387.665662,
        "Tax Rate For Calcs": 0.008783,
        "Normalized EBITDA": -30138000.0,
        "Total Unusual Items": 158000.0,
        "Total Unusual Items Excluding Goodwill": 158000.0,
        "Net Income From Continuing Operation Net Minority Interest": -57524000.0,
        "Reconciled Depreciation": 12518000.0,
        "Reconciled Cost Of Revenue": 197222000.0,
        "EBITDA": -29980000.0,
        "EBIT": -42498000.0,
        "Net Interest Income": -7015000.0,
        "Interest Expense": 14546000.0,
        "Interest Income": 7531000.0,
        "Normalized Income": -57680612.334338,
        "Net Income From Continuing And Discontinued Operation": -57524000.0,
        "Total Expenses": 284315000.0,
        "Total Operating Income As Reported": -49017000.0,
        "Diluted Average Shares": 225587000.0,
        "Basic Average Shares": 225587000.0,
        "Diluted EPS": -0.25,
        "Basic EPS": -0.25,
        "Diluted NI Availto Com Stockholders": -57524000.0,
        "Net Income Common Stockholders": -57524000.0,
        "Net Income": -57524000.0,
        "Minority Interests": -981000.0,
        "Net Income Including Noncontrolling Interests": -56543000.0,
        "Net Income Continuous Operations": -56543000.0,
        "Tax Provision": -501000.0,
        "Pretax Income": -57044000.0,
        "Other Income Expense": -1012000.0,
        "Other Non Operating Income Expenses": -1170000.0,
        "Special Income Charges": NaN,
        "Other Special Charges": NaN,
        "Gain On Sale Of Security": 158000.0,
        "Net Non Operating Interest Income Expense": -7015000.0,
        "Interest Expense Non Operating": 14546000.0,
        "Interest Income Non Operating": 7531000.0,
        "Operating Income": -49017000.0,
        "Operating Expense": 87093000.0,
        "Research And Development": 35485000.0,
        "Selling General And Administration": 51608000.0,
        "Selling And Marketing Expense": 13599000.0,
        "General And Administrative Expense": 38009000.0,
        "Other Gand A": 38009000.0,
        "Gross Profit": 38076000.0,
        "Cost Of Revenue": 197222000.0,
        "Total Revenue": 235298000.0,
        "Operating Revenue": 235298000.0
    },
    "2024-06-30": {
        "Tax Effect Of Unusual Items": -5726700.0,
        "Tax Rate For Calcs": 0.21,
        "Normalized EBITDA": -4276000.0,
        "Total Unusual Items": -27270000.0,
        "Total Unusual Items Excluding Goodwill": -27270000.0,
        "Net Income From Continuing Operation Net Minority Interest": -61787000.0,
        "Reconciled Depreciation": 13407000.0,
        "Reconciled Cost Of Revenue": 267245000.0,
        "EBITDA": -31546000.0,
        "EBIT": -44953000.0,
        "Net Interest Income": -8946000.0,
        "Interest Expense": 15376000.0,
        "Interest Income": 6430000.0,
        "Normalized Income": -40243700.0,
        "Net Income From Continuing And Discontinued Operation": -61787000.0,
        "Total Expenses": 358895000.0,
        "Total Operating Income As Reported": -23128000.0,
        "Diluted Average Shares": 227167000.0,
        "Basic Average Shares": 227167000.0,
        "Diluted EPS": -0.27,
        "Basic EPS": -0.27,
        "Diluted NI Availto Com Stockholders": -61787000.0,
        "Net Income Common Stockholders": -61787000.0,
        "Net Income": -61787000.0,
        "Minority Interests": -602000.0,
        "Net Income Including Noncontrolling Interests": -61185000.0,
        "Net Income Continuous Operations": -61185000.0,
        "Tax Provision": 856000.0,
        "Pretax Income": -60329000.0,
        "Other Income Expense": -28255000.0,
        "Other Non Operating Income Expenses": -985000.0,
        "Special Income Charges": -27182000.0,
        "Other Special Charges": 27182000.0,
        "Gain On Sale Of Security": -88000.0,
        "Net Non Operating Interest Income Expense": -8946000.0,
        "Interest Expense Non Operating": 15376000.0,
        "Interest Income Non Operating": 6430000.0,
        "Operating Income": -23128000.0,
        "Operating Expense": 91650000.0,
        "Research And Development": 37364000.0,
        "Selling General And Administration": 54286000.0,
        "Selling And Marketing Expense": 17901000.0,
        "General And Administrative Expense": 36385000.0,
        "Other Gand A": 36385000.0,
        "Gross Profit": 68522000.0,
        "Cost Of Revenue": 267245000.0,
        "Total Revenue": 335767000.0,
        "Operating Revenue": 335767000.0
    },
    "2024-09-30": {
        "Tax Effect Of Unusual Items": -81060.0,
        "Tax Rate For Calcs": 0.21,
        "Normalized EBITDA": 15866000.0,
        "Total Unusual Items": -386000.0,
        "Total Unusual Items Excluding Goodwill": -386000.0,
        "Net Income From Continuing Operation Net Minority Interest": -14711000.0,
        "Reconciled Depreciation": 13240000.0,
        "Reconciled Cost Of Revenue": 251665000.0,
        "EBITDA": 15480000.0,
        "EBIT": 2240000.0,
        "Net Interest Income": -10307000.0,
        "Interest Expense": 16763000.0,
        "Interest Income": 6456000.0,
        "Normalized Income": -14406060.0,
        "Net Income From Continuing And Discontinued Operation": -14711000.0,
        "Total Expenses": 340050000.0,
        "Total Operating Income As Reported": -9651000.0,
        "Diluted Average Shares": 227957000.0,
        "Basic Average Shares": 227957000.0,
        "Diluted EPS": -0.06,
        "Basic EPS": -0.06,
        "Diluted NI Availto Com Stockholders": -14711000.0,
        "Net Income Common Stockholders": -14711000.0,
        "Net Income": -14711000.0,
        "Minority Interests": -79000.0,
        "Net Income Including Noncontrolling Interests": -14632000.0,
        "Net Income Continuous Operations": -14632000.0,
        "Tax Provision": 109000.0,
        "Pretax Income": -14523000.0,
        "Other Income Expense": 5435000.0,
        "Other Non Operating Income Expenses": 5821000.0,
        "Special Income Charges": 0.0,
        "Other Special Charges": NaN,
        "Gain On Sale Of Security": -386000.0,
        "Net Non Operating Interest Income Expense": -10307000.0,
        "Interest Expense Non Operating": 16763000.0,
        "Interest Income Non Operating": 6456000.0,
        "Operating Income": -9651000.0,
        "Operating Expense": 88385000.0,
        "Research And Development": 36315000.0,
        "Selling General And Administration": 52070000.0,
        "Selling And Marketing Expense": 14667000.0,
        "General And Administrative Expense": 37403000.0,
        "Other Gand A": 37403000.0,
        "Gross Profit": 78734000.0,
        "Cost Of Revenue": 251665000.0,
        "Total Revenue": 330399000.0,
        "Operating Revenue": 330399000.0
    },
    "2024-12-31": {
        "Tax Effect Of Unusual Items": -1368.176693,
        "Tax Rate For Calcs": 0.00362,
        "Normalized EBITDA": 135751000.0,
        "Total Unusual Items": -378000.0,
        "Total Unusual Items Excluding Goodwill": -378000.0,
        "Net Income From Continuing Operation Net Minority Interest": 104795000.0,
        "Reconciled Depreciation": 13883000.0,
        "Reconciled Cost Of Revenue": 353076000.0,
        "EBITDA": 135373000.0,
        "EBIT": 121490000.0,
        "Net Interest Income": -11026000.0,
        "Interest Expense": 15951000.0,
        "Interest Income": 4925000.0,
        "Normalized Income": 105171631.823307,
        "Net Income From Continuing And Discontinued Operation": 104795000.0,
        "Total Expenses": 467687000.0,
        "Total Operating Income As Reported": 104706000.0,
        "Diluted Average Shares": 294429000.0,
        "Basic Average Shares": 228728000.0,
        "Diluted EPS": 0.38,
        "Basic EPS": 0.46,
        "Diluted NI Availto Com Stockholders": 104795000.0,
        "Net Income Common Stockholders": 104795000.0,
        "Net Income": 104795000.0,
        "Minority Interests": -362000.0,
        "Net Income Including Noncontrolling Interests": 105157000.0,
        "Net Income Continuous Operations": 105157000.0,
        "Tax Provision": 382000.0,
        "Pretax Income": 105539000.0,
        "Other Income Expense": 11859000.0,
        "Other Non Operating Income Expenses": 12237000.0,
        "Special Income Charges": 0.0,
        "Other Special Charges": 0.0,
        "Gain On Sale Of Security": -378000.0,
        "Net Non Operating Interest Income Expense": -11026000.0,
        "Interest Expense Non Operating": 15951000.0,
        "Interest Income Non Operating": 4925000.0,
        "Operating Income": 104706000.0,
        "Operating Expense": 114611000.0,
        "Research And Development": 39465000.0,
        "Selling General And Administration": 75146000.0,
        "Selling And Marketing Expense": 21838000.0,
        "General And Administrative Expense": 53308000.0,
        "Other Gand A": 53308000.0,
        "Gross Profit": 219317000.0,
        "Cost Of Revenue": 353076000.0,
        "Total Revenue": 572393000.0,
        "Operating Revenue": 572393000.0
    },
    "2025-03-31": {
        "Tax Effect Of Unusual Items": -41200.0,
        "Tax Rate For Calcs": 0.4,
        "Normalized EBITDA": 3517000.0,
        "Total Unusual Items": -103000.0,
        "Total Unusual Items Excluding Goodwill": -103000.0,
        "Net Income From Continuing Operation Net Minority Interest": -23814000.0,
        "Reconciled Depreciation": 11986000.0,
        "Reconciled Cost Of Revenue": 237314000.0,
        "EBITDA": 3414000.0,
        "EBIT": -8572000.0,
        "Net Interest Income": -5858000.0,
        "Interest Expense": 14411000.0,
        "Interest Income": 8553000.0,
        "Normalized Income": -23752200.0,
        "Net Income From Continuing And Discontinued Operation": -23814000.0,
        "Total Expenses": 345091000.0,
        "Total Operating Income As Reported": -19070000.0,
        "Diluted Average Shares": 230210000.0,
        "Basic Average Shares": 230210000.0,
        "Diluted EPS": -0.1,
        "Basic EPS": -0.1,
        "Diluted NI Availto Com Stockholders": -23814000.0,
        "Net Income Common Stockholders": -23814000.0,
        "Net Income": -23814000.0,
        "Minority Interests": -400000.0,
        "Net Income Including Noncontrolling Interests": -23414000.0,
        "Net Income Continuous Operations": -23414000.0,
        "Tax Provision": 431000.0,
        "Pretax Income": -22983000.0,
        "Other Income Expense": 1945000.0,
        "Other Non Operating Income Expenses": 2048000.0,
        "Special Income Charges": NaN,
        "Other Special Charges": NaN,
        "Gain On Sale Of Security": -103000.0,
        "Net Non Operating Interest Income Expense": -5858000.0,
        "Interest Expense Non Operating": 14411000.0,
        "Interest Income Non Operating": 8553000.0,
        "Operating Income": -19070000.0,
        "Operating Expense": 107777000.0,
        "Research And Development": 40612000.0,
        "Selling General And Administration": 67165000.0,
        "Selling And Marketing Expense": 22265000.0,
        "General And Administrative Expense": 44900000.0,
        "Other Gand A": 44900000.0,
        "Gross Profit": 88707000.0,
        "Cost Of Revenue": 237314000.0,
        "Total Revenue": 326021000.0,
        "Operating Revenue": 326021000.0
    }
}