{
    "2023-03-31": {
        "Tax Effect Of Unusual Items": NaN,
        "Tax Rate For Calcs": NaN,
        "Normalized EBITDA": NaN,
        "Total Unusual Items": NaN,
        "Total Unusual Items Excluding Goodwill": NaN,
        "Net Income From Continuing Operation Net Minority Interest": NaN,
        "Reconciled Depreciation": NaN,
        "EBITDA": NaN,
        "EBIT": NaN,
        "Net Interest Income": NaN,
        "Interest Income": NaN,
        "Normalized Income": NaN,
        "Net Income From Continuing And Discontinued Operation": NaN,
        "Total Expenses": NaN,
        "Total Operating Income As Reported": NaN,
        "Diluted Average Shares": NaN,
        "Basic Average Shares": NaN,
        "Diluted EPS": NaN,
        "Basic EPS": NaN,
        "Diluted NI Availto Com Stockholders": NaN,
        "Net Income Common Stockholders": NaN,
        "Net Income": NaN,
        "Net Income Including Noncontrolling Interests": NaN,
        "Net Income Continuous Operations": NaN,
        "Earnings From Equity Interest Net Of Tax": NaN,
        "Tax Provision": NaN,
        "Pretax Income": NaN,
        "Other Income Expense": NaN,
        "Special Income Charges": NaN,
        "Restructuring And Mergern Acquisition": NaN,
        "Gain On Sale Of Security": NaN,
        "Net Non Operating Interest Income Expense": NaN,
        "Total Other Finance Cost": -9961000.0,
        "Interest Income Non Operating": NaN,
        "Operating Income": NaN,
        "Operating Expense": NaN,
        "Research And Development": NaN,
        "Selling General And Administration": NaN,
        "General And Administrative Expense": NaN,
        "Other Gand A": NaN,
        "Salaries And Wages": NaN,
        "Total Revenue": NaN,
        "Operating Revenue": NaN
    },
    "2022-12-31": {
        "Tax Effect Of Unusual Items": NaN,
        "Tax Rate For Calcs": NaN,
        "Normalized EBITDA": NaN,
        "Total Unusual Items": NaN,
        "Total Unusual Items Excluding Goodwill": NaN,
        "Net Income From Continuing Operation Net Minority Interest": NaN,
        "Reconciled Depreciation": NaN,
        "EBITDA": NaN,
        "EBIT": NaN,
        "Net Interest Income": NaN,
        "Interest Income": NaN,
        "Normalized Income": NaN,
        "Net Income From Continuing And Discontinued Operation": NaN,
        "Total Expenses": NaN,
        "Total Operating Income As Reported": NaN,
        "Diluted Average Shares": NaN,
        "Basic Average Shares": NaN,
        "Diluted EPS": NaN,
        "Basic EPS": NaN,
        "Diluted NI Availto Com Stockholders": NaN,
        "Net Income Common Stockholders": NaN,
        "Net Income": NaN,
        "Net Income Including Noncontrolling Interests": NaN,
        "Net Income Continuous Operations": NaN,
        "Earnings From Equity Interest Net Of Tax": NaN,
        "Tax Provision": 1000000.0,
        "Pretax Income": NaN,
        "Other Income Expense": NaN,
        "Special Income Charges": NaN,
        "Restructuring And Mergern Acquisition": NaN,
        "Gain On Sale Of Security": NaN,
        "Net Non Operating Interest Income Expense": NaN,
        "Total Other Finance Cost": -7611000.0,
        "Interest Income Non Operating": NaN,
        "Operating Income": NaN,
        "Operating Expense": NaN,
        "Research And Development": NaN,
        "Selling General And Administration": NaN,
        "General And Administrative Expense": NaN,
        "Other Gand A": NaN,
        "Salaries And Wages": NaN,
        "Total Revenue": NaN,
        "Operating Revenue": NaN
    },
    "2022-09-30": {
        "Tax Effect Of Unusual Items": NaN,
        "Tax Rate For Calcs": NaN,
        "Normalized EBITDA": NaN,
        "Total Unusual Items": NaN,
        "Total Unusual Items Excluding Goodwill": NaN,
        "Net Income From Continuing Operation Net Minority Interest": NaN,
        "Reconciled Depreciation": NaN,
        "EBITDA": NaN,
        "EBIT": NaN,
        "Net Interest Income": NaN,
        "Interest Income": 4982000.0,
        "Normalized Income": NaN,
        "Net Income From Continuing And Discontinued Operation": NaN,
        "Total Expenses": NaN,
        "Total Operating Income As Reported": NaN,
        "Diluted Average Shares": NaN,
        "Basic Average Shares": NaN,
        "Diluted EPS": NaN,
        "Basic EPS": NaN,
        "Diluted NI Availto Com Stockholders": NaN,
        "Net Income Common Stockholders": NaN,
        "Net Income": NaN,
        "Net Income Including Noncontrolling Interests": NaN,
        "Net Income Continuous Operations": NaN,
        "Earnings From Equity Interest Net Of Tax": -25500000.0,
        "Tax Provision": 2410000.0,
        "Pretax Income": NaN,
        "Other Income Expense": NaN,
        "Special Income Charges": NaN,
        "Restructuring And Mergern Acquisition": NaN,
        "Earnings From Equity Interest": -25500000.0,
        "Gain On Sale Of Security": NaN,
        "Net Non Operating Interest Income Expense": NaN,
        "Total Other Finance Cost": -4982000.0,
        "Interest Income Non Operating": 4982000.0,
        "Operating Income": NaN,
        "Operating Expense": NaN,
        "Research And Development": NaN,
        "Selling General And Administration": NaN,
        "General And Administrative Expense": NaN,
        "Other Gand A": NaN,
        "Salaries And Wages": NaN,
        "Total Revenue": NaN,
        "Operating Revenue": NaN
    },
    "2022-06-30": {
        "Tax Effect Of Unusual Items": 0.0,
        "Tax Rate For Calcs": 0.0,
        "Normalized EBITDA": -89922000.0,
        "Total Unusual Items": 7956000.0,
        "Total Unusual Items Excluding Goodwill": 7956000.0,
        "Net Income From Continuing Operation Net Minority Interest": -71950000.0,
        "Reconciled Depreciation": 3418000.0,
        "EBITDA": -81966000.0,
        "EBIT": -81966000.0,
        "Net Interest Income": 2060000.0,
        "Normalized Income": -79906000.0,
        "Net Income From Continuing And Discontinued Operation": -71950000.0,
        "Total Expenses": 98618000.0,
        "Total Operating Income As Reported": -81966000.0,
        "Diluted Average Shares": 70210227.0,
        "Basic Average Shares": 70210227.0,
        "Diluted EPS": -1.02,
        "Basic EPS": -1.02,
        "Diluted NI Availto Com Stockholders": -71950000.0,
        "Net Income Common Stockholders": -71950000.0,
        "Net Income": -71950000.0,
        "Net Income Including Noncontrolling Interests": -71950000.0,
        "Net Income Continuous Operations": -71950000.0,
        "Earnings From Equity Interest Net Of Tax": NaN,
        "Tax Provision": NaN,
        "Pretax Income": -71950000.0,
        "Other Income Expense": 7956000.0,
        "Special Income Charges": -120000.0,
        "Restructuring And Mergern Acquisition": 120000.0,
        "Earnings From Equity Interest": NaN,
        "Gain On Sale Of Security": 8076000.0,
        "Net Non Operating Interest Income Expense": 2060000.0,
        "Total Other Finance Cost": -2060000.0,
        "Operating Income": -81966000.0,
        "Operating Expense": 98618000.0,
        "Research And Development": 74556000.0,
        "Selling General And Administration": 24062000.0,
        "General And Administrative Expense": 24062000.0,
        "Other Gand A": 24062000.0,
        "Salaries And Wages": NaN,
        "Total Revenue": 16652000.0,
        "Operating Revenue": 16652000.0
    },
    "2022-03-31": {
        "Diluted EPS": -1.01,
        "Total Revenue": 8,
        "Gross Profit": 8,
        "Operating Income": -76,
        "EBIT": -73,
        "Net Income": -69
    },
    "2021-12-31": {
        "Diluted EPS": -0.77,
        "Total Revenue": 51,
        "Gross Profit": 51,
        "Operating Income": -63,
        "EBIT": -61,
        "Net Income": -65
    },
    "2021-09-30": {
        "Diluted EPS": -0.42,
        "Total Revenue": 1,
        "Gross Profit": 1,
        "Operating Income": -70,
        "EBIT": -68,
        "Net Income": -28
    },
    "2021-06-30": {
        "Diluted EPS": -1.23,
        "Total Revenue": 0,
        "Gross Profit": 0,
        "Operating Income": -59,
        "EBIT": -57,
        "Net Income": -76
    },
    "2021-03-31": {
        "Diluted EPS": -3.35,
        "Total Revenue": 0,
        "Gross Profit": 0,
        "Operating Income": -200,
        "EBIT": -199,
        "Net Income": -202
    },
    "2020-12-31": {
        "Diluted EPS": -1.78,
        "Total Revenue": 0,
        "Gross Profit": 0,
        "Operating Income": -41,
        "EBIT": -39,
        "Net Income": -95
    },
    "2020-09-30": {
        "Diluted EPS": -0.69,
        "Total Revenue": 0,
        "Gross Profit": 0,
        "Operating Income": -37,
        "EBIT": -36,
        "Net Income": -34
    },
    "2020-06-30": {
        "Diluted EPS": -0.69,
        "Total Revenue": 0,
        "Gross Profit": 0,
        "Operating Income": -26,
        "EBIT": -25,
        "Net Income": -34
    },
    "2020-03-31": {
        "Diluted EPS": -1.03,
        "Total Revenue": 0,
        "Gross Profit": 0,
        "Operating Income": -28,
        "EBIT": -27,
        "Net Income": -32
    },
    "2019-12-31": {
        "Diluted EPS": -4.5,
        "Total Revenue": 0,
        "Gross Profit": 0,
        "Operating Income": -26,
        "EBIT": -26,
        "Net Income": -28
    },
    "2019-09-30": {
        "Diluted EPS": -3.31,
        "Total Revenue": 0,
        "Gross Profit": 0,
        "Operating Income": -18,
        "EBIT": -17,
        "Net Income": -22
    },
    "2019-06-30": {
        "Diluted EPS": -3.38,
        "Total Revenue": 0,
        "Gross Profit": 0,
        "Operating Income": -18,
        "EBIT": -17,
        "Net Income": -21
    },
    "2019-03-31": {
        "Diluted EPS": -2.86,
        "Total Revenue": NaN,
        "Gross Profit": NaN,
        "Operating Income": -13,
        "EBIT": -12,
        "Net Income": -14
    },
    "2018-12-31": {
        "Diluted EPS": 0.0,
        "Total Revenue": NaN,
        "Gross Profit": NaN,
        "Operating Income": NaN,
        "EBIT": NaN,
        "Net Income": NaN
    },
    "2023-06-30": {
        "Tax Effect Of Unusual Items": NaN,
        "Tax Rate For Calcs": NaN,
        "Normalized EBITDA": NaN,
        "Total Unusual Items": NaN,
        "Total Unusual Items Excluding Goodwill": NaN,
        "Net Income From Continuing Operation Net Minority Interest": NaN,
        "Reconciled Depreciation": NaN,
        "EBITDA": NaN,
        "EBIT": NaN,
        "Net Interest Income": NaN,
        "Interest Income": NaN,
        "Normalized Income": NaN,
        "Net Income From Continuing And Discontinued Operation": NaN,
        "Total Expenses": NaN,
        "Total Operating Income As Reported": NaN,
        "Diluted Average Shares": NaN,
        "Basic Average Shares": NaN,
        "Diluted EPS": NaN,
        "Basic EPS": NaN,
        "Diluted NI Availto Com Stockholders": NaN,
        "Net Income Common Stockholders": NaN,
        "Net Income": NaN,
        "Net Income Including Noncontrolling Interests": NaN,
        "Net Income Continuous Operations": NaN,
        "Earnings From Equity Interest Net Of Tax": NaN,
        "Tax Provision": NaN,
        "Pretax Income": NaN,
        "Other Income Expense": NaN,
        "Special Income Charges": NaN,
        "Restructuring And Mergern Acquisition": NaN,
        "Gain On Sale Of Security": NaN,
        "Net Non Operating Interest Income Expense": NaN,
        "Total Other Finance Cost": -11953000.0,
        "Interest Income Non Operating": NaN,
        "Operating Income": NaN,
        "Operating Expense": NaN,
        "Research And Development": NaN,
        "Selling General And Administration": NaN,
        "General And Administrative Expense": NaN,
        "Other Gand A": NaN,
        "Salaries And Wages": 10757000.0,
        "Total Revenue": NaN,
        "Operating Revenue": NaN
    },
    "2023-09-30": {
        "Tax Effect Of Unusual Items": NaN,
        "Tax Rate For Calcs": NaN,
        "Normalized EBITDA": NaN,
        "Total Unusual Items": NaN,
        "Total Unusual Items Excluding Goodwill": NaN,
        "Net Income From Continuing Operation Net Minority Interest": NaN,
        "Reconciled Depreciation": NaN,
        "EBITDA": NaN,
        "EBIT": NaN,
        "Net Interest Income": NaN,
        "Interest Income": 12698000.0,
        "Normalized Income": NaN,
        "Net Income From Continuing And Discontinued Operation": NaN,
        "Total Expenses": NaN,
        "Total Operating Income As Reported": NaN,
        "Diluted Average Shares": NaN,
        "Basic Average Shares": NaN,
        "Diluted EPS": NaN,
        "Basic EPS": NaN,
        "Diluted NI Availto Com Stockholders": NaN,
        "Net Income Common Stockholders": NaN,
        "Net Income": NaN,
        "Net Income Including Noncontrolling Interests": NaN,
        "Net Income Continuous Operations": NaN,
        "Earnings From Equity Interest Net Of Tax": 0.0,
        "Tax Provision": 0.0,
        "Pretax Income": NaN,
        "Other Income Expense": NaN,
        "Special Income Charges": NaN,
        "Restructuring And Mergern Acquisition": NaN,
        "Gain On Sale Of Security": NaN,
        "Net Non Operating Interest Income Expense": NaN,
        "Total Other Finance Cost": NaN,
        "Interest Income Non Operating": 12698000.0,
        "Operating Income": NaN,
        "Operating Expense": NaN,
        "Research And Development": NaN,
        "Selling General And Administration": NaN,
        "General And Administrative Expense": NaN,
        "Other Gand A": NaN,
        "Total Revenue": NaN,
        "Operating Revenue": NaN
    },
    "2023-12-31": {
        "Tax Effect Of Unusual Items": NaN,
        "Tax Rate For Calcs": NaN,
        "Normalized EBITDA": NaN,
        "Total Unusual Items": NaN,
        "Total Unusual Items Excluding Goodwill": NaN,
        "Net Income From Continuing Operation Net Minority Interest": NaN,
        "Reconciled Depreciation": NaN,
        "EBITDA": NaN,
        "EBIT": NaN,
        "Net Interest Income": NaN,
        "Interest Income": NaN,
        "Normalized Income": NaN,
        "Net Income From Continuing And Discontinued Operation": NaN,
        "Total Expenses": NaN,
        "Total Operating Income As Reported": NaN,
        "Diluted Average Shares": NaN,
        "Basic Average Shares": NaN,
        "Diluted EPS": NaN,
        "Basic EPS": NaN,
        "Diluted NI Availto Com Stockholders": NaN,
        "Net Income Common Stockholders": NaN,
        "Net Income": NaN,
        "Net Income Including Noncontrolling Interests": NaN,
        "Net Income Continuous Operations": NaN,
        "Earnings From Equity Interest Net Of Tax": 0.0,
        "Tax Provision": 1366000.0,
        "Pretax Income": NaN,
        "Other Income Expense": NaN,
        "Special Income Charges": NaN,
        "Restructuring And Mergern Acquisition": NaN,
        "Gain On Sale Of Security": NaN,
        "Net Non Operating Interest Income Expense": NaN,
        "Total Other Finance Cost": NaN,
        "Interest Income Non Operating": NaN,
        "Operating Income": NaN,
        "Operating Expense": NaN,
        "Research And Development": NaN,
        "Selling General And Administration": NaN,
        "General And Administrative Expense": NaN,
        "Other Gand A": NaN,
        "Total Revenue": NaN,
        "Operating Revenue": NaN
    },
    "2024-03-31": {
        "Tax Effect Of Unusual Items": NaN,
        "Tax Rate For Calcs": NaN,
        "Normalized EBITDA": NaN,
        "Total Unusual Items": NaN,
        "Total Unusual Items Excluding Goodwill": NaN,
        "Net Income From Continuing Operation Net Minority Interest": NaN,
        "Reconciled Depreciation": NaN,
        "EBITDA": NaN,
        "EBIT": NaN,
        "Net Interest Income": NaN,
        "Interest Income": NaN,
        "Normalized Income": NaN,
        "Net Income From Continuing And Discontinued Operation": NaN,
        "Total Expenses": NaN,
        "Total Operating Income As Reported": NaN,
        "Diluted Average Shares": NaN,
        "Basic Average Shares": NaN,
        "Diluted EPS": NaN,
        "Basic EPS": NaN,
        "Diluted NI Availto Com Stockholders": NaN,
        "Net Income Common Stockholders": NaN,
        "Net Income": NaN,
        "Net Income Including Noncontrolling Interests": NaN,
        "Net Income Continuous Operations": NaN,
        "Tax Provision": NaN,
        "Pretax Income": NaN,
        "Other Income Expense": NaN,
        "Special Income Charges": NaN,
        "Restructuring And Mergern Acquisition": NaN,
        "Gain On Sale Of Security": NaN,
        "Net Non Operating Interest Income Expense": NaN,
        "Total Other Finance Cost": -11849000.0,
        "Interest Income Non Operating": NaN,
        "Operating Income": NaN,
        "Operating Expense": NaN,
        "Research And Development": NaN,
        "Selling General And Administration": NaN,
        "General And Administrative Expense": NaN,
        "Other Gand A": NaN,
        "Total Revenue": NaN,
        "Operating Revenue": NaN
    },
    "2024-06-30": {
        "Tax Effect Of Unusual Items": NaN,
        "Tax Rate For Calcs": NaN,
        "Normalized EBITDA": NaN,
        "Total Unusual Items": NaN,
        "Total Unusual Items Excluding Goodwill": NaN,
        "Net Income From Continuing Operation Net Minority Interest": NaN,
        "Reconciled Depreciation": NaN,
        "EBITDA": NaN,
        "EBIT": NaN,
        "Net Interest Income": NaN,
        "Interest Income": NaN,
        "Normalized Income": NaN,
        "Net Income From Continuing And Discontinued Operation": NaN,
        "Total Expenses": NaN,
        "Total Operating Income As Reported": NaN,
        "Diluted Average Shares": NaN,
        "Basic Average Shares": NaN,
        "Diluted EPS": NaN,
        "Basic EPS": NaN,
        "Diluted NI Availto Com Stockholders": NaN,
        "Net Income Common Stockholders": NaN,
        "Net Income": NaN,
        "Net Income Including Noncontrolling Interests": NaN,
        "Net Income Continuous Operations": NaN,
        "Tax Provision": 39000.0,
        "Pretax Income": NaN,
        "Other Income Expense": NaN,
        "Special Income Charges": NaN,
        "Restructuring And Mergern Acquisition": NaN,
        "Gain On Sale Of Security": NaN,
        "Net Non Operating Interest Income Expense": NaN,
        "Total Other Finance Cost": -14190000.0,
        "Interest Income Non Operating": NaN,
        "Operating Income": NaN,
        "Operating Expense": NaN,
        "Research And Development": NaN,
        "Selling General And Administration": NaN,
        "General And Administrative Expense": NaN,
        "Other Gand A": NaN,
        "Total Revenue": NaN,
        "Operating Revenue": NaN
    },
    "2024-09-30": {
        "Tax Effect Of Unusual Items": 0.0,
        "Tax Rate For Calcs": 0.0,
        "Normalized EBITDA": -98738000.0,
        "Total Unusual Items": -2291000.0,
        "Total Unusual Items Excluding Goodwill": -2291000.0,
        "Net Income From Continuing Operation Net Minority Interest": -96668000.0,
        "Reconciled Depreciation": 5475000.0,
        "EBITDA": -101029000.0,
        "EBIT": -106504000.0,
        "Net Interest Income": 12127000.0,
        "Interest Income": 12127000.0,
        "Normalized Income": -94377000.0,
        "Net Income From Continuing And Discontinued Operation": -96668000.0,
        "Total Expenses": 120773000.0,
        "Total Operating Income As Reported": -106504000.0,
        "Diluted Average Shares": 82410095.0,
        "Basic Average Shares": 82410095.0,
        "Diluted EPS": -1.17,
        "Basic EPS": -1.17,
        "Diluted NI Availto Com Stockholders": -96668000.0,
        "Net Income Common Stockholders": -96668000.0,
        "Net Income": -96668000.0,
        "Net Income Including Noncontrolling Interests": -96668000.0,
        "Net Income Continuous Operations": -96668000.0,
        "Tax Provision": 0.0,
        "Pretax Income": -96668000.0,
        "Other Income Expense": -2291000.0,
        "Special Income Charges": -27000.0,
        "Restructuring And Mergern Acquisition": 27000.0,
        "Gain On Sale Of Security": -2264000.0,
        "Net Non Operating Interest Income Expense": 12127000.0,
        "Total Other Finance Cost": NaN,
        "Interest Income Non Operating": 12127000.0,
        "Operating Income": -106504000.0,
        "Operating Expense": 120773000.0,
        "Research And Development": 94258000.0,
        "Selling General And Administration": 26515000.0,
        "General And Administrative Expense": 26515000.0,
        "Other Gand A": 26515000.0,
        "Total Revenue": 14269000.0,
        "Operating Revenue": 14269000.0
    },
    "2024-12-31": {
        "Tax Effect Of Unusual Items": 0.0,
        "Tax Rate For Calcs": 0.0,
        "Normalized EBITDA": -83681000.0,
        "Total Unusual Items": -1245000.0,
        "Total Unusual Items Excluding Goodwill": -1245000.0,
        "Net Income From Continuing Operation Net Minority Interest": -90354000.0,
        "Reconciled Depreciation": 15111000.0,
        "EBITDA": -84926000.0,
        "EBIT": -100037000.0,
        "Net Interest Income": 10928000.0,
        "Interest Income": NaN,
        "Normalized Income": -89109000.0,
        "Net Income From Continuing And Discontinued Operation": -90354000.0,
        "Total Expenses": 130104000.0,
        "Total Operating Income As Reported": -100037000.0,
        "Diluted Average Shares": 82824151.0,
        "Basic Average Shares": 82824151.0,
        "Diluted EPS": -1.09,
        "Basic EPS": -1.09,
        "Diluted NI Availto Com Stockholders": -90354000.0,
        "Net Income Common Stockholders": -90354000.0,
        "Net Income": -90354000.0,
        "Net Income Including Noncontrolling Interests": -90354000.0,
        "Net Income Continuous Operations": -90354000.0,
        "Tax Provision": 0.0,
        "Pretax Income": -90354000.0,
        "Other Income Expense": -1245000.0,
        "Special Income Charges": -27000.0,
        "Restructuring And Mergern Acquisition": 27000.0,
        "Gain On Sale Of Security": -1218000.0,
        "Net Non Operating Interest Income Expense": 10928000.0,
        "Total Other Finance Cost": NaN,
        "Interest Income Non Operating": NaN,
        "Operating Income": -100037000.0,
        "Operating Expense": 130104000.0,
        "Research And Development": 101444000.0,
        "Selling General And Administration": 28660000.0,
        "General And Administrative Expense": 28660000.0,
        "Other Gand A": 28660000.0,
        "Total Revenue": 30067000.0,
        "Operating Revenue": 30067000.0
    },
    "2025-03-31": {
        "Tax Effect Of Unusual Items": 0.0,
        "Tax Rate For Calcs": 0.0,
        "Normalized EBITDA": -113910000.0,
        "Total Unusual Items": 152000.0,
        "Total Unusual Items Excluding Goodwill": 152000.0,
        "Net Income From Continuing Operation Net Minority Interest": -109270000.0,
        "Reconciled Depreciation": 5528000.0,
        "EBITDA": -113758000.0,
        "EBIT": -119286000.0,
        "Net Interest Income": 9864000.0,
        "Interest Income": NaN,
        "Normalized Income": -109422000.0,
        "Net Income From Continuing And Discontinued Operation": -109270000.0,
        "Total Expenses": 126756000.0,
        "Total Operating Income As Reported": -119286000.0,
        "Diluted Average Shares": 87975311.0,
        "Basic Average Shares": 87975311.0,
        "Diluted EPS": -1.24,
        "Basic EPS": -1.24,
        "Diluted NI Availto Com Stockholders": -109270000.0,
        "Net Income Common Stockholders": -109270000.0,
        "Net Income": -109270000.0,
        "Net Income Including Noncontrolling Interests": -109270000.0,
        "Net Income Continuous Operations": -109270000.0,
        "Tax Provision": NaN,
        "Pretax Income": -109270000.0,
        "Other Income Expense": 152000.0,
        "Special Income Charges": -27000.0,
        "Restructuring And Mergern Acquisition": 27000.0,
        "Gain On Sale Of Security": 179000.0,
        "Net Non Operating Interest Income Expense": 9864000.0,
        "Total Other Finance Cost": -9864000.0,
        "Interest Income Non Operating": NaN,
        "Operating Income": -119286000.0,
        "Operating Expense": 126756000.0,
        "Research And Development": 98816000.0,
        "Selling General And Administration": 27940000.0,
        "General And Administrative Expense": 27940000.0,
        "Other Gand A": 27940000.0,
        "Total Revenue": 7470000.0,
        "Operating Revenue": 7470000.0
    },
    "2025-06-30": {
        "Tax Effect Of Unusual Items": 0.0,
        "Tax Rate For Calcs": 0.0,
        "Normalized EBITDA": -120147000.0,
        "Total Unusual Items": 5534000.0,
        "Total Unusual Items Excluding Goodwill": 5534000.0,
        "Net Income From Continuing Operation Net Minority Interest": -102291000.0,
        "Reconciled Depreciation": 5538000.0,
        "EBITDA": -114613000.0,
        "EBIT": -120151000.0,
        "Net Interest Income": 12326000.0,
        "Interest Income": NaN,
        "Normalized Income": -107825000.0,
        "Net Income From Continuing And Discontinued Operation": -102291000.0,
        "Total Expenses": 128617000.0,
        "Total Operating Income As Reported": -120151000.0,
        "Diluted Average Shares": 101995184.0,
        "Basic Average Shares": 101995184.0,
        "Diluted EPS": -1.0,
        "Basic EPS": -1.0,
        "Diluted NI Availto Com Stockholders": -102291000.0,
        "Net Income Common Stockholders": -102291000.0,
        "Net Income": -102291000.0,
        "Net Income Including Noncontrolling Interests": -102291000.0,
        "Net Income Continuous Operations": -102291000.0,
        "Tax Provision": 0.0,
        "Pretax Income": -102291000.0,
        "Other Income Expense": 5534000.0,
        "Special Income Charges": -28000.0,
        "Restructuring And Mergern Acquisition": 28000.0,
        "Gain On Sale Of Security": 5562000.0,
        "Net Non Operating Interest Income Expense": 12326000.0,
        "Total Other Finance Cost": -12326000.0,
        "Interest Income Non Operating": NaN,
        "Operating Income": -120151000.0,
        "Operating Expense": 128617000.0,
        "Research And Development": 101758000.0,
        "Selling General And Administration": 26859000.0,
        "General And Administrative Expense": 26859000.0,
        "Other Gand A": 26859000.0,
        "Total Revenue": 8466000.0,
        "Operating Revenue": 8466000.0
    },
    "2025-09-30": {
        "Tax Effect Of Unusual Items": 0.0,
        "Tax Rate For Calcs": 0.0,
        "Normalized EBITDA": -124431000.0,
        "Total Unusual Items": 3180000.0,
        "Total Unusual Items Excluding Goodwill": 3180000.0,
        "Net Income From Continuing Operation Net Minority Interest": -112728000.0,
        "Reconciled Depreciation": 5560000.0,
        "EBITDA": -121251000.0,
        "EBIT": -126811000.0,
        "Net Interest Income": 10903000.0,
        "Interest Income": NaN,
        "Normalized Income": -115908000.0,
        "Net Income From Continuing And Discontinued Operation": -112728000.0,
        "Total Expenses": 136509000.0,
        "Total Operating Income As Reported": -126811000.0,
        "Diluted Average Shares": 102570801.0,
        "Basic Average Shares": 102570801.0,
        "Diluted EPS": -1.1,
        "Basic EPS": -1.1,
        "Diluted NI Availto Com Stockholders": -112728000.0,
        "Net Income Common Stockholders": -112728000.0,
        "Net Income": -112728000.0,
        "Net Income Including Noncontrolling Interests": -112728000.0,
        "Net Income Continuous Operations": -112728000.0,
        "Tax Provision": 0.0,
        "Pretax Income": -112728000.0,
        "Other Income Expense": 3180000.0,
        "Special Income Charges": 1000000.0,
        "Restructuring And Mergern Acquisition": -1000000.0,
        "Gain On Sale Of Security": 2180000.0,
        "Net Non Operating Interest Income Expense": 10903000.0,
        "Total Other Finance Cost": -10903000.0,
        "Interest Income Non Operating": NaN,
        "Operating Income": -126811000.0,
        "Operating Expense": 136509000.0,
        "Research And Development": 109769000.0,
        "Selling General And Administration": 26740000.0,
        "General And Administrative Expense": 26740000.0,
        "Other Gand A": 26740000.0,
        "Total Revenue": 9698000.0,
        "Operating Revenue": 9698000.0
    }
}