{
    "2023-03-31": {
        "Tax Effect Of Unusual Items": NaN,
        "Tax Rate For Calcs": NaN,
        "Normalized EBITDA": NaN,
        "Net Income From Continuing Operation Net Minority Interest": NaN,
        "Reconciled Depreciation": NaN,
        "Reconciled Cost Of Revenue": NaN,
        "EBITDA": NaN,
        "EBIT": NaN,
        "Net Interest Income": NaN,
        "Interest Expense": NaN,
        "Interest Income": NaN,
        "Normalized Income": NaN,
        "Net Income From Continuing And Discontinued Operation": NaN,
        "Total Expenses": NaN,
        "Total Operating Income As Reported": NaN,
        "Diluted Average Shares": 10214000.0,
        "Basic Average Shares": 10214000.0,
        "Diluted EPS": -0.38,
        "Basic EPS": -0.38,
        "Diluted NI Availto Com Stockholders": NaN,
        "Net Income Common Stockholders": NaN,
        "Net Income": NaN,
        "Net Income Including Noncontrolling Interests": NaN,
        "Net Income Continuous Operations": NaN,
        "Tax Provision": NaN,
        "Pretax Income": NaN,
        "Other Income Expense": NaN,
        "Other Non Operating Income Expenses": NaN,
        "Net Non Operating Interest Income Expense": NaN,
        "Interest Expense Non Operating": NaN,
        "Interest Income Non Operating": NaN,
        "Operating Income": NaN,
        "Operating Expense": NaN,
        "Other Operating Expenses": 3846000.0,
        "Gross Profit": NaN,
        "Cost Of Revenue": NaN,
        "Total Revenue": NaN,
        "Operating Revenue": NaN
    },
    "2022-12-31": {
        "Tax Effect Of Unusual Items": NaN,
        "Tax Rate For Calcs": NaN,
        "Normalized EBITDA": NaN,
        "Net Income From Continuing Operation Net Minority Interest": NaN,
        "Reconciled Depreciation": NaN,
        "Reconciled Cost Of Revenue": NaN,
        "EBITDA": NaN,
        "EBIT": NaN,
        "Net Interest Income": NaN,
        "Interest Expense": NaN,
        "Interest Income": NaN,
        "Normalized Income": NaN,
        "Net Income From Continuing And Discontinued Operation": NaN,
        "Total Expenses": NaN,
        "Total Operating Income As Reported": NaN,
        "Diluted Average Shares": 10153000.0,
        "Basic Average Shares": 10153000.0,
        "Diluted EPS": -0.77,
        "Basic EPS": -0.77,
        "Diluted NI Availto Com Stockholders": NaN,
        "Net Income Common Stockholders": NaN,
        "Net Income": NaN,
        "Net Income Including Noncontrolling Interests": NaN,
        "Net Income Continuous Operations": NaN,
        "Tax Provision": NaN,
        "Pretax Income": NaN,
        "Other Income Expense": NaN,
        "Other Non Operating Income Expenses": NaN,
        "Net Non Operating Interest Income Expense": NaN,
        "Interest Expense Non Operating": NaN,
        "Interest Income Non Operating": NaN,
        "Operating Income": NaN,
        "Operating Expense": NaN,
        "Other Operating Expenses": 7116000.0,
        "Gross Profit": NaN,
        "Cost Of Revenue": NaN,
        "Total Revenue": NaN,
        "Operating Revenue": NaN
    },
    "2022-09-30": {
        "Tax Effect Of Unusual Items": 0.0,
        "Tax Rate For Calcs": 0.0,
        "Normalized EBITDA": -6483000.0,
        "Net Income From Continuing Operation Net Minority Interest": -6789000.0,
        "Reconciled Depreciation": 306000.0,
        "Reconciled Cost Of Revenue": 6950000.0,
        "EBITDA": -6483000.0,
        "EBIT": -6789000.0,
        "Net Interest Income": 18000.0,
        "Interest Expense": 0.0,
        "Interest Income": 18000.0,
        "Normalized Income": -6789000.0,
        "Net Income From Continuing And Discontinued Operation": -6789000.0,
        "Total Expenses": 13418000.0,
        "Total Operating Income As Reported": -6807000.0,
        "Diluted Average Shares": 10088000.0,
        "Basic Average Shares": 10088000.0,
        "Diluted EPS": -0.67,
        "Basic EPS": -0.67,
        "Diluted NI Availto Com Stockholders": -6789000.0,
        "Net Income Common Stockholders": -6789000.0,
        "Net Income": -6789000.0,
        "Net Income Including Noncontrolling Interests": -6789000.0,
        "Net Income Continuous Operations": -6789000.0,
        "Tax Provision": 0.0,
        "Pretax Income": -6789000.0,
        "Other Income Expense": NaN,
        "Other Non Operating Income Expenses": NaN,
        "Net Non Operating Interest Income Expense": 18000.0,
        "Interest Expense Non Operating": 0.0,
        "Interest Income Non Operating": 18000.0,
        "Operating Income": -6807000.0,
        "Operating Expense": 6468000.0,
        "Other Operating Expenses": 6468000.0,
        "Gross Profit": -339000.0,
        "Cost Of Revenue": 6950000.0,
        "Total Revenue": 6611000.0,
        "Operating Revenue": 6633000.0
    },
    "2022-06-30": {
        "Tax Effect Of Unusual Items": 0.0,
        "Tax Rate For Calcs": 0.4,
        "Normalized EBITDA": -2511000.0,
        "Net Income From Continuing Operation Net Minority Interest": -2803000.0,
        "Reconciled Depreciation": 290000.0,
        "Reconciled Cost Of Revenue": 4044000.0,
        "EBITDA": -2511000.0,
        "EBIT": -2801000.0,
        "Net Interest Income": 14000.0,
        "Interest Expense": 1000.0,
        "Interest Income": 15000.0,
        "Normalized Income": -2803000.0,
        "Net Income From Continuing And Discontinued Operation": -2803000.0,
        "Total Expenses": 6534000.0,
        "Total Operating Income As Reported": -2816000.0,
        "Diluted Average Shares": 10075000.0,
        "Basic Average Shares": 10075000.0,
        "Diluted EPS": -0.28,
        "Basic EPS": -0.28,
        "Diluted NI Availto Com Stockholders": -2803000.0,
        "Net Income Common Stockholders": -2803000.0,
        "Net Income": -2803000.0,
        "Net Income Including Noncontrolling Interests": -2803000.0,
        "Net Income Continuous Operations": -2803000.0,
        "Tax Provision": 1000.0,
        "Pretax Income": -2802000.0,
        "Other Income Expense": NaN,
        "Other Non Operating Income Expenses": NaN,
        "Net Non Operating Interest Income Expense": 14000.0,
        "Interest Expense Non Operating": 1000.0,
        "Interest Income Non Operating": 15000.0,
        "Operating Income": -2816000.0,
        "Operating Expense": 2490000.0,
        "Other Operating Expenses": 2490000.0,
        "Gross Profit": -326000.0,
        "Cost Of Revenue": 4044000.0,
        "Total Revenue": 3718000.0,
        "Operating Revenue": 3720000.0
    },
    "2022-03-31": {
        "Diluted EPS": -0.24,
        "Total Revenue": 4,
        "Gross Profit": 0,
        "Operating Income": -2,
        "EBIT": -2,
        "Net Income": -2
    },
    "2021-12-31": {
        "Diluted EPS": -0.23,
        "Total Revenue": 3,
        "Gross Profit": 0,
        "Operating Income": -2,
        "EBIT": -2,
        "Net Income": -2
    },
    "2021-09-30": {
        "Diluted EPS": -0.19,
        "Total Revenue": 2,
        "Gross Profit": 0,
        "Operating Income": -2,
        "EBIT": -2,
        "Net Income": -2
    },
    "2021-06-30": {
        "Diluted EPS": -0.18,
        "Total Revenue": 2,
        "Gross Profit": 0,
        "Operating Income": -2,
        "EBIT": -2,
        "Net Income": -2
    },
    "2021-03-31": {
        "Diluted EPS": -0.14,
        "Total Revenue": 1,
        "Gross Profit": 0,
        "Operating Income": -1,
        "EBIT": -1,
        "Net Income": -1
    },
    "2020-12-31": {
        "Diluted EPS": -0.34,
        "Total Revenue": 2,
        "Gross Profit": -1,
        "Operating Income": -2,
        "EBIT": -2,
        "Net Income": -2
    },
    "2020-09-30": {
        "Diluted EPS": -0.17,
        "Total Revenue": 1,
        "Gross Profit": 0,
        "Operating Income": -1,
        "EBIT": -1,
        "Net Income": -1
    },
    "2020-06-30": {
        "Diluted EPS": -0.16,
        "Total Revenue": 1,
        "Gross Profit": 0,
        "Operating Income": -1,
        "EBIT": -1,
        "Net Income": -1
    },
    "2020-03-31": {
        "Diluted EPS": -0.17,
        "Total Revenue": 1,
        "Gross Profit": 0,
        "Operating Income": -1,
        "EBIT": -1,
        "Net Income": -1
    },
    "2019-12-31": {
        "Diluted EPS": -0.24,
        "Total Revenue": 0,
        "Gross Profit": -1,
        "Operating Income": -1,
        "EBIT": -1,
        "Net Income": -1
    },
    "2019-09-30": {
        "Diluted EPS": -0.12,
        "Total Revenue": 2,
        "Gross Profit": 0,
        "Operating Income": -1,
        "EBIT": -1,
        "Net Income": -1
    },
    "2019-06-30": {
        "Diluted EPS": -0.21,
        "Total Revenue": 2,
        "Gross Profit": 0,
        "Operating Income": -1,
        "EBIT": 0,
        "Net Income": -1
    },
    "2019-03-31": {
        "Diluted EPS": -0.31,
        "Total Revenue": 1,
        "Gross Profit": 0,
        "Operating Income": -1,
        "EBIT": 0,
        "Net Income": -1
    },
    "2018-12-31": {
        "Diluted EPS": -0.41,
        "Total Revenue": 2,
        "Gross Profit": 0,
        "Operating Income": -1,
        "EBIT": -1,
        "Net Income": -1
    },
    "2018-09-30": {
        "Diluted EPS": -0.21,
        "Total Revenue": 1,
        "Gross Profit": 0,
        "Operating Income": 0,
        "EBIT": 0,
        "Net Income": -1
    },
    "2018-06-30": {
        "Diluted EPS": -0.27,
        "Total Revenue": 1,
        "Gross Profit": 0,
        "Operating Income": -1,
        "EBIT": 0,
        "Net Income": -1
    },
    "2018-03-31": {
        "Diluted EPS": -0.35,
        "Total Revenue": 3,
        "Gross Profit": 0,
        "Operating Income": -1,
        "EBIT": 0,
        "Net Income": -1
    },
    "2017-12-31": {
        "Diluted EPS": -0.5,
        "Total Revenue": 0,
        "Gross Profit": 0,
        "Operating Income": -1,
        "EBIT": -1,
        "Net Income": -1
    },
    "2017-09-30": {
        "Diluted EPS": 0.0,
        "Total Revenue": 0,
        "Gross Profit": 0,
        "Operating Income": 0,
        "EBIT": 0,
        "Net Income": -1
    },
    "2017-06-30": {
        "Diluted EPS": 0.0,
        "Total Revenue": 1,
        "Gross Profit": 0,
        "Operating Income": -1,
        "EBIT": -1,
        "Net Income": -1
    },
    "2017-03-31": {
        "Diluted EPS": -0.5,
        "Total Revenue": 0,
        "Gross Profit": 0,
        "Operating Income": -1,
        "EBIT": -1,
        "Net Income": -1
    },
    "2016-12-31": {
        "Diluted EPS": 0.5,
        "Total Revenue": 2,
        "Gross Profit": 0,
        "Operating Income": -1,
        "EBIT": -1,
        "Net Income": -1
    },
    "2016-09-30": {
        "Diluted EPS": -0.5,
        "Total Revenue": 1,
        "Gross Profit": 0,
        "Operating Income": -1,
        "EBIT": -1,
        "Net Income": -1
    },
    "2016-06-30": {
        "Diluted EPS": -0.5,
        "Total Revenue": 0,
        "Gross Profit": 0,
        "Operating Income": -1,
        "EBIT": -1,
        "Net Income": -1
    },
    "2016-03-31": {
        "Diluted EPS": -0.5,
        "Total Revenue": 0,
        "Gross Profit": 0,
        "Operating Income": -1,
        "EBIT": 0,
        "Net Income": -1
    },
    "2015-12-31": {
        "Diluted EPS": 0.0,
        "Total Revenue": 1,
        "Gross Profit": 1,
        "Operating Income": 1,
        "EBIT": 1,
        "Net Income": 0
    },
    "2015-06-30": {
        "Diluted EPS": 0.0,
        "Total Revenue": NaN,
        "Gross Profit": NaN,
        "Operating Income": NaN,
        "EBIT": NaN,
        "Net Income": NaN
    },
    "2015-03-31": {
        "Diluted EPS": 0.0,
        "Total Revenue": NaN,
        "Gross Profit": NaN,
        "Operating Income": NaN,
        "EBIT": NaN,
        "Net Income": NaN
    },
    "2023-06-30": {
        "Tax Effect Of Unusual Items": NaN,
        "Tax Rate For Calcs": NaN,
        "Normalized EBITDA": NaN,
        "Net Income From Continuing Operation Net Minority Interest": NaN,
        "Reconciled Depreciation": NaN,
        "Reconciled Cost Of Revenue": NaN,
        "EBITDA": NaN,
        "EBIT": NaN,
        "Net Interest Income": NaN,
        "Interest Expense": NaN,
        "Interest Income": NaN,
        "Normalized Income": NaN,
        "Net Income From Continuing And Discontinued Operation": NaN,
        "Total Expenses": NaN,
        "Total Operating Income As Reported": NaN,
        "Diluted Average Shares": 10990000.0,
        "Basic Average Shares": 10990000.0,
        "Diluted EPS": -0.32,
        "Basic EPS": -0.32,
        "Diluted NI Availto Com Stockholders": NaN,
        "Net Income Common Stockholders": NaN,
        "Net Income": NaN,
        "Net Income Including Noncontrolling Interests": NaN,
        "Net Income Continuous Operations": NaN,
        "Tax Provision": NaN,
        "Pretax Income": NaN,
        "Other Income Expense": NaN,
        "Other Non Operating Income Expenses": NaN,
        "Net Non Operating Interest Income Expense": NaN,
        "Interest Expense Non Operating": NaN,
        "Interest Income Non Operating": NaN,
        "Operating Income": NaN,
        "Operating Expense": NaN,
        "Other Operating Expenses": 4042000.0,
        "Gross Profit": NaN,
        "Cost Of Revenue": NaN,
        "Total Revenue": NaN,
        "Operating Revenue": NaN
    },
    "2023-09-30": {
        "Tax Effect Of Unusual Items": NaN,
        "Tax Rate For Calcs": NaN,
        "Normalized EBITDA": NaN,
        "Total Unusual Items": NaN,
        "Total Unusual Items Excluding Goodwill": NaN,
        "Net Income From Continuing Operation Net Minority Interest": NaN,
        "Reconciled Depreciation": NaN,
        "Reconciled Cost Of Revenue": NaN,
        "EBITDA": NaN,
        "EBIT": NaN,
        "Net Interest Income": NaN,
        "Interest Expense": NaN,
        "Interest Income": NaN,
        "Normalized Income": NaN,
        "Net Income From Continuing And Discontinued Operation": NaN,
        "Total Expenses": NaN,
        "Total Operating Income As Reported": NaN,
        "Diluted Average Shares": 13936000.0,
        "Basic Average Shares": 13936000.0,
        "Diluted EPS": -0.26,
        "Basic EPS": -0.26,
        "Diluted NI Availto Com Stockholders": NaN,
        "Net Income Common Stockholders": NaN,
        "Net Income": NaN,
        "Net Income Including Noncontrolling Interests": NaN,
        "Net Income Continuous Operations": NaN,
        "Tax Provision": NaN,
        "Pretax Income": NaN,
        "Other Income Expense": NaN,
        "Other Non Operating Income Expenses": NaN,
        "Special Income Charges": NaN,
        "Impairment Of Capital Assets": NaN,
        "Net Non Operating Interest Income Expense": NaN,
        "Interest Expense Non Operating": NaN,
        "Interest Income Non Operating": NaN,
        "Operating Income": NaN,
        "Operating Expense": NaN,
        "Other Operating Expenses": 4037000.0,
        "Gross Profit": NaN,
        "Cost Of Revenue": NaN,
        "Total Revenue": NaN,
        "Operating Revenue": NaN
    },
    "2023-12-31": {
        "Tax Effect Of Unusual Items": NaN,
        "Tax Rate For Calcs": NaN,
        "Normalized EBITDA": NaN,
        "Total Unusual Items": NaN,
        "Total Unusual Items Excluding Goodwill": NaN,
        "Net Income From Continuing Operation Net Minority Interest": NaN,
        "Reconciled Depreciation": NaN,
        "Reconciled Cost Of Revenue": NaN,
        "EBITDA": NaN,
        "EBIT": NaN,
        "Net Interest Income": NaN,
        "Interest Expense": NaN,
        "Interest Income": NaN,
        "Normalized Income": NaN,
        "Net Income From Continuing And Discontinued Operation": NaN,
        "Total Expenses": NaN,
        "Total Operating Income As Reported": NaN,
        "Diluted Average Shares": NaN,
        "Basic Average Shares": NaN,
        "Diluted EPS": NaN,
        "Basic EPS": NaN,
        "Diluted NI Availto Com Stockholders": NaN,
        "Net Income Common Stockholders": NaN,
        "Net Income": NaN,
        "Net Income Including Noncontrolling Interests": NaN,
        "Net Income Continuous Operations": NaN,
        "Tax Provision": -1000.0,
        "Pretax Income": NaN,
        "Other Income Expense": NaN,
        "Other Non Operating Income Expenses": NaN,
        "Special Income Charges": NaN,
        "Impairment Of Capital Assets": NaN,
        "Net Non Operating Interest Income Expense": NaN,
        "Interest Expense Non Operating": NaN,
        "Interest Income Non Operating": NaN,
        "Operating Income": NaN,
        "Operating Expense": NaN,
        "Other Operating Expenses": 5540000.0,
        "Gross Profit": NaN,
        "Cost Of Revenue": NaN,
        "Total Revenue": NaN,
        "Operating Revenue": NaN
    },
    "2024-03-31": {
        "Tax Effect Of Unusual Items": NaN,
        "Tax Rate For Calcs": NaN,
        "Normalized EBITDA": NaN,
        "Total Unusual Items": NaN,
        "Total Unusual Items Excluding Goodwill": NaN,
        "Net Income From Continuing Operation Net Minority Interest": NaN,
        "Reconciled Depreciation": NaN,
        "Reconciled Cost Of Revenue": NaN,
        "EBITDA": NaN,
        "EBIT": NaN,
        "Net Interest Income": NaN,
        "Interest Expense": NaN,
        "Interest Income": NaN,
        "Normalized Income": NaN,
        "Net Income From Continuing And Discontinued Operation": NaN,
        "Total Expenses": NaN,
        "Total Operating Income As Reported": NaN,
        "Diluted Average Shares": 14422000.0,
        "Basic Average Shares": 14422000.0,
        "Diluted EPS": -0.21,
        "Basic EPS": -0.21,
        "Diluted NI Availto Com Stockholders": NaN,
        "Net Income Common Stockholders": NaN,
        "Net Income": NaN,
        "Net Income Including Noncontrolling Interests": NaN,
        "Net Income Continuous Operations": NaN,
        "Tax Provision": 0.0,
        "Pretax Income": NaN,
        "Other Income Expense": NaN,
        "Other Non Operating Income Expenses": NaN,
        "Special Income Charges": NaN,
        "Impairment Of Capital Assets": NaN,
        "Net Non Operating Interest Income Expense": NaN,
        "Interest Expense Non Operating": NaN,
        "Interest Income Non Operating": NaN,
        "Operating Income": NaN,
        "Operating Expense": NaN,
        "Other Operating Expenses": NaN,
        "Gross Profit": NaN,
        "Cost Of Revenue": NaN,
        "Total Revenue": NaN,
        "Operating Revenue": NaN
    },
    "2024-06-30": {
        "Tax Effect Of Unusual Items": 0.0,
        "Tax Rate For Calcs": 0.0,
        "Normalized EBITDA": -3543000.0,
        "Total Unusual Items": 0.0,
        "Total Unusual Items Excluding Goodwill": 0.0,
        "Net Income From Continuing Operation Net Minority Interest": -4916000.0,
        "Reconciled Depreciation": 1359000.0,
        "Reconciled Cost Of Revenue": 12456000.0,
        "EBITDA": -3543000.0,
        "EBIT": -4902000.0,
        "Net Interest Income": 24000.0,
        "Interest Expense": 14000.0,
        "Interest Income": 38000.0,
        "Normalized Income": -4916000.0,
        "Net Income From Continuing And Discontinued Operation": -4916000.0,
        "Total Expenses": 19603000.0,
        "Total Operating Income As Reported": -4791000.0,
        "Diluted Average Shares": 14533000.0,
        "Basic Average Shares": 14533000.0,
        "Diluted EPS": -0.34,
        "Basic EPS": -0.34,
        "Diluted NI Availto Com Stockholders": -4916000.0,
        "Net Income Common Stockholders": -4916000.0,
        "Net Income": -4916000.0,
        "Net Income Including Noncontrolling Interests": -4916000.0,
        "Net Income Continuous Operations": -4916000.0,
        "Tax Provision": 0.0,
        "Pretax Income": -4916000.0,
        "Other Income Expense": -149000.0,
        "Other Non Operating Income Expenses": -149000.0,
        "Special Income Charges": 0.0,
        "Impairment Of Capital Assets": 0.0,
        "Net Non Operating Interest Income Expense": 24000.0,
        "Interest Expense Non Operating": 14000.0,
        "Interest Income Non Operating": 38000.0,
        "Operating Income": -4791000.0,
        "Operating Expense": 7147000.0,
        "Other Operating Expenses": 7147000.0,
        "Gross Profit": 2356000.0,
        "Cost Of Revenue": 12456000.0,
        "Total Revenue": 14812000.0,
        "Operating Revenue": 14913000.0
    },
    "2024-09-30": {
        "Tax Effect Of Unusual Items": 0.0,
        "Tax Rate For Calcs": 0.0,
        "Normalized EBITDA": 2398000.0,
        "Total Unusual Items": NaN,
        "Total Unusual Items Excluding Goodwill": NaN,
        "Net Income From Continuing Operation Net Minority Interest": 1297000.0,
        "Reconciled Depreciation": 1091000.0,
        "Reconciled Cost Of Revenue": 10251000.0,
        "EBITDA": 2398000.0,
        "EBIT": 1307000.0,
        "Net Interest Income": 48000.0,
        "Interest Expense": 10000.0,
        "Interest Income": 58000.0,
        "Normalized Income": 1297000.0,
        "Net Income From Continuing And Discontinued Operation": 1297000.0,
        "Total Expenses": 10200000.0,
        "Total Operating Income As Reported": 1282000.0,
        "Diluted Average Shares": 14711000.0,
        "Basic Average Shares": 14702000.0,
        "Diluted EPS": 0.09,
        "Basic EPS": 0.09,
        "Diluted NI Availto Com Stockholders": 1297000.0,
        "Net Income Common Stockholders": 1297000.0,
        "Net Income": 1297000.0,
        "Net Income Including Noncontrolling Interests": 1297000.0,
        "Net Income Continuous Operations": 1297000.0,
        "Tax Provision": 0.0,
        "Pretax Income": 1297000.0,
        "Other Income Expense": -33000.0,
        "Other Non Operating Income Expenses": -33000.0,
        "Special Income Charges": NaN,
        "Impairment Of Capital Assets": NaN,
        "Net Non Operating Interest Income Expense": 48000.0,
        "Interest Expense Non Operating": 10000.0,
        "Interest Income Non Operating": 58000.0,
        "Operating Income": 1282000.0,
        "Operating Expense": -51000.0,
        "Other Operating Expenses": -51000.0,
        "Gross Profit": 1231000.0,
        "Cost Of Revenue": 10251000.0,
        "Total Revenue": 11482000.0,
        "Operating Revenue": 11516000.0
    },
    "2024-12-31": {
        "Tax Effect Of Unusual Items": 0.0,
        "Tax Rate For Calcs": 0.019915,
        "Normalized EBITDA": -3713000.0,
        "Total Unusual Items": NaN,
        "Total Unusual Items Excluding Goodwill": NaN,
        "Net Income From Continuing Operation Net Minority Interest": -4626000.0,
        "Reconciled Depreciation": 1001000.0,
        "Reconciled Cost Of Revenue": 6251000.0,
        "EBITDA": -3713000.0,
        "EBIT": -4714000.0,
        "Net Interest Income": 32000.0,
        "Interest Expense": 6000.0,
        "Interest Income": 38000.0,
        "Normalized Income": -4626000.0,
        "Net Income From Continuing And Discontinued Operation": -4626000.0,
        "Total Expenses": 13581000.0,
        "Total Operating Income As Reported": -5100000.0,
        "Diluted Average Shares": NaN,
        "Basic Average Shares": NaN,
        "Diluted EPS": NaN,
        "Basic EPS": NaN,
        "Diluted NI Availto Com Stockholders": -4626000.0,
        "Net Income Common Stockholders": -4626000.0,
        "Net Income": -4626000.0,
        "Net Income Including Noncontrolling Interests": -4626000.0,
        "Net Income Continuous Operations": -4626000.0,
        "Tax Provision": -94000.0,
        "Pretax Income": -4720000.0,
        "Other Income Expense": 348000.0,
        "Other Non Operating Income Expenses": 348000.0,
        "Special Income Charges": NaN,
        "Impairment Of Capital Assets": NaN,
        "Net Non Operating Interest Income Expense": 32000.0,
        "Interest Expense Non Operating": 6000.0,
        "Interest Income Non Operating": 38000.0,
        "Operating Income": -5100000.0,
        "Operating Expense": 7330000.0,
        "Other Operating Expenses": 7330000.0,
        "Gross Profit": 2230000.0,
        "Cost Of Revenue": 6251000.0,
        "Total Revenue": 8481000.0,
        "Operating Revenue": 8511000.0
    },
    "2025-03-31": {
        "Tax Effect Of Unusual Items": 0.0,
        "Tax Rate For Calcs": 0.0,
        "Normalized EBITDA": -3752000.0,
        "Total Unusual Items": -10780000.0,
        "Total Unusual Items Excluding Goodwill": -10780000.0,
        "Net Income From Continuing Operation Net Minority Interest": -15523000.0,
        "Reconciled Depreciation": 985000.0,
        "Reconciled Cost Of Revenue": 5823000.0,
        "EBITDA": -14532000.0,
        "EBIT": -15517000.0,
        "Net Interest Income": 17000.0,
        "Interest Expense": 6000.0,
        "Interest Income": 23000.0,
        "Normalized Income": -4743000.0,
        "Net Income From Continuing And Discontinued Operation": -15523000.0,
        "Total Expenses": 11088000.0,
        "Total Operating Income As Reported": -15544000.0,
        "Diluted Average Shares": 14990000.0,
        "Basic Average Shares": 14990000.0,
        "Diluted EPS": -1.04,
        "Basic EPS": -1.04,
        "Diluted NI Availto Com Stockholders": -15523000.0,
        "Net Income Common Stockholders": -15523000.0,
        "Net Income": -15523000.0,
        "Net Income Including Noncontrolling Interests": -15523000.0,
        "Net Income Continuous Operations": -15523000.0,
        "Tax Provision": NaN,
        "Pretax Income": -15523000.0,
        "Other Income Expense": -10776000.0,
        "Other Non Operating Income Expenses": 4000.0,
        "Special Income Charges": -10780000.0,
        "Impairment Of Capital Assets": 10780000.0,
        "Net Non Operating Interest Income Expense": 17000.0,
        "Interest Expense Non Operating": 6000.0,
        "Interest Income Non Operating": 23000.0,
        "Operating Income": -4764000.0,
        "Operating Expense": 5265000.0,
        "Other Operating Expenses": NaN,
        "Gross Profit": 501000.0,
        "Cost Of Revenue": 5823000.0,
        "Total Revenue": 6324000.0,
        "Operating Revenue": 6362000.0
    },
    "2025-06-30": {
        "Tax Effect Of Unusual Items": 0.0,
        "Tax Rate For Calcs": 0.0,
        "Normalized EBITDA": -3426000.0,
        "Total Unusual Items": 0.0,
        "Total Unusual Items Excluding Goodwill": 0.0,
        "Net Income From Continuing Operation Net Minority Interest": -4278000.0,
        "Reconciled Depreciation": 845000.0,
        "Reconciled Cost Of Revenue": 5641000.0,
        "EBITDA": -3426000.0,
        "EBIT": -4271000.0,
        "Net Interest Income": 7000.0,
        "Interest Expense": 7000.0,
        "Interest Income": 14000.0,
        "Normalized Income": -4278000.0,
        "Net Income From Continuing And Discontinued Operation": -4278000.0,
        "Total Expenses": 11542000.0,
        "Total Operating Income As Reported": -4467000.0,
        "Diluted Average Shares": 15499000.0,
        "Basic Average Shares": 15499000.0,
        "Diluted EPS": -0.28,
        "Basic EPS": -0.28,
        "Diluted NI Availto Com Stockholders": -4278000.0,
        "Net Income Common Stockholders": -4278000.0,
        "Net Income": -4278000.0,
        "Net Income Including Noncontrolling Interests": -4278000.0,
        "Net Income Continuous Operations": -4278000.0,
        "Tax Provision": NaN,
        "Pretax Income": -4278000.0,
        "Other Income Expense": 182000.0,
        "Other Non Operating Income Expenses": 182000.0,
        "Special Income Charges": 0.0,
        "Impairment Of Capital Assets": 0.0,
        "Net Non Operating Interest Income Expense": 7000.0,
        "Interest Expense Non Operating": 7000.0,
        "Interest Income Non Operating": 14000.0,
        "Operating Income": -4467000.0,
        "Operating Expense": 5901000.0,
        "Other Operating Expenses": 5901000.0,
        "Gross Profit": 1434000.0,
        "Cost Of Revenue": 5641000.0,
        "Total Revenue": 7075000.0,
        "Operating Revenue": 7083000.0
    }
}