{
    "2023-03-31": {
        "Tax Effect Of Unusual Items": NaN,
        "Tax Rate For Calcs": NaN,
        "Normalized EBITDA": NaN,
        "Total Unusual Items": NaN,
        "Total Unusual Items Excluding Goodwill": NaN,
        "Net Income From Continuing Operation Net Minority Interest": NaN,
        "Reconciled Cost Of Revenue": NaN,
        "EBITDA": NaN,
        "EBIT": NaN,
        "Net Interest Income": NaN,
        "Interest Income": NaN,
        "Normalized Income": NaN,
        "Net Income From Continuing And Discontinued Operation": NaN,
        "Total Expenses": NaN,
        "Rent Expense Supplemental": 988844000.0,
        "Total Operating Income As Reported": NaN,
        "Diluted Average Shares": NaN,
        "Basic Average Shares": NaN,
        "Diluted EPS": NaN,
        "Basic EPS": NaN,
        "Diluted NI Availto Com Stockholders": NaN,
        "Net Income Common Stockholders": NaN,
        "Net Income": NaN,
        "Minority Interests": -2902000.0,
        "Net Income Including Noncontrolling Interests": NaN,
        "Net Income Continuous Operations": NaN,
        "Tax Provision": NaN,
        "Pretax Income": NaN,
        "Other Income Expense": NaN,
        "Other Non Operating Income Expenses": NaN,
        "Special Income Charges": NaN,
        "Write Off": NaN,
        "Impairment Of Capital Assets": NaN,
        "Earnings From Equity Interest": NaN,
        "Gain On Sale Of Security": NaN,
        "Net Non Operating Interest Income Expense": NaN,
        "Interest Income Non Operating": NaN,
        "Operating Income": NaN,
        "Operating Expense": NaN,
        "Research And Development": NaN,
        "Selling General And Administration": NaN,
        "Selling And Marketing Expense": NaN,
        "General And Administrative Expense": NaN,
        "Other Gand A": NaN,
        "Gross Profit": NaN,
        "Cost Of Revenue": NaN,
        "Total Revenue": NaN,
        "Operating Revenue": NaN
    },
    "2022-12-31": {
        "Tax Effect Of Unusual Items": NaN,
        "Tax Rate For Calcs": NaN,
        "Normalized EBITDA": NaN,
        "Total Unusual Items": NaN,
        "Total Unusual Items Excluding Goodwill": NaN,
        "Net Income From Continuing Operation Net Minority Interest": NaN,
        "Reconciled Cost Of Revenue": NaN,
        "EBITDA": NaN,
        "EBIT": NaN,
        "Net Interest Income": NaN,
        "Interest Income": NaN,
        "Normalized Income": NaN,
        "Net Income From Continuing And Discontinued Operation": NaN,
        "Total Expenses": NaN,
        "Rent Expense Supplemental": NaN,
        "Total Operating Income As Reported": NaN,
        "Diluted Average Shares": NaN,
        "Basic Average Shares": NaN,
        "Diluted EPS": NaN,
        "Basic EPS": NaN,
        "Diluted NI Availto Com Stockholders": NaN,
        "Net Income Common Stockholders": NaN,
        "Net Income": NaN,
        "Minority Interests": NaN,
        "Net Income Including Noncontrolling Interests": NaN,
        "Net Income Continuous Operations": NaN,
        "Tax Provision": NaN,
        "Pretax Income": NaN,
        "Other Income Expense": NaN,
        "Other Non Operating Income Expenses": NaN,
        "Special Income Charges": NaN,
        "Write Off": NaN,
        "Impairment Of Capital Assets": 71813000.0,
        "Earnings From Equity Interest": NaN,
        "Gain On Sale Of Security": NaN,
        "Net Non Operating Interest Income Expense": NaN,
        "Interest Income Non Operating": NaN,
        "Operating Income": NaN,
        "Operating Expense": NaN,
        "Research And Development": NaN,
        "Selling General And Administration": NaN,
        "Selling And Marketing Expense": NaN,
        "General And Administrative Expense": NaN,
        "Other Gand A": NaN,
        "Gross Profit": NaN,
        "Cost Of Revenue": NaN,
        "Total Revenue": NaN,
        "Operating Revenue": NaN
    },
    "2022-09-30": {
        "Tax Effect Of Unusual Items": NaN,
        "Tax Rate For Calcs": NaN,
        "Normalized EBITDA": NaN,
        "Total Unusual Items": NaN,
        "Total Unusual Items Excluding Goodwill": NaN,
        "Net Income From Continuing Operation Net Minority Interest": NaN,
        "Reconciled Cost Of Revenue": NaN,
        "EBITDA": NaN,
        "EBIT": NaN,
        "Net Interest Income": NaN,
        "Interest Income": NaN,
        "Normalized Income": NaN,
        "Net Income From Continuing And Discontinued Operation": NaN,
        "Total Expenses": NaN,
        "Total Operating Income As Reported": NaN,
        "Diluted Average Shares": NaN,
        "Basic Average Shares": NaN,
        "Diluted EPS": NaN,
        "Basic EPS": NaN,
        "Diluted NI Availto Com Stockholders": NaN,
        "Net Income Common Stockholders": NaN,
        "Net Income": NaN,
        "Minority Interests": NaN,
        "Net Income Including Noncontrolling Interests": NaN,
        "Net Income Continuous Operations": NaN,
        "Tax Provision": NaN,
        "Pretax Income": NaN,
        "Other Income Expense": NaN,
        "Other Non Operating Income Expenses": NaN,
        "Special Income Charges": NaN,
        "Write Off": NaN,
        "Impairment Of Capital Assets": 0.0,
        "Earnings From Equity Interest": NaN,
        "Gain On Sale Of Security": NaN,
        "Net Non Operating Interest Income Expense": NaN,
        "Interest Income Non Operating": NaN,
        "Operating Income": NaN,
        "Operating Expense": NaN,
        "Research And Development": NaN,
        "Selling General And Administration": NaN,
        "Selling And Marketing Expense": NaN,
        "General And Administrative Expense": NaN,
        "Other Gand A": NaN,
        "Gross Profit": NaN,
        "Cost Of Revenue": NaN,
        "Total Revenue": NaN,
        "Operating Revenue": NaN
    },
    "2022-06-30": {
        "Tax Effect Of Unusual Items": -227910800.0,
        "Tax Rate For Calcs": 0.4,
        "Normalized EBITDA": -871968000.0,
        "Total Unusual Items": -569777000.0,
        "Total Unusual Items Excluding Goodwill": -569777000.0,
        "Net Income From Continuing Operation Net Minority Interest": -1868317000.0,
        "Reconciled Cost Of Revenue": 11068642000.0,
        "EBITDA": -1441745000.0,
        "EBIT": -1441745000.0,
        "Net Interest Income": 160096000.0,
        "Interest Income": 160096000.0,
        "Normalized Income": -1526450800.0,
        "Net Income From Continuing And Discontinued Operation": -1868317000.0,
        "Total Expenses": 15218835000.0,
        "Total Operating Income As Reported": -1517989000.0,
        "Diluted Average Shares": 1190658801.0,
        "Basic Average Shares": 1190658801.0,
        "Diluted EPS": -1.56,
        "Basic EPS": -1.56,
        "Diluted NI Availto Com Stockholders": -1868317000.0,
        "Net Income Common Stockholders": -1868317000.0,
        "Net Income": -1868317000.0,
        "Minority Interests": -2607000.0,
        "Net Income Including Noncontrolling Interests": -1865710000.0,
        "Net Income Continuous Operations": -1865710000.0,
        "Tax Provision": 431310000.0,
        "Pretax Income": -1434400000.0,
        "Other Income Expense": -152751000.0,
        "Other Non Operating Income Expenses": 445946000.0,
        "Special Income Charges": -299524000.0,
        "Write Off": 223280000.0,
        "Impairment Of Capital Assets": 76244000.0,
        "Earnings From Equity Interest": -28920000.0,
        "Gain On Sale Of Security": -270253000.0,
        "Net Non Operating Interest Income Expense": 160096000.0,
        "Interest Income Non Operating": 160096000.0,
        "Operating Income": -1441745000.0,
        "Operating Expense": 4150193000.0,
        "Research And Development": 778645000.0,
        "Selling General And Administration": 3371548000.0,
        "Selling And Marketing Expense": 1121541000.0,
        "General And Administrative Expense": 2250007000.0,
        "Other Gand A": 2250007000.0,
        "Gross Profit": 2708448000.0,
        "Cost Of Revenue": 11068642000.0,
        "Total Revenue": 13777090000.0,
        "Operating Revenue": 13777090000.0
    },
    "2022-03-31": {
        "Diluted EPS": -0.08,
        "Total Revenue": NaN,
        "Gross Profit": 350,
        "Operating Income": -145,
        "EBIT": -145,
        "Net Income": -97
    },
    "2021-12-31": {
        "Diluted EPS": -0.11,
        "Total Revenue": NaN,
        "Gross Profit": 494,
        "Operating Income": -183,
        "EBIT": -183,
        "Net Income": -142
    },
    "2021-09-30": {
        "Diluted EPS": -0.23,
        "Total Revenue": NaN,
        "Gross Profit": 428,
        "Operating Income": -357,
        "EBIT": -357,
        "Net Income": -274
    },
    "2021-06-30": {
        "Diluted EPS": 0.14,
        "Total Revenue": NaN,
        "Gross Profit": 826,
        "Operating Income": 173,
        "EBIT": 173,
        "Net Income": 172
    },
    "2021-03-31": {
        "Diluted EPS": 0.13,
        "Total Revenue": NaN,
        "Gross Profit": 735,
        "Operating Income": 155,
        "EBIT": 155,
        "Net Income": 162
    },
    "2020-09-30": {
        "Diluted EPS": -0.05,
        "Total Revenue": NaN,
        "Gross Profit": 646,
        "Operating Income": -12,
        "EBIT": -12,
        "Net Income": -40
    },
    "2019-12-31": {
        "Diluted EPS": 0.0,
        "Total Revenue": NaN,
        "Gross Profit": NaN,
        "Operating Income": NaN,
        "EBIT": NaN,
        "Net Income": NaN
    },
    "2023-06-30": {
        "Tax Effect Of Unusual Items": NaN,
        "Tax Rate For Calcs": NaN,
        "Normalized EBITDA": NaN,
        "Total Unusual Items": NaN,
        "Total Unusual Items Excluding Goodwill": NaN,
        "Net Income From Continuing Operation Net Minority Interest": NaN,
        "Reconciled Cost Of Revenue": NaN,
        "EBITDA": NaN,
        "EBIT": NaN,
        "Net Interest Income": NaN,
        "Interest Income": NaN,
        "Normalized Income": NaN,
        "Net Income From Continuing And Discontinued Operation": NaN,
        "Total Expenses": NaN,
        "Rent Expense Supplemental": 1260041000.0,
        "Total Operating Income As Reported": NaN,
        "Diluted Average Shares": NaN,
        "Basic Average Shares": NaN,
        "Diluted EPS": NaN,
        "Basic EPS": NaN,
        "Diluted NI Availto Com Stockholders": NaN,
        "Net Income Common Stockholders": NaN,
        "Net Income": NaN,
        "Minority Interests": 9228000.0,
        "Net Income Including Noncontrolling Interests": NaN,
        "Net Income Continuous Operations": NaN,
        "Tax Provision": NaN,
        "Pretax Income": NaN,
        "Other Income Expense": NaN,
        "Other Non Operating Income Expenses": NaN,
        "Special Income Charges": NaN,
        "Write Off": NaN,
        "Impairment Of Capital Assets": 32775000.0,
        "Earnings From Equity Interest": NaN,
        "Gain On Sale Of Security": NaN,
        "Net Non Operating Interest Income Expense": NaN,
        "Interest Income Non Operating": NaN,
        "Operating Income": NaN,
        "Operating Expense": NaN,
        "Research And Development": NaN,
        "Selling General And Administration": NaN,
        "Selling And Marketing Expense": NaN,
        "General And Administrative Expense": NaN,
        "Other Gand A": NaN,
        "Gross Profit": NaN,
        "Cost Of Revenue": NaN,
        "Total Revenue": NaN,
        "Operating Revenue": NaN
    },
    "2023-09-30": {
        "Tax Effect Of Unusual Items": NaN,
        "Tax Rate For Calcs": NaN,
        "Normalized EBITDA": NaN,
        "Total Unusual Items": NaN,
        "Total Unusual Items Excluding Goodwill": NaN,
        "Net Income From Continuing Operation Net Minority Interest": NaN,
        "Reconciled Cost Of Revenue": NaN,
        "EBITDA": NaN,
        "EBIT": NaN,
        "Net Interest Income": NaN,
        "Interest Income": NaN,
        "Normalized Income": NaN,
        "Net Income From Continuing And Discontinued Operation": NaN,
        "Total Expenses": NaN,
        "Rent Expense Supplemental": 1748021000.0,
        "Total Operating Income As Reported": NaN,
        "Diluted Average Shares": NaN,
        "Basic Average Shares": NaN,
        "Diluted EPS": NaN,
        "Basic EPS": NaN,
        "Diluted NI Availto Com Stockholders": NaN,
        "Net Income Common Stockholders": NaN,
        "Net Income": NaN,
        "Minority Interests": NaN,
        "Net Income Including Noncontrolling Interests": NaN,
        "Net Income Continuous Operations": NaN,
        "Tax Provision": NaN,
        "Pretax Income": NaN,
        "Other Income Expense": NaN,
        "Other Non Operating Income Expenses": NaN,
        "Special Income Charges": NaN,
        "Write Off": NaN,
        "Impairment Of Capital Assets": 5201000.0,
        "Earnings From Equity Interest": NaN,
        "Gain On Sale Of Security": NaN,
        "Net Non Operating Interest Income Expense": NaN,
        "Interest Income Non Operating": NaN,
        "Operating Income": NaN,
        "Operating Expense": NaN,
        "Research And Development": NaN,
        "Selling General And Administration": NaN,
        "Selling And Marketing Expense": NaN,
        "General And Administrative Expense": NaN,
        "Other Gand A": NaN,
        "Gross Profit": NaN,
        "Cost Of Revenue": NaN,
        "Total Revenue": NaN,
        "Operating Revenue": NaN
    },
    "2023-12-31": {
        "Tax Effect Of Unusual Items": NaN,
        "Tax Rate For Calcs": NaN,
        "Normalized EBITDA": NaN,
        "Total Unusual Items": NaN,
        "Total Unusual Items Excluding Goodwill": NaN,
        "Net Income From Continuing Operation Net Minority Interest": NaN,
        "Reconciled Cost Of Revenue": NaN,
        "EBITDA": NaN,
        "EBIT": NaN,
        "Net Interest Income": NaN,
        "Interest Income": NaN,
        "Normalized Income": NaN,
        "Net Income From Continuing And Discontinued Operation": NaN,
        "Total Expenses": NaN,
        "Rent Expense Supplemental": NaN,
        "Total Operating Income As Reported": NaN,
        "Diluted Average Shares": NaN,
        "Basic Average Shares": NaN,
        "Diluted EPS": NaN,
        "Basic EPS": NaN,
        "Diluted NI Availto Com Stockholders": NaN,
        "Net Income Common Stockholders": NaN,
        "Net Income": NaN,
        "Minority Interests": NaN,
        "Net Income Including Noncontrolling Interests": NaN,
        "Net Income Continuous Operations": NaN,
        "Tax Provision": NaN,
        "Pretax Income": NaN,
        "Other Income Expense": NaN,
        "Other Non Operating Income Expenses": NaN,
        "Special Income Charges": NaN,
        "Write Off": NaN,
        "Impairment Of Capital Assets": 55441000.0,
        "Earnings From Equity Interest": NaN,
        "Gain On Sale Of Security": NaN,
        "Net Non Operating Interest Income Expense": NaN,
        "Interest Income Non Operating": NaN,
        "Operating Income": NaN,
        "Operating Expense": NaN,
        "Research And Development": NaN,
        "Selling General And Administration": NaN,
        "Selling And Marketing Expense": NaN,
        "General And Administrative Expense": NaN,
        "Other Gand A": NaN,
        "Gross Profit": NaN,
        "Cost Of Revenue": NaN,
        "Total Revenue": NaN,
        "Operating Revenue": NaN
    },
    "2024-03-31": {
        "Tax Effect Of Unusual Items": -4032500.0,
        "Tax Rate For Calcs": 0.25,
        "Normalized EBITDA": 27984000.0,
        "Total Unusual Items": -16130000.0,
        "Total Unusual Items Excluding Goodwill": -16130000.0,
        "Net Income From Continuing Operation Net Minority Interest": 431774000.0,
        "Reconciled Cost Of Revenue": 12255228000.0,
        "EBITDA": 11854000.0,
        "EBIT": 11854000.0,
        "Net Interest Income": 309675000.0,
        "Interest Income": 309675000.0,
        "Normalized Income": 443871500.0,
        "Net Income From Continuing And Discontinued Operation": 431774000.0,
        "Total Expenses": 16365460000.0,
        "Rent Expense Supplemental": 2480497000.0,
        "Total Operating Income As Reported": 11854000.0,
        "Diluted Average Shares": 1180620502.0,
        "Basic Average Shares": 1146535476.0,
        "Diluted EPS": 0.36,
        "Basic EPS": 0.39,
        "Diluted NI Availto Com Stockholders": 431774000.0,
        "Net Income Common Stockholders": 431774000.0,
        "Net Income": 431774000.0,
        "Minority Interests": -348000.0,
        "Net Income Including Noncontrolling Interests": 432122000.0,
        "Net Income Continuous Operations": 432122000.0,
        "Tax Provision": 406829000.0,
        "Pretax Income": 838951000.0,
        "Other Income Expense": 517422000.0,
        "Other Non Operating Income Expenses": 537638000.0,
        "Special Income Charges": -6147000.0,
        "Write Off": 6147000.0,
        "Impairment Of Capital Assets": NaN,
        "Earnings From Equity Interest": -4086000.0,
        "Gain On Sale Of Security": -9983000.0,
        "Net Non Operating Interest Income Expense": 309675000.0,
        "Interest Income Non Operating": 309675000.0,
        "Operating Income": 11854000.0,
        "Operating Expense": 4110232000.0,
        "Research And Development": 467300000.0,
        "Selling General And Administration": 3642932000.0,
        "Selling And Marketing Expense": 1623737000.0,
        "General And Administrative Expense": 2019195000.0,
        "Other Gand A": 2019195000.0,
        "Gross Profit": 4122086000.0,
        "Cost Of Revenue": 12255228000.0,
        "Total Revenue": 16377314000.0,
        "Operating Revenue": 16377314000.0
    },
    "2024-06-30": {
        "Tax Effect Of Unusual Items": -7118400.793784,
        "Tax Rate For Calcs": 0.308784,
        "Normalized EBITDA": 2074569000.0,
        "Total Unusual Items": -23053000.0,
        "Total Unusual Items Excluding Goodwill": -23053000.0,
        "Net Income From Continuing Operation Net Minority Interest": 1892061000.0,
        "Reconciled Cost Of Revenue": 16853380000.0,
        "EBITDA": 2051516000.0,
        "EBIT": 2051516000.0,
        "Net Interest Income": 356578000.0,
        "Interest Income": 356578000.0,
        "Normalized Income": 1907995599.206216,
        "Net Income From Continuing And Discontinued Operation": 1892061000.0,
        "Total Expenses": 21318914000.0,
        "Rent Expense Supplemental": 3001325000.0,
        "Total Operating Income As Reported": 2015119000.0,
        "Diluted Average Shares": 1175085491.0,
        "Basic Average Shares": 1135416745.0,
        "Diluted EPS": 1.62,
        "Basic EPS": 1.68,
        "Diluted NI Availto Com Stockholders": 1892061000.0,
        "Net Income Common Stockholders": 1892061000.0,
        "Net Income": 1892061000.0,
        "Minority Interests": -8343000.0,
        "Net Income Including Noncontrolling Interests": 1900404000.0,
        "Net Income Continuous Operations": 1900404000.0,
        "Tax Provision": 848960000.0,
        "Pretax Income": 2749364000.0,
        "Other Income Expense": 341270000.0,
        "Other Non Operating Income Expenses": 363972000.0,
        "Special Income Charges": -38299000.0,
        "Write Off": 1902000.0,
        "Impairment Of Capital Assets": 36397000.0,
        "Earnings From Equity Interest": 351000.0,
        "Gain On Sale Of Security": 15246000.0,
        "Net Non Operating Interest Income Expense": 356578000.0,
        "Interest Income Non Operating": 356578000.0,
        "Operating Income": 2051516000.0,
        "Operating Expense": 4465534000.0,
        "Research And Development": 504509000.0,
        "Selling General And Administration": 3961025000.0,
        "Selling And Marketing Expense": 1881726000.0,
        "General And Administrative Expense": 2079299000.0,
        "Other Gand A": 2079299000.0,
        "Gross Profit": 6517050000.0,
        "Cost Of Revenue": 16853380000.0,
        "Total Revenue": 23370430000.0,
        "Operating Revenue": 23370430000.0
    },
    "2024-09-30": {
        "Tax Effect Of Unusual Items": 46335187.24264,
        "Tax Rate For Calcs": 0.300999,
        "Normalized EBITDA": 573026000.0,
        "Total Unusual Items": 153938000.0,
        "Total Unusual Items Excluding Goodwill": 153938000.0,
        "Net Income From Continuing Operation Net Minority Interest": 1171073000.0,
        "Reconciled Cost Of Revenue": 17449914000.0,
        "EBITDA": 726964000.0,
        "EBIT": 726964000.0,
        "Net Interest Income": 310493000.0,
        "Interest Income": 310493000.0,
        "Normalized Income": 1063470187.24264,
        "Net Income From Continuing And Discontinued Operation": 1171073000.0,
        "Total Expenses": 21857683000.0,
        "Rent Expense Supplemental": 3766972000.0,
        "Total Operating Income As Reported": 726964000.0,
        "Diluted Average Shares": 1167050588.0,
        "Basic Average Shares": 1126670506.0,
        "Diluted EPS": 0.99,
        "Basic EPS": 1.05,
        "Diluted NI Availto Com Stockholders": 1171073000.0,
        "Net Income Common Stockholders": 1171073000.0,
        "Net Income": 1171073000.0,
        "Minority Interests": 2667000.0,
        "Net Income Including Noncontrolling Interests": 1168406000.0,
        "Net Income Continuous Operations": 1168406000.0,
        "Tax Provision": 503131000.0,
        "Pretax Income": 1671537000.0,
        "Other Income Expense": 634080000.0,
        "Other Non Operating Income Expenses": 472359000.0,
        "Special Income Charges": -388000.0,
        "Write Off": 388000.0,
        "Impairment Of Capital Assets": 0.0,
        "Earnings From Equity Interest": 7783000.0,
        "Gain On Sale Of Security": 154326000.0,
        "Net Non Operating Interest Income Expense": 310493000.0,
        "Interest Income Non Operating": 310493000.0,
        "Operating Income": 726964000.0,
        "Operating Expense": 4407769000.0,
        "Research And Development": 572932000.0,
        "Selling General And Administration": 3834837000.0,
        "Selling And Marketing Expense": 1933878000.0,
        "General And Administrative Expense": 1900959000.0,
        "Other Gand A": 1900959000.0,
        "Gross Profit": 5134733000.0,
        "Cost Of Revenue": 17449914000.0,
        "Total Revenue": 22584647000.0,
        "Operating Revenue": 22584647000.0
    },
    "2024-12-31": {
        "Tax Effect Of Unusual Items": 170414000.0,
        "Tax Rate For Calcs": 0.25,
        "Normalized EBITDA": 3411980000.0,
        "Total Unusual Items": 681656000.0,
        "Total Unusual Items Excluding Goodwill": 681656000.0,
        "Net Income From Continuing Operation Net Minority Interest": 569992000.0,
        "Reconciled Cost Of Revenue": 23954921000.0,
        "EBITDA": 4093636000.0,
        "EBIT": 4093636000.0,
        "Net Interest Income": 283417000.0,
        "Interest Income": 311968000.0,
        "Normalized Income": 58750000.0,
        "Net Income From Continuing And Discontinued Operation": 569992000.0,
        "Total Expenses": 29267700000.0,
        "Rent Expense Supplemental": 4370712000.0,
        "Total Operating Income As Reported": 1011030000.0,
        "Diluted Average Shares": 1175029475.0,
        "Basic Average Shares": 1118982744.0,
        "Diluted EPS": 0.48,
        "Basic EPS": 0.51,
        "Diluted NI Availto Com Stockholders": 569992000.0,
        "Net Income Common Stockholders": 569992000.0,
        "Net Income": 569992000.0,
        "Minority Interests": -7256000.0,
        "Net Income Including Noncontrolling Interests": 577248000.0,
        "Net Income Continuous Operations": 577248000.0,
        "Tax Provision": 1032969000.0,
        "Pretax Income": 1610217000.0,
        "Other Income Expense": -530607000.0,
        "Other Non Operating Income Expenses": -1218407000.0,
        "Special Income Charges": -116150000.0,
        "Write Off": 971000.0,
        "Impairment Of Capital Assets": 115179000.0,
        "Earnings From Equity Interest": 6144000.0,
        "Gain On Sale Of Security": 797806000.0,
        "Net Non Operating Interest Income Expense": 283417000.0,
        "Interest Income Non Operating": 311968000.0,
        "Operating Income": 1857407000.0,
        "Operating Expense": 5312779000.0,
        "Research And Development": 738683000.0,
        "Selling General And Administration": 5305294000.0,
        "Selling And Marketing Expense": 2344000000.0,
        "General And Administrative Expense": 2961294000.0,
        "Other Gand A": 2961294000.0,
        "Gross Profit": 7170186000.0,
        "Cost Of Revenue": 23954921000.0,
        "Total Revenue": 31125107000.0,
        "Operating Revenue": 31125107000.0
    },
    "2025-03-31": {
        "Tax Effect Of Unusual Items": 27026586.418789,
        "Tax Rate For Calcs": 0.381446,
        "Normalized EBITDA": 519712000.0,
        "Total Unusual Items": 70853000.0,
        "Total Unusual Items Excluding Goodwill": 70853000.0,
        "Net Income From Continuing Operation Net Minority Interest": 855767000.0,
        "Reconciled Cost Of Revenue": 18507455000.0,
        "EBITDA": 590565000.0,
        "EBIT": 590565000.0,
        "Net Interest Income": 268568000.0,
        "Interest Income": 268568000.0,
        "Normalized Income": 811940586.418789,
        "Net Income From Continuing And Discontinued Operation": 855767000.0,
        "Total Expenses": 22737782000.0,
        "Rent Expense Supplemental": NaN,
        "Total Operating Income As Reported": 590565000.0,
        "Diluted Average Shares": 1174000690.0,
        "Basic Average Shares": 1120905339.0,
        "Diluted EPS": 0.72,
        "Basic EPS": 0.75,
        "Diluted NI Availto Com Stockholders": 855767000.0,
        "Net Income Common Stockholders": 855767000.0,
        "Net Income": 855767000.0,
        "Minority Interests": 444000.0,
        "Net Income Including Noncontrolling Interests": 855323000.0,
        "Net Income Continuous Operations": 855323000.0,
        "Tax Provision": 527455000.0,
        "Pretax Income": 1382778000.0,
        "Other Income Expense": 523645000.0,
        "Other Non Operating Income Expenses": 445447000.0,
        "Special Income Charges": 0.0,
        "Write Off": 0.0,
        "Impairment Of Capital Assets": NaN,
        "Earnings From Equity Interest": 7345000.0,
        "Gain On Sale Of Security": 70853000.0,
        "Net Non Operating Interest Income Expense": 268568000.0,
        "Interest Income Non Operating": 268568000.0,
        "Operating Income": 590565000.0,
        "Operating Expense": 4230327000.0,
        "Research And Development": 583610000.0,
        "Selling General And Administration": 3646717000.0,
        "Selling And Marketing Expense": 1772957000.0,
        "General And Administrative Expense": 1873760000.0,
        "Other Gand A": 1873760000.0,
        "Gross Profit": 4820892000.0,
        "Cost Of Revenue": 18507455000.0,
        "Total Revenue": 23328347000.0,
        "Operating Revenue": 23328347000.0
    }
}