{
    "2023-06-30": {
        "Tax Effect Of Unusual Items": 3255155.730269,
        "Tax Rate For Calcs": 0.254309,
        "Normalized EBITDA": 463600000.0,
        "Total Unusual Items": 12800000.0,
        "Total Unusual Items Excluding Goodwill": 12800000.0,
        "Net Income From Continuing Operation Net Minority Interest": 227500000.0,
        "Reconciled Depreciation": 110800000.0,
        "Reconciled Cost Of Revenue": 348500000.0,
        "EBITDA": 476400000.0,
        "EBIT": 365600000.0,
        "Net Interest Income": -34900000.0,
        "Interest Expense": 34900000.0,
        "Normalized Income": 217955155.730269,
        "Net Income From Continuing And Discontinued Operation": 227500000.0,
        "Total Expenses": 1621200000.0,
        "Rent Expense Supplemental": 56900000.0,
        "Total Operating Income As Reported": 314900000.0,
        "Diluted Average Shares": 491400000.0,
        "Basic Average Shares": 490700000.0,
        "Diluted EPS": 0.44,
        "Basic EPS": 0.44,
        "Diluted NI Availto Com Stockholders": 217300000.0,
        "Net Income Common Stockholders": 217300000.0,
        "Otherunder Preferred Stock Dividend": 10200000.0,
        "Net Income": 227500000.0,
        "Minority Interests": -19100000.0,
        "Net Income Including Noncontrolling Interests": 246600000.0,
        "Net Income Continuous Operations": 246600000.0,
        "Tax Provision": 84100000.0,
        "Pretax Income": 330700000.0,
        "Other Income Expense": 17800000.0,
        "Other Non Operating Income Expenses": 14100000.0,
        "Special Income Charges": -32900000.0,
        "Restructuring And Mergern Acquisition": 32900000.0,
        "Earnings From Equity Interest": -9100000.0,
        "Gain On Sale Of Security": 45700000.0,
        "Net Non Operating Interest Income Expense": -34900000.0,
        "Interest Expense Non Operating": 34900000.0,
        "Operating Income": 347800000.0,
        "Operating Expense": 1247300000.0,
        "Other Operating Expenses": 127300000.0,
        "Depreciation Amortization Depletion Income Statement": 85400000.0,
        "Depreciation And Amortization In Income Statement": 85400000.0,
        "Amortization": 85400000.0,
        "Amortization Of Intangibles Income Statement": 85400000.0,
        "Selling General And Administration": 1034600000.0,
        "Selling And Marketing Expense": 406800000.0,
        "General And Administrative Expense": 627800000.0,
        "Other Gand A": 136500000.0,
        "Rent And Landing Fees": 56900000.0,
        "Salaries And Wages": 434400000.0,
        "Gross Profit": 1595100000.0,
        "Cost Of Revenue": 373900000.0,
        "Total Revenue": 1969000000.0,
        "Operating Revenue": 1956200000.0
    },
    "2023-03-31": {
        "Tax Effect Of Unusual Items": 20675600.0,
        "Tax Rate For Calcs": 0.254,
        "Normalized EBITDA": 431900000.0,
        "Total Unusual Items": 81400000.0,
        "Total Unusual Items Excluding Goodwill": 81400000.0,
        "Net Income From Continuing Operation Net Minority Interest": 194200000.0,
        "Reconciled Depreciation": 113800000.0,
        "Reconciled Cost Of Revenue": 369300000.0,
        "EBITDA": 513300000.0,
        "EBIT": 399500000.0,
        "Net Interest Income": -33500000.0,
        "Interest Expense": 33500000.0,
        "Normalized Income": 133475600.0,
        "Net Income From Continuing And Discontinued Operation": 194200000.0,
        "Total Expenses": 1640900000.0,
        "Rent Expense Supplemental": 59700000.0,
        "Total Operating Income As Reported": 255100000.0,
        "Diluted Average Shares": 491400000.0,
        "Basic Average Shares": 490700000.0,
        "Diluted EPS": 0.38,
        "Basic EPS": 0.38,
        "Diluted NI Availto Com Stockholders": 185200000.0,
        "Net Income Common Stockholders": 185200000.0,
        "Otherunder Preferred Stock Dividend": 9000000.0,
        "Net Income": 194200000.0,
        "Minority Interests": -78900000.0,
        "Net Income Including Noncontrolling Interests": 273100000.0,
        "Net Income Continuous Operations": 273100000.0,
        "Tax Provision": 92900000.0,
        "Pretax Income": 366000000.0,
        "Other Income Expense": 113200000.0,
        "Other Non Operating Income Expenses": 11200000.0,
        "Special Income Charges": -31200000.0,
        "Restructuring And Mergern Acquisition": 31200000.0,
        "Earnings From Equity Interest": 20600000.0,
        "Gain On Sale Of Security": 112600000.0,
        "Net Non Operating Interest Income Expense": -33500000.0,
        "Interest Expense Non Operating": 33500000.0,
        "Operating Income": 286300000.0,
        "Operating Expense": 1243800000.0,
        "Other Operating Expenses": 128000000.0,
        "Depreciation Amortization Depletion Income Statement": 86000000.0,
        "Depreciation And Amortization In Income Statement": 86000000.0,
        "Amortization": 86000000.0,
        "Amortization Of Intangibles Income Statement": 86000000.0,
        "Selling General And Administration": 1029800000.0,
        "Selling And Marketing Expense": 406600000.0,
        "General And Administrative Expense": 623200000.0,
        "Other Gand A": 144500000.0,
        "Rent And Landing Fees": 59700000.0,
        "Salaries And Wages": 419000000.0,
        "Gross Profit": 1530100000.0,
        "Cost Of Revenue": 397100000.0,
        "Total Revenue": 1927200000.0,
        "Operating Revenue": 1918000000.0
    },
    "2022-12-31": {
        "Tax Effect Of Unusual Items": NaN,
        "Tax Rate For Calcs": NaN,
        "Normalized EBITDA": NaN,
        "Total Unusual Items": NaN,
        "Total Unusual Items Excluding Goodwill": NaN,
        "Net Income From Continuing Operation Net Minority Interest": NaN,
        "Reconciled Depreciation": NaN,
        "Reconciled Cost Of Revenue": NaN,
        "EBITDA": NaN,
        "EBIT": NaN,
        "Net Interest Income": NaN,
        "Interest Expense": NaN,
        "Normalized Income": NaN,
        "Net Income From Continuing And Discontinued Operation": NaN,
        "Total Expenses": NaN,
        "Rent Expense Supplemental": NaN,
        "Total Operating Income As Reported": NaN,
        "Diluted Average Shares": NaN,
        "Basic Average Shares": NaN,
        "Diluted EPS": NaN,
        "Basic EPS": NaN,
        "Diluted NI Availto Com Stockholders": NaN,
        "Net Income Common Stockholders": NaN,
        "Otherunder Preferred Stock Dividend": NaN,
        "Net Income": NaN,
        "Minority Interests": NaN,
        "Net Income Including Noncontrolling Interests": NaN,
        "Net Income Continuous Operations": NaN,
        "Tax Provision": NaN,
        "Pretax Income": NaN,
        "Other Income Expense": NaN,
        "Other Non Operating Income Expenses": NaN,
        "Special Income Charges": -208100000.0,
        "Restructuring And Mergern Acquisition": 208100000.0,
        "Earnings From Equity Interest": NaN,
        "Gain On Sale Of Security": NaN,
        "Net Non Operating Interest Income Expense": NaN,
        "Interest Expense Non Operating": NaN,
        "Operating Income": NaN,
        "Operating Expense": NaN,
        "Other Operating Expenses": NaN,
        "Depreciation Amortization Depletion Income Statement": NaN,
        "Depreciation And Amortization In Income Statement": NaN,
        "Amortization": NaN,
        "Amortization Of Intangibles Income Statement": NaN,
        "Selling General And Administration": NaN,
        "Selling And Marketing Expense": NaN,
        "General And Administrative Expense": NaN,
        "Other Gand A": NaN,
        "Rent And Landing Fees": NaN,
        "Salaries And Wages": 410500000.0,
        "Gross Profit": NaN,
        "Cost Of Revenue": NaN,
        "Total Revenue": NaN,
        "Operating Revenue": NaN
    },
    "2022-09-30": {
        "Tax Effect Of Unusual Items": -12821400.472069,
        "Tax Rate For Calcs": 0.190795,
        "Normalized EBITDA": 430000000.0,
        "Total Unusual Items": -67200000.0,
        "Total Unusual Items Excluding Goodwill": -67200000.0,
        "Net Income From Continuing Operation Net Minority Interest": 232700000.0,
        "Reconciled Depreciation": 81500000.0,
        "Reconciled Cost Of Revenue": 1180800000.0,
        "EBITDA": 362800000.0,
        "EBIT": 281300000.0,
        "Net Interest Income": -27100000.0,
        "Interest Expense": 27100000.0,
        "Normalized Income": 287078599.527931,
        "Net Income From Continuing And Discontinued Operation": 232700000.0,
        "Total Expenses": 1590500000.0,
        "Rent Expense Supplemental": 55800000.0,
        "Total Operating Income As Reported": 348500000.0,
        "Diluted Average Shares": 488200000.0,
        "Basic Average Shares": 487700000.0,
        "Diluted EPS": 0.46,
        "Basic EPS": 0.46,
        "Diluted NI Availto Com Stockholders": 232700000.0,
        "Net Income Common Stockholders": 232700000.0,
        "Otherunder Preferred Stock Dividend": 8500000.0,
        "Net Income": 232700000.0,
        "Minority Interests": 27000000.0,
        "Net Income Including Noncontrolling Interests": 205700000.0,
        "Net Income Continuous Operations": 205700000.0,
        "Tax Provision": 48500000.0,
        "Pretax Income": 254200000.0,
        "Other Income Expense": -67200000.0,
        "Other Non Operating Income Expenses": 8800000.0,
        "Earnings From Equity Interest": -15400000.0,
        "Gain On Sale Of Security": -67200000.0,
        "Net Non Operating Interest Income Expense": -27100000.0,
        "Interest Expense Non Operating": 27100000.0,
        "Operating Income": 348500000.0,
        "Operating Expense": 409700000.0,
        "Other Operating Expenses": NaN,
        "Depreciation Amortization Depletion Income Statement": 81500000.0,
        "Depreciation And Amortization In Income Statement": 81500000.0,
        "Amortization": 81500000.0,
        "Amortization Of Intangibles Income Statement": 81500000.0,
        "Selling General And Administration": 328200000.0,
        "Selling And Marketing Expense": NaN,
        "General And Administrative Expense": 328200000.0,
        "Other Gand A": 272400000.0,
        "Rent And Landing Fees": 55800000.0,
        "Gross Profit": 758200000.0,
        "Cost Of Revenue": 1180800000.0,
        "Total Revenue": 1939000000.0,
        "Operating Revenue": 1928200000.0
    },
    "2022-06-30": {
        "Tax Effect Of Unusual Items": -20878000.0,
        "Tax Rate For Calcs": 0.286,
        "Normalized EBITDA": 522900000.0,
        "Total Unusual Items": -73000000.0,
        "Total Unusual Items Excluding Goodwill": -73000000.0,
        "Net Income From Continuing Operation Net Minority Interest": 256400000.0,
        "Reconciled Depreciation": 107900000.0,
        "Reconciled Cost Of Revenue": 1180900000.0,
        "EBITDA": 449900000.0,
        "EBIT": 342000000.0,
        "Net Interest Income": -28900000.0,
        "Interest Expense": 28900000.0,
        "Normalized Income": 308522000.0,
        "Net Income From Continuing And Discontinued Operation": 256400000.0,
        "Total Expenses": 1626600000.0,
        "Rent Expense Supplemental": 53800000.0,
        "Total Operating Income As Reported": 404700000.0,
        "Diluted Average Shares": 487900000.0,
        "Basic Average Shares": 487500000.0,
        "Diluted EPS": 0.5,
        "Basic EPS": 0.5,
        "Diluted NI Availto Com Stockholders": 245200000.0,
        "Net Income Common Stockholders": 245200000.0,
        "Otherunder Preferred Stock Dividend": 11200000.0,
        "Net Income": 256400000.0,
        "Minority Interests": 32800000.0,
        "Net Income Including Noncontrolling Interests": 223600000.0,
        "Net Income Continuous Operations": 223600000.0,
        "Tax Provision": 89500000.0,
        "Pretax Income": 313100000.0,
        "Other Income Expense": -62700000.0,
        "Other Non Operating Income Expenses": 10400000.0,
        "Earnings From Equity Interest": -100000.0,
        "Gain On Sale Of Security": -73000000.0,
        "Net Non Operating Interest Income Expense": -28900000.0,
        "Interest Expense Non Operating": 28900000.0,
        "Operating Income": 404700000.0,
        "Operating Expense": 419600000.0,
        "Other Operating Expenses": NaN,
        "Depreciation Amortization Depletion Income Statement": 81800000.0,
        "Depreciation And Amortization In Income Statement": 81800000.0,
        "Amortization": 81800000.0,
        "Amortization Of Intangibles Income Statement": 81800000.0,
        "Selling General And Administration": 337800000.0,
        "Selling And Marketing Expense": NaN,
        "General And Administrative Expense": 337800000.0,
        "Other Gand A": 284000000.0,
        "Rent And Landing Fees": 53800000.0,
        "Gross Profit": 824300000.0,
        "Cost Of Revenue": 1207000000.0,
        "Total Revenue": 2031300000.0,
        "Operating Revenue": 2018600000.0
    },
    "2022-03-31": {
        "Diluted EPS": 0.68,
        "Total Revenue": NaN,
        "Gross Profit": NaN,
        "Operating Income": 463,
        "EBIT": 560,
        "Net Income": 335
    },
    "2021-12-31": {
        "Diluted EPS": 0.88,
        "Total Revenue": NaN,
        "Gross Profit": NaN,
        "Operating Income": 558,
        "EBIT": 657,
        "Net Income": 453
    },
    "2021-09-30": {
        "Diluted EPS": 1.3,
        "Total Revenue": NaN,
        "Gross Profit": NaN,
        "Operating Income": 532,
        "EBIT": 617,
        "Net Income": 639
    },
    "2021-06-30": {
        "Diluted EPS": 0.86,
        "Total Revenue": NaN,
        "Gross Profit": NaN,
        "Operating Income": 478,
        "EBIT": 583,
        "Net Income": 419
    },
    "2021-03-31": {
        "Diluted EPS": 0.74,
        "Total Revenue": NaN,
        "Gross Profit": NaN,
        "Operating Income": 456,
        "EBIT": 557,
        "Net Income": 365
    },
    "2020-12-31": {
        "Diluted EPS": 0.67,
        "Total Revenue": NaN,
        "Gross Profit": NaN,
        "Operating Income": 409,
        "EBIT": 508,
        "Net Income": 331
    },
    "2020-09-30": {
        "Diluted EPS": 0.15,
        "Total Revenue": NaN,
        "Gross Profit": NaN,
        "Operating Income": 104,
        "EBIT": 180,
        "Net Income": 74
    },
    "2020-06-30": {
        "Diluted EPS": 0.58,
        "Total Revenue": NaN,
        "Gross Profit": NaN,
        "Operating Income": 233,
        "EBIT": 273,
        "Net Income": 286
    },
    "2020-03-31": {
        "Diluted EPS": 0.16,
        "Total Revenue": NaN,
        "Gross Profit": NaN,
        "Operating Income": 340,
        "EBIT": 385,
        "Net Income": 77
    },
    "2019-12-31": {
        "Diluted EPS": 0.7,
        "Total Revenue": NaN,
        "Gross Profit": NaN,
        "Operating Income": 373,
        "EBIT": 420,
        "Net Income": 346
    },
    "2019-09-30": {
        "Diluted EPS": 0.61,
        "Total Revenue": NaN,
        "Gross Profit": NaN,
        "Operating Income": 301,
        "EBIT": 353,
        "Net Income": 304
    },
    "2019-06-30": {
        "Diluted EPS": 0.48,
        "Total Revenue": NaN,
        "Gross Profit": NaN,
        "Operating Income": 375,
        "EBIT": 421,
        "Net Income": 243
    },
    "2019-03-31": {
        "Diluted EPS": 0.72,
        "Total Revenue": NaN,
        "Gross Profit": NaN,
        "Operating Income": 380,
        "EBIT": 419,
        "Net Income": 364
    },
    "2018-12-31": {
        "Diluted EPS": 0.54,
        "Total Revenue": NaN,
        "Gross Profit": NaN,
        "Operating Income": 412,
        "EBIT": 454,
        "Net Income": 273
    },
    "2018-09-30": {
        "Diluted EPS": 0.92,
        "Total Revenue": NaN,
        "Gross Profit": NaN,
        "Operating Income": 388,
        "EBIT": 426,
        "Net Income": 489
    },
    "2018-06-30": {
        "Diluted EPS": 0.75,
        "Total Revenue": NaN,
        "Gross Profit": NaN,
        "Operating Income": 503,
        "EBIT": 544,
        "Net Income": 399
    },
    "2018-03-31": {
        "Diluted EPS": 0.78,
        "Total Revenue": NaN,
        "Gross Profit": NaN,
        "Operating Income": 556,
        "EBIT": 595,
        "Net Income": 443
    },
    "2017-12-31": {
        "Diluted EPS": -1.06,
        "Total Revenue": NaN,
        "Gross Profit": NaN,
        "Operating Income": 581,
        "EBIT": 621,
        "Net Income": -584
    },
    "2017-09-30": {
        "Diluted EPS": 0.77,
        "Total Revenue": NaN,
        "Gross Profit": NaN,
        "Operating Income": 558,
        "EBIT": 595,
        "Net Income": 423
    },
    "2017-06-30": {
        "Diluted EPS": 0.73,
        "Total Revenue": NaN,
        "Gross Profit": NaN,
        "Operating Income": 564,
        "EBIT": 605,
        "Net Income": 407
    },
    "2017-03-31": {
        "Diluted EPS": 0.74,
        "Total Revenue": NaN,
        "Gross Profit": NaN,
        "Operating Income": 556,
        "EBIT": 593,
        "Net Income": 417
    },
    "2016-12-31": {
        "Diluted EPS": 0.77,
        "Total Revenue": NaN,
        "Gross Profit": NaN,
        "Operating Income": 587,
        "EBIT": 624,
        "Net Income": 437
    },
    "2016-09-30": {
        "Diluted EPS": 0.82,
        "Total Revenue": NaN,
        "Gross Profit": NaN,
        "Operating Income": 579,
        "EBIT": 618,
        "Net Income": 470
    },
    "2016-06-30": {
        "Diluted EPS": 0.77,
        "Total Revenue": NaN,
        "Gross Profit": NaN,
        "Operating Income": 595,
        "EBIT": 636,
        "Net Income": 443
    },
    "2016-03-31": {
        "Diluted EPS": 0.61,
        "Total Revenue": NaN,
        "Gross Profit": NaN,
        "Operating Income": 537,
        "EBIT": 575,
        "Net Income": 358
    },
    "2015-12-31": {
        "Diluted EPS": 0.74,
        "Total Revenue": NaN,
        "Gross Profit": NaN,
        "Operating Income": 654,
        "EBIT": 699,
        "Net Income": 445
    },
    "2015-09-30": {
        "Diluted EPS": 0.58,
        "Total Revenue": NaN,
        "Gross Profit": NaN,
        "Operating Income": 718,
        "EBIT": 769,
        "Net Income": 354
    },
    "2015-06-30": {
        "Diluted EPS": 0.82,
        "Total Revenue": NaN,
        "Gross Profit": NaN,
        "Operating Income": 770,
        "EBIT": 821,
        "Net Income": 504
    },
    "2015-03-31": {
        "Diluted EPS": 0.98,
        "Total Revenue": NaN,
        "Gross Profit": NaN,
        "Operating Income": 758,
        "EBIT": 811,
        "Net Income": 603
    },
    "2014-12-31": {
        "Diluted EPS": 0.91,
        "Total Revenue": NaN,
        "Gross Profit": NaN,
        "Operating Income": 782,
        "EBIT": 837,
        "Net Income": 563
    },
    "2014-09-30": {
        "Diluted EPS": 1.02,
        "Total Revenue": NaN,
        "Gross Profit": NaN,
        "Operating Income": 835,
        "EBIT": 888,
        "Net Income": 638
    },
    "2014-06-30": {
        "Diluted EPS": 0.92,
        "Total Revenue": NaN,
        "Gross Profit": NaN,
        "Operating Income": 787,
        "EBIT": 840,
        "Net Income": 575
    },
    "2014-03-31": {
        "Diluted EPS": 0.89,
        "Total Revenue": NaN,
        "Gross Profit": NaN,
        "Operating Income": 786,
        "EBIT": 844,
        "Net Income": 557
    },
    "2013-12-31": {
        "Diluted EPS": 0.96,
        "Total Revenue": NaN,
        "Gross Profit": NaN,
        "Operating Income": 813,
        "EBIT": 872,
        "Net Income": 600
    },
    "2013-09-30": {
        "Diluted EPS": 0.8,
        "Total Revenue": NaN,
        "Gross Profit": NaN,
        "Operating Income": 735,
        "EBIT": 793,
        "Net Income": 499
    },
    "2013-06-30": {
        "Diluted EPS": 0.86,
        "Total Revenue": NaN,
        "Gross Profit": NaN,
        "Operating Income": 772,
        "EBIT": 830,
        "Net Income": 548
    },
    "2013-03-31": {
        "Diluted EPS": 0.9,
        "Total Revenue": NaN,
        "Gross Profit": NaN,
        "Operating Income": 729,
        "EBIT": 790,
        "Net Income": 573
    },
    "2012-12-31": {
        "Diluted EPS": 0.81,
        "Total Revenue": NaN,
        "Gross Profit": NaN,
        "Operating Income": 685,
        "EBIT": 739,
        "Net Income": 516
    },
    "2012-09-30": {
        "Diluted EPS": 0.76,
        "Total Revenue": NaN,
        "Gross Profit": NaN,
        "Operating Income": 623,
        "EBIT": 672,
        "Net Income": 490
    },
    "2012-06-30": {
        "Diluted EPS": 0.71,
        "Total Revenue": NaN,
        "Gross Profit": NaN,
        "Operating Income": 643,
        "EBIT": 697,
        "Net Income": 452
    },
    "2012-03-31": {
        "Diluted EPS": 0.77,
        "Total Revenue": NaN,
        "Gross Profit": NaN,
        "Operating Income": 617,
        "EBIT": 673,
        "Net Income": 500
    },
    "2011-12-31": {
        "Diluted EPS": 0.73,
        "Total Revenue": NaN,
        "Gross Profit": NaN,
        "Operating Income": 632,
        "EBIT": 685,
        "Net Income": 477
    },
    "2011-09-30": {
        "Diluted EPS": 0.62,
        "Total Revenue": NaN,
        "Gross Profit": NaN,
        "Operating Income": 688,
        "EBIT": 750,
        "Net Income": 415
    },
    "2011-06-30": {
        "Diluted EPS": 0.75,
        "Total Revenue": NaN,
        "Gross Profit": NaN,
        "Operating Income": 683,
        "EBIT": 741,
        "Net Income": 500
    },
    "2011-03-31": {
        "Diluted EPS": 0.75,
        "Total Revenue": NaN,
        "Gross Profit": NaN,
        "Operating Income": 629,
        "EBIT": 691,
        "Net Income": 500
    },
    "2010-12-31": {
        "Diluted EPS": 0.74,
        "Total Revenue": NaN,
        "Gross Profit": NaN,
        "Operating Income": 659,
        "EBIT": 722,
        "Net Income": 499
    },
    "2010-09-30": {
        "Diluted EPS": 0.55,
        "Total Revenue": NaN,
        "Gross Profit": NaN,
        "Operating Income": 509,
        "EBIT": 576,
        "Net Income": 373
    },
    "2010-06-30": {
        "Diluted EPS": 0.53,
        "Total Revenue": NaN,
        "Gross Profit": NaN,
        "Operating Income": 522,
        "EBIT": 591,
        "Net Income": 358
    },
    "2010-03-31": {
        "Diluted EPS": 0.52,
        "Total Revenue": NaN,
        "Gross Profit": NaN,
        "Operating Income": 461,
        "EBIT": 526,
        "Net Income": 355
    },
    "2009-12-31": {
        "Diluted EPS": 0.51,
        "Total Revenue": NaN,
        "Gross Profit": NaN,
        "Operating Income": 467,
        "EBIT": 533,
        "Net Income": 352
    },
    "2009-09-30": {
        "Diluted EPS": 0.53,
        "Total Revenue": NaN,
        "Gross Profit": NaN,
        "Operating Income": 385,
        "EBIT": 436,
        "Net Income": 365
    },
    "2009-06-30": {
        "Diluted EPS": 0.43,
        "Total Revenue": NaN,
        "Gross Profit": 723,
        "Operating Income": 326,
        "EBIT": 367,
        "Net Income": 295
    },
    "2009-03-31": {
        "Diluted EPS": 0.16,
        "Total Revenue": 912,
        "Gross Profit": 619,
        "Operating Income": 223,
        "EBIT": 266,
        "Net Income": 110
    },
    "2023-09-30": {
        "Tax Effect Of Unusual Items": 3276269.18536,
        "Tax Rate For Calcs": 0.177096,
        "Normalized EBITDA": 541900000.0,
        "Total Unusual Items": 18500000.0,
        "Total Unusual Items Excluding Goodwill": 18500000.0,
        "Net Income From Continuing Operation Net Minority Interest": 295500000.0,
        "Reconciled Depreciation": 112500000.0,
        "Reconciled Cost Of Revenue": 341900000.0,
        "EBITDA": 560400000.0,
        "EBIT": 447900000.0,
        "Net Interest Income": -24400000.0,
        "Interest Expense": 24400000.0,
        "Normalized Income": 280276269.18536,
        "Net Income From Continuing And Discontinued Operation": 295500000.0,
        "Total Expenses": 1585400000.0,
        "Rent Expense Supplemental": 57800000.0,
        "Total Operating Income As Reported": 338300000.0,
        "Diluted Average Shares": 490000000.0,
        "Basic Average Shares": 489200000.0,
        "Diluted EPS": 0.58,
        "Basic EPS": 0.58,
        "Diluted NI Availto Com Stockholders": 284500000.0,
        "Net Income Common Stockholders": 284500000.0,
        "Otherunder Preferred Stock Dividend": 11000000.0,
        "Net Income": 295500000.0,
        "Minority Interests": -53000000.0,
        "Net Income Including Noncontrolling Interests": 348500000.0,
        "Net Income Continuous Operations": 348500000.0,
        "Tax Provision": 75000000.0,
        "Pretax Income": 423500000.0,
        "Other Income Expense": 47200000.0,
        "Other Non Operating Income Expenses": 16700000.0,
        "Special Income Charges": -62400000.0,
        "Restructuring And Mergern Acquisition": 62400000.0,
        "Earnings From Equity Interest": 12000000.0,
        "Gain On Sale Of Security": 80900000.0,
        "Net Non Operating Interest Income Expense": -24400000.0,
        "Interest Expense Non Operating": 24400000.0,
        "Operating Income": 400700000.0,
        "Operating Expense": 1217500000.0,
        "Other Operating Expenses": 128300000.0,
        "Depreciation Amortization Depletion Income Statement": 86500000.0,
        "Depreciation And Amortization In Income Statement": 86500000.0,
        "Amortization": 86500000.0,
        "Amortization Of Intangibles Income Statement": 86500000.0,
        "Selling General And Administration": 1002700000.0,
        "Selling And Marketing Expense": 411100000.0,
        "General And Administrative Expense": 591600000.0,
        "Other Gand A": 137800000.0,
        "Rent And Landing Fees": 57800000.0,
        "Salaries And Wages": 396000000.0,
        "Gross Profit": 1618200000.0,
        "Cost Of Revenue": 367900000.0,
        "Total Revenue": 1986100000.0,
        "Operating Revenue": 1978000000.0
    },
    "2023-12-31": {
        "Tax Effect Of Unusual Items": NaN,
        "Tax Rate For Calcs": NaN,
        "Normalized EBITDA": NaN,
        "Total Unusual Items": NaN,
        "Total Unusual Items Excluding Goodwill": NaN,
        "Net Income From Continuing Operation Net Minority Interest": NaN,
        "Reconciled Depreciation": NaN,
        "Reconciled Cost Of Revenue": NaN,
        "EBITDA": NaN,
        "EBIT": NaN,
        "Net Interest Income": NaN,
        "Interest Expense": NaN,
        "Normalized Income": NaN,
        "Net Income From Continuing And Discontinued Operation": NaN,
        "Total Expenses": NaN,
        "Rent Expense Supplemental": NaN,
        "Total Operating Income As Reported": NaN,
        "Diluted Average Shares": 487900000.0,
        "Basic Average Shares": 487000000.0,
        "Diluted EPS": 0.5,
        "Basic EPS": 0.5,
        "Diluted NI Availto Com Stockholders": NaN,
        "Net Income Common Stockholders": NaN,
        "Otherunder Preferred Stock Dividend": NaN,
        "Net Income": NaN,
        "Minority Interests": NaN,
        "Net Income Including Noncontrolling Interests": NaN,
        "Net Income Continuous Operations": NaN,
        "Tax Provision": NaN,
        "Pretax Income": NaN,
        "Other Income Expense": NaN,
        "Other Non Operating Income Expenses": NaN,
        "Special Income Charges": NaN,
        "Impairment Of Capital Assets": NaN,
        "Restructuring And Mergern Acquisition": NaN,
        "Earnings From Equity Interest": NaN,
        "Gain On Sale Of Security": NaN,
        "Net Non Operating Interest Income Expense": NaN,
        "Interest Expense Non Operating": NaN,
        "Operating Income": NaN,
        "Operating Expense": NaN,
        "Other Operating Expenses": NaN,
        "Depreciation Amortization Depletion Income Statement": NaN,
        "Depreciation And Amortization In Income Statement": NaN,
        "Amortization": NaN,
        "Amortization Of Intangibles Income Statement": NaN,
        "Selling General And Administration": NaN,
        "Selling And Marketing Expense": NaN,
        "General And Administrative Expense": NaN,
        "Other Gand A": NaN,
        "Rent And Landing Fees": NaN,
        "Salaries And Wages": NaN,
        "Gross Profit": NaN,
        "Cost Of Revenue": NaN,
        "Total Revenue": NaN,
        "Operating Revenue": NaN
    },
    "2024-03-31": {
        "Tax Effect Of Unusual Items": NaN,
        "Tax Rate For Calcs": NaN,
        "Normalized EBITDA": NaN,
        "Total Unusual Items": NaN,
        "Total Unusual Items Excluding Goodwill": NaN,
        "Net Income From Continuing Operation Net Minority Interest": NaN,
        "Reconciled Depreciation": NaN,
        "Reconciled Cost Of Revenue": NaN,
        "EBITDA": NaN,
        "EBIT": NaN,
        "Net Interest Income": NaN,
        "Interest Expense": NaN,
        "Normalized Income": NaN,
        "Net Income From Continuing And Discontinued Operation": NaN,
        "Total Expenses": NaN,
        "Rent Expense Supplemental": NaN,
        "Total Operating Income As Reported": NaN,
        "Diluted Average Shares": NaN,
        "Basic Average Shares": NaN,
        "Diluted EPS": NaN,
        "Basic EPS": NaN,
        "Diluted NI Availto Com Stockholders": NaN,
        "Net Income Common Stockholders": NaN,
        "Otherunder Preferred Stock Dividend": NaN,
        "Net Income": NaN,
        "Minority Interests": NaN,
        "Net Income Including Noncontrolling Interests": NaN,
        "Net Income Continuous Operations": NaN,
        "Tax Provision": NaN,
        "Pretax Income": NaN,
        "Other Income Expense": NaN,
        "Other Non Operating Income Expenses": NaN,
        "Special Income Charges": NaN,
        "Impairment Of Capital Assets": 0.0,
        "Restructuring And Mergern Acquisition": NaN,
        "Earnings From Equity Interest": NaN,
        "Gain On Sale Of Security": NaN,
        "Net Non Operating Interest Income Expense": NaN,
        "Interest Expense Non Operating": NaN,
        "Operating Income": NaN,
        "Operating Expense": NaN,
        "Other Operating Expenses": NaN,
        "Depreciation Amortization Depletion Income Statement": NaN,
        "Depreciation And Amortization In Income Statement": NaN,
        "Amortization": NaN,
        "Amortization Of Intangibles Income Statement": NaN,
        "Selling General And Administration": NaN,
        "Selling And Marketing Expense": NaN,
        "General And Administrative Expense": NaN,
        "Other Gand A": NaN,
        "Rent And Landing Fees": NaN,
        "Salaries And Wages": NaN,
        "Gross Profit": NaN,
        "Cost Of Revenue": NaN,
        "Total Revenue": NaN,
        "Operating Revenue": NaN
    },
    "2024-06-30": {
        "Tax Effect Of Unusual Items": NaN,
        "Tax Rate For Calcs": NaN,
        "Normalized EBITDA": NaN,
        "Total Unusual Items": NaN,
        "Total Unusual Items Excluding Goodwill": NaN,
        "Net Income From Continuing Operation Net Minority Interest": NaN,
        "Reconciled Depreciation": NaN,
        "Reconciled Cost Of Revenue": NaN,
        "EBITDA": NaN,
        "EBIT": NaN,
        "Net Interest Income": NaN,
        "Interest Expense": NaN,
        "Normalized Income": NaN,
        "Net Income From Continuing And Discontinued Operation": NaN,
        "Total Expenses": NaN,
        "Rent Expense Supplemental": NaN,
        "Total Operating Income As Reported": NaN,
        "Diluted Average Shares": NaN,
        "Basic Average Shares": NaN,
        "Diluted EPS": NaN,
        "Basic EPS": NaN,
        "Diluted NI Availto Com Stockholders": NaN,
        "Net Income Common Stockholders": NaN,
        "Otherunder Preferred Stock Dividend": NaN,
        "Net Income": NaN,
        "Minority Interests": NaN,
        "Net Income Including Noncontrolling Interests": NaN,
        "Net Income Continuous Operations": NaN,
        "Tax Provision": NaN,
        "Pretax Income": NaN,
        "Other Income Expense": NaN,
        "Other Non Operating Income Expenses": NaN,
        "Special Income Charges": NaN,
        "Gain On Sale Of Ppe": NaN,
        "Impairment Of Capital Assets": 0.0,
        "Restructuring And Mergern Acquisition": NaN,
        "Earnings From Equity Interest": NaN,
        "Gain On Sale Of Security": NaN,
        "Net Non Operating Interest Income Expense": NaN,
        "Interest Expense Non Operating": NaN,
        "Operating Income": NaN,
        "Operating Expense": NaN,
        "Other Operating Expenses": NaN,
        "Depreciation Amortization Depletion Income Statement": NaN,
        "Depreciation And Amortization In Income Statement": NaN,
        "Amortization": NaN,
        "Amortization Of Intangibles Income Statement": NaN,
        "Selling General And Administration": NaN,
        "Selling And Marketing Expense": NaN,
        "General And Administrative Expense": NaN,
        "Other Gand A": NaN,
        "Rent And Landing Fees": NaN,
        "Salaries And Wages": NaN,
        "Gross Profit": NaN,
        "Cost Of Revenue": NaN,
        "Total Revenue": NaN,
        "Operating Revenue": NaN
    },
    "2024-09-30": {
        "Tax Effect Of Unusual Items": NaN,
        "Tax Rate For Calcs": NaN,
        "Normalized EBITDA": NaN,
        "Total Unusual Items": NaN,
        "Total Unusual Items Excluding Goodwill": NaN,
        "Net Income From Continuing Operation Net Minority Interest": NaN,
        "Reconciled Depreciation": NaN,
        "Reconciled Cost Of Revenue": NaN,
        "EBITDA": NaN,
        "EBIT": NaN,
        "Net Interest Income": NaN,
        "Interest Expense": NaN,
        "Normalized Income": NaN,
        "Net Income From Continuing And Discontinued Operation": NaN,
        "Total Expenses": NaN,
        "Rent Expense Supplemental": NaN,
        "Total Operating Income As Reported": NaN,
        "Diluted Average Shares": 516200000.0,
        "Basic Average Shares": 516200000.0,
        "Diluted EPS": -0.19,
        "Basic EPS": -0.19,
        "Diluted NI Availto Com Stockholders": NaN,
        "Net Income Common Stockholders": NaN,
        "Otherunder Preferred Stock Dividend": NaN,
        "Net Income": NaN,
        "Minority Interests": NaN,
        "Net Income Including Noncontrolling Interests": NaN,
        "Net Income Continuous Operations": NaN,
        "Tax Provision": NaN,
        "Pretax Income": NaN,
        "Other Income Expense": NaN,
        "Other Non Operating Income Expenses": NaN,
        "Special Income Charges": NaN,
        "Gain On Sale Of Ppe": NaN,
        "Impairment Of Capital Assets": NaN,
        "Restructuring And Mergern Acquisition": NaN,
        "Earnings From Equity Interest": NaN,
        "Gain On Sale Of Security": NaN,
        "Net Non Operating Interest Income Expense": NaN,
        "Interest Expense Non Operating": NaN,
        "Operating Income": NaN,
        "Operating Expense": NaN,
        "Other Operating Expenses": NaN,
        "Depreciation Amortization Depletion Income Statement": NaN,
        "Depreciation And Amortization In Income Statement": NaN,
        "Amortization": NaN,
        "Amortization Of Intangibles Income Statement": NaN,
        "Selling General And Administration": NaN,
        "Selling And Marketing Expense": NaN,
        "General And Administrative Expense": NaN,
        "Other Gand A": NaN,
        "Rent And Landing Fees": NaN,
        "Salaries And Wages": NaN,
        "Gross Profit": NaN,
        "Cost Of Revenue": NaN,
        "Total Revenue": NaN,
        "Operating Revenue": NaN
    },
    "2024-12-31": {
        "Tax Effect Of Unusual Items": -259000.0,
        "Tax Rate For Calcs": 0.259,
        "Normalized EBITDA": 480100000.0,
        "Total Unusual Items": -1000000.0,
        "Total Unusual Items Excluding Goodwill": -1000000.0,
        "Net Income From Continuing Operation Net Minority Interest": 163600000.0,
        "Reconciled Depreciation": 142800000.0,
        "Reconciled Cost Of Revenue": 393400000.0,
        "EBITDA": 479100000.0,
        "EBIT": 336300000.0,
        "Net Interest Income": -23100000.0,
        "Interest Expense": 23100000.0,
        "Normalized Income": 164341000.0,
        "Net Income From Continuing And Discontinued Operation": 163600000.0,
        "Total Expenses": 1917700000.0,
        "Rent Expense Supplemental": 75100000.0,
        "Total Operating Income As Reported": 219000000.0,
        "Diluted Average Shares": 518200000.0,
        "Basic Average Shares": 517400000.0,
        "Diluted EPS": 0.29,
        "Basic EPS": 0.29,
        "Diluted NI Availto Com Stockholders": 148200000.0,
        "Net Income Common Stockholders": 148200000.0,
        "Otherunder Preferred Stock Dividend": 15400000.0,
        "Net Income": 163600000.0,
        "Minority Interests": -68500000.0,
        "Net Income Including Noncontrolling Interests": 232100000.0,
        "Net Income Continuous Operations": 232100000.0,
        "Tax Provision": 81100000.0,
        "Pretax Income": 313200000.0,
        "Other Income Expense": 2400000.0,
        "Other Non Operating Income Expenses": 11000000.0,
        "Special Income Charges": -114900000.0,
        "Gain On Sale Of Ppe": NaN,
        "Impairment Of Capital Assets": NaN,
        "Restructuring And Mergern Acquisition": 114900000.0,
        "Earnings From Equity Interest": -7600000.0,
        "Gain On Sale Of Security": 113900000.0,
        "Net Non Operating Interest Income Expense": -23100000.0,
        "Interest Expense Non Operating": 23100000.0,
        "Operating Income": 333900000.0,
        "Operating Expense": 1494100000.0,
        "Other Operating Expenses": 156000000.0,
        "Depreciation Amortization Depletion Income Statement": 112600000.0,
        "Depreciation And Amortization In Income Statement": 112600000.0,
        "Amortization": 112600000.0,
        "Amortization Of Intangibles Income Statement": 112600000.0,
        "Selling General And Administration": 1225500000.0,
        "Selling And Marketing Expense": 512300000.0,
        "General And Administrative Expense": 713200000.0,
        "Other Gand A": 185200000.0,
        "Rent And Landing Fees": 75100000.0,
        "Salaries And Wages": 452900000.0,
        "Gross Profit": 1828000000.0,
        "Cost Of Revenue": 423600000.0,
        "Total Revenue": 2251600000.0,
        "Operating Revenue": 2238300000.0
    },
    "2025-03-31": {
        "Tax Effect Of Unusual Items": -40719000.0,
        "Tax Rate For Calcs": 0.21,
        "Normalized EBITDA": 400400000.0,
        "Total Unusual Items": -193900000.0,
        "Total Unusual Items Excluding Goodwill": -193900000.0,
        "Net Income From Continuing Operation Net Minority Interest": 151400000.0,
        "Reconciled Depreciation": 143000000.0,
        "Reconciled Cost Of Revenue": 415400000.0,
        "EBITDA": 206500000.0,
        "EBIT": 63500000.0,
        "Net Interest Income": -20800000.0,
        "Interest Expense": 20800000.0,
        "Normalized Income": 304581000.0,
        "Net Income From Continuing And Discontinued Operation": 151400000.0,
        "Total Expenses": 1890500000.0,
        "Rent Expense Supplemental": 69300000.0,
        "Total Operating Income As Reported": 145600000.0,
        "Diluted Average Shares": 519900000.0,
        "Basic Average Shares": 519100000.0,
        "Diluted EPS": 0.26,
        "Basic EPS": 0.26,
        "Diluted NI Availto Com Stockholders": 137100000.0,
        "Net Income Common Stockholders": 137100000.0,
        "Otherunder Preferred Stock Dividend": 14300000.0,
        "Net Income": 151400000.0,
        "Minority Interests": 139800000.0,
        "Net Income Including Noncontrolling Interests": 11600000.0,
        "Net Income Continuous Operations": 11600000.0,
        "Tax Provision": 31100000.0,
        "Pretax Income": 42700000.0,
        "Other Income Expense": -157400000.0,
        "Other Non Operating Income Expenses": 13400000.0,
        "Special Income Charges": -75300000.0,
        "Gain On Sale Of Ppe": NaN,
        "Impairment Of Capital Assets": 24400000.0,
        "Restructuring And Mergern Acquisition": 50900000.0,
        "Earnings From Equity Interest": 23100000.0,
        "Gain On Sale Of Security": -118600000.0,
        "Net Non Operating Interest Income Expense": -20800000.0,
        "Interest Expense Non Operating": 20800000.0,
        "Operating Income": 220900000.0,
        "Operating Expense": 1444600000.0,
        "Other Operating Expenses": 158700000.0,
        "Depreciation Amortization Depletion Income Statement": 112500000.0,
        "Depreciation And Amortization In Income Statement": 112500000.0,
        "Amortization": 112500000.0,
        "Amortization Of Intangibles Income Statement": 112500000.0,
        "Selling General And Administration": 1173400000.0,
        "Selling And Marketing Expense": 498100000.0,
        "General And Administrative Expense": 675300000.0,
        "Other Gand A": 182800000.0,
        "Rent And Landing Fees": 69300000.0,
        "Salaries And Wages": 423200000.0,
        "Gross Profit": 1665500000.0,
        "Cost Of Revenue": 445900000.0,
        "Total Revenue": 2111400000.0,
        "Operating Revenue": 2100400000.0
    },
    "2025-06-30": {
        "Tax Effect Of Unusual Items": -13627800.0,
        "Tax Rate For Calcs": 0.339,
        "Normalized EBITDA": 388300000.0,
        "Total Unusual Items": -40200000.0,
        "Total Unusual Items Excluding Goodwill": -40200000.0,
        "Net Income From Continuing Operation Net Minority Interest": 92300000.0,
        "Reconciled Depreciation": 145700000.0,
        "Reconciled Cost Of Revenue": 394700000.0,
        "EBITDA": 348100000.0,
        "EBIT": 202400000.0,
        "Net Interest Income": -25800000.0,
        "Interest Expense": 25800000.0,
        "Normalized Income": 118872200.0,
        "Net Income From Continuing And Discontinued Operation": 92300000.0,
        "Total Expenses": 1859900000.0,
        "Rent Expense Supplemental": 69500000.0,
        "Total Operating Income As Reported": 154100000.0,
        "Diluted Average Shares": 516500000.0,
        "Basic Average Shares": 515700000.0,
        "Diluted EPS": 0.15,
        "Basic EPS": 0.15,
        "Diluted NI Availto Com Stockholders": 79000000.0,
        "Net Income Common Stockholders": 79000000.0,
        "Otherunder Preferred Stock Dividend": 13300000.0,
        "Net Income": 92300000.0,
        "Minority Interests": -24400000.0,
        "Net Income Including Noncontrolling Interests": 116700000.0,
        "Net Income Continuous Operations": 116700000.0,
        "Tax Provision": 59900000.0,
        "Pretax Income": 176600000.0,
        "Other Income Expense": -1700000.0,
        "Other Non Operating Income Expenses": 15500000.0,
        "Special Income Charges": -50000000.0,
        "Gain On Sale Of Ppe": NaN,
        "Impairment Of Capital Assets": 0.0,
        "Restructuring And Mergern Acquisition": 50000000.0,
        "Earnings From Equity Interest": 23000000.0,
        "Gain On Sale Of Security": 9800000.0,
        "Net Non Operating Interest Income Expense": -25800000.0,
        "Interest Expense Non Operating": 25800000.0,
        "Operating Income": 204100000.0,
        "Operating Expense": 1431700000.0,
        "Other Operating Expenses": 162700000.0,
        "Depreciation Amortization Depletion Income Statement": 112200000.0,
        "Depreciation And Amortization In Income Statement": 112200000.0,
        "Amortization": 112200000.0,
        "Amortization Of Intangibles Income Statement": 112200000.0,
        "Selling General And Administration": 1156800000.0,
        "Selling And Marketing Expense": 480700000.0,
        "General And Administrative Expense": 676100000.0,
        "Other Gand A": 183700000.0,
        "Rent And Landing Fees": 69500000.0,
        "Salaries And Wages": 422900000.0,
        "Gross Profit": 1635800000.0,
        "Cost Of Revenue": 428200000.0,
        "Total Revenue": 2064000000.0,
        "Operating Revenue": 2052600000.0
    },
    "2025-09-30": {
        "Tax Effect Of Unusual Items": -28824695.24184,
        "Tax Rate For Calcs": 0.25875,
        "Normalized EBITDA": 491200000.0,
        "Total Unusual Items": -111400000.0,
        "Total Unusual Items Excluding Goodwill": -111400000.0,
        "Net Income From Continuing Operation Net Minority Interest": 117600000.0,
        "Reconciled Depreciation": 100300000.0,
        "Reconciled Cost Of Revenue": 395200000.0,
        "EBITDA": 379800000.0,
        "EBIT": 279500000.0,
        "Net Interest Income": -25200000.0,
        "Interest Expense": 25200000.0,
        "Normalized Income": 200175304.75816,
        "Net Income From Continuing And Discontinued Operation": 117600000.0,
        "Total Expenses": 2002800000.0,
        "Rent Expense Supplemental": 72400000.0,
        "Total Operating Income As Reported": 85400000.0,
        "Diluted Average Shares": 515400000.0,
        "Basic Average Shares": 514500000.0,
        "Diluted EPS": 0.21,
        "Basic EPS": 0.21,
        "Diluted NI Availto Com Stockholders": 107300000.0,
        "Net Income Common Stockholders": 107300000.0,
        "Otherunder Preferred Stock Dividend": 10300000.0,
        "Net Income": 117600000.0,
        "Minority Interests": -70900000.0,
        "Net Income Including Noncontrolling Interests": 188500000.0,
        "Net Income Continuous Operations": 188500000.0,
        "Tax Provision": 65800000.0,
        "Pretax Income": 254300000.0,
        "Other Income Expense": -61400000.0,
        "Other Non Operating Income Expenses": 10500000.0,
        "Special Income Charges": -255500000.0,
        "Gain On Sale Of Ppe": NaN,
        "Impairment Of Capital Assets": 202200000.0,
        "Restructuring And Mergern Acquisition": 53300000.0,
        "Earnings From Equity Interest": 39500000.0,
        "Gain On Sale Of Security": 144100000.0,
        "Net Non Operating Interest Income Expense": -25200000.0,
        "Interest Expense Non Operating": 25200000.0,
        "Operating Income": 340900000.0,
        "Operating Expense": 1576500000.0,
        "Other Operating Expenses": 166200000.0,
        "Depreciation Amortization Depletion Income Statement": 69200000.0,
        "Depreciation And Amortization In Income Statement": 69200000.0,
        "Amortization": 69200000.0,
        "Amortization Of Intangibles Income Statement": 69200000.0,
        "Selling General And Administration": 1341100000.0,
        "Selling And Marketing Expense": 519800000.0,
        "General And Administrative Expense": 821300000.0,
        "Other Gand A": 222800000.0,
        "Rent And Landing Fees": 72400000.0,
        "Salaries And Wages": 526100000.0,
        "Gross Profit": 1917400000.0,
        "Cost Of Revenue": 426300000.0,
        "Total Revenue": 2343700000.0,
        "Operating Revenue": 2329700000.0
    },
    "2025-12-31": {
        "Tax Effect Of Unusual Items": 13688000.0,
        "Tax Rate For Calcs": 0.232,
        "Normalized EBITDA": 497100000.0,
        "Total Unusual Items": 59000000.0,
        "Total Unusual Items Excluding Goodwill": 59000000.0,
        "Net Income From Continuing Operation Net Minority Interest": 255500000.0,
        "Reconciled Depreciation": 83900000.0,
        "Reconciled Cost Of Revenue": 399700000.0,
        "EBITDA": 556100000.0,
        "EBIT": 472200000.0,
        "Net Interest Income": -20400000.0,
        "Interest Expense": 20400000.0,
        "Normalized Income": 210188000.0,
        "Net Income From Continuing And Discontinued Operation": 255500000.0,
        "Total Expenses": 1958600000.0,
        "Rent Expense Supplemental": 66800000.0,
        "Total Operating Income As Reported": 281000000.0,
        "Diluted Average Shares": NaN,
        "Basic Average Shares": NaN,
        "Diluted EPS": NaN,
        "Basic EPS": NaN,
        "Diluted NI Availto Com Stockholders": 239300000.0,
        "Net Income Common Stockholders": 239300000.0,
        "Otherunder Preferred Stock Dividend": 16200000.0,
        "Net Income": 255500000.0,
        "Minority Interests": -91300000.0,
        "Net Income Including Noncontrolling Interests": 346800000.0,
        "Net Income Continuous Operations": 346800000.0,
        "Tax Provision": 105000000.0,
        "Pretax Income": 451800000.0,
        "Other Income Expense": 103700000.0,
        "Other Non Operating Income Expenses": 33200000.0,
        "Special Income Charges": -93900000.0,
        "Gain On Sale Of Ppe": -6400000.0,
        "Impairment Of Capital Assets": NaN,
        "Restructuring And Mergern Acquisition": 87500000.0,
        "Earnings From Equity Interest": 11500000.0,
        "Gain On Sale Of Security": 152900000.0,
        "Net Non Operating Interest Income Expense": -20400000.0,
        "Interest Expense Non Operating": 20400000.0,
        "Operating Income": 368500000.0,
        "Operating Expense": 1530100000.0,
        "Other Operating Expenses": 157000000.0,
        "Depreciation Amortization Depletion Income Statement": 55100000.0,
        "Depreciation And Amortization In Income Statement": 55100000.0,
        "Amortization": 55100000.0,
        "Amortization Of Intangibles Income Statement": 55100000.0,
        "Selling General And Administration": 1318000000.0,
        "Selling And Marketing Expense": 540900000.0,
        "General And Administrative Expense": 777100000.0,
        "Other Gand A": 195600000.0,
        "Rent And Landing Fees": 66800000.0,
        "Salaries And Wages": 514700000.0,
        "Gross Profit": 1898600000.0,
        "Cost Of Revenue": 428500000.0,
        "Total Revenue": 2327100000.0,
        "Operating Revenue": 2307500000.0
    }
}