{
    "2023-03-31": {
        "Tax Effect Of Unusual Items": 5029000.0,
        "Tax Rate For Calcs": 0.25,
        "Normalized EBITDA": -259984000.0,
        "Total Unusual Items": 20116000.0,
        "Total Unusual Items Excluding Goodwill": 20116000.0,
        "Net Income From Continuing Operation Net Minority Interest": -244199000.0,
        "Reconciled Cost Of Revenue": 1723727000.0,
        "EBITDA": -239868000.0,
        "EBIT": -239868000.0,
        "Net Interest Income": 4057000.0,
        "Interest Expense": 17621000.0,
        "Interest Income": 21678000.0,
        "Normalized Income": -259286000.0,
        "Net Income From Continuing And Discontinued Operation": -244199000.0,
        "Total Expenses": 2001497000.0,
        "Total Operating Income As Reported": -286235000.0,
        "Diluted Average Shares": 19693839.0,
        "Basic Average Shares": 19693839.0,
        "Diluted EPS": -12.399766,
        "Basic EPS": -12.399766,
        "Diluted NI Availto Com Stockholders": -244199000.0,
        "Net Income Common Stockholders": -244199000.0,
        "Net Income": -244199000.0,
        "Minority Interests": 13428000.0,
        "Net Income Including Noncontrolling Interests": -257627000.0,
        "Net Income Discontinuous Operations": 0.0,
        "Net Income Continuous Operations": -257627000.0,
        "Earnings From Equity Interest Net Of Tax": 0.0,
        "Tax Provision": 138000.0,
        "Pretax Income": -257489000.0,
        "Other Income Expense": 24689000.0,
        "Other Non Operating Income Expenses": 4573000.0,
        "Gain On Sale Of Security": 20116000.0,
        "Net Non Operating Interest Income Expense": 4057000.0,
        "Interest Expense Non Operating": 17621000.0,
        "Interest Income Non Operating": 21678000.0,
        "Operating Income": -286235000.0,
        "Operating Expense": 277770000.0,
        "Other Operating Expenses": 1366000.0,
        "Research And Development": 28697000.0,
        "Selling General And Administration": 247707000.0,
        "Selling And Marketing Expense": 53817000.0,
        "General And Administrative Expense": 193890000.0,
        "Other Gand A": 193890000.0,
        "Gross Profit": -8465000.0,
        "Cost Of Revenue": 1723727000.0,
        "Total Revenue": 1715262000.0,
        "Operating Revenue": 1689155000.0
    },
    "2022-12-31": {
        "Tax Effect Of Unusual Items": NaN,
        "Tax Rate For Calcs": NaN,
        "Normalized EBITDA": NaN,
        "Total Unusual Items": NaN,
        "Total Unusual Items Excluding Goodwill": NaN,
        "Net Income From Continuing Operation Net Minority Interest": NaN,
        "Reconciled Cost Of Revenue": NaN,
        "EBITDA": NaN,
        "EBIT": NaN,
        "Net Interest Income": NaN,
        "Interest Expense": NaN,
        "Interest Income": NaN,
        "Normalized Income": NaN,
        "Net Income From Continuing And Discontinued Operation": NaN,
        "Total Expenses": NaN,
        "Total Operating Income As Reported": NaN,
        "Diluted Average Shares": NaN,
        "Basic Average Shares": NaN,
        "Diluted EPS": NaN,
        "Basic EPS": NaN,
        "Diluted NI Availto Com Stockholders": NaN,
        "Net Income Common Stockholders": NaN,
        "Net Income": NaN,
        "Minority Interests": NaN,
        "Net Income Including Noncontrolling Interests": NaN,
        "Net Income Discontinuous Operations": NaN,
        "Net Income Continuous Operations": NaN,
        "Earnings From Equity Interest Net Of Tax": 0.0,
        "Tax Provision": NaN,
        "Pretax Income": NaN,
        "Other Income Expense": NaN,
        "Other Non Operating Income Expenses": NaN,
        "Gain On Sale Of Security": NaN,
        "Net Non Operating Interest Income Expense": NaN,
        "Interest Expense Non Operating": NaN,
        "Interest Income Non Operating": NaN,
        "Operating Income": NaN,
        "Operating Expense": NaN,
        "Other Operating Expenses": NaN,
        "Research And Development": NaN,
        "Selling General And Administration": NaN,
        "Selling And Marketing Expense": NaN,
        "General And Administrative Expense": NaN,
        "Other Gand A": NaN,
        "Gross Profit": NaN,
        "Cost Of Revenue": NaN,
        "Total Revenue": NaN,
        "Operating Revenue": NaN
    },
    "2022-09-30": {
        "Tax Effect Of Unusual Items": NaN,
        "Tax Rate For Calcs": NaN,
        "Normalized EBITDA": NaN,
        "Total Unusual Items": NaN,
        "Total Unusual Items Excluding Goodwill": NaN,
        "Net Income From Continuing Operation Net Minority Interest": NaN,
        "Reconciled Cost Of Revenue": NaN,
        "EBITDA": NaN,
        "EBIT": NaN,
        "Net Interest Income": NaN,
        "Interest Expense": NaN,
        "Interest Income": NaN,
        "Normalized Income": NaN,
        "Net Income From Continuing And Discontinued Operation": NaN,
        "Total Expenses": NaN,
        "Total Operating Income As Reported": NaN,
        "Diluted Average Shares": NaN,
        "Basic Average Shares": NaN,
        "Diluted EPS": NaN,
        "Basic EPS": NaN,
        "Diluted NI Availto Com Stockholders": NaN,
        "Net Income Common Stockholders": NaN,
        "Net Income": NaN,
        "Minority Interests": NaN,
        "Net Income Including Noncontrolling Interests": NaN,
        "Net Income Discontinuous Operations": NaN,
        "Net Income Continuous Operations": NaN,
        "Earnings From Equity Interest Net Of Tax": 0.0,
        "Tax Provision": NaN,
        "Pretax Income": NaN,
        "Other Income Expense": NaN,
        "Other Non Operating Income Expenses": NaN,
        "Gain On Sale Of Security": NaN,
        "Net Non Operating Interest Income Expense": NaN,
        "Interest Expense Non Operating": NaN,
        "Interest Income Non Operating": NaN,
        "Operating Income": NaN,
        "Operating Expense": NaN,
        "Other Operating Expenses": NaN,
        "Research And Development": NaN,
        "Selling General And Administration": NaN,
        "Selling And Marketing Expense": NaN,
        "General And Administrative Expense": NaN,
        "Other Gand A": NaN,
        "Gross Profit": NaN,
        "Cost Of Revenue": NaN,
        "Total Revenue": NaN,
        "Operating Revenue": NaN
    },
    "2022-06-30": {
        "Tax Effect Of Unusual Items": -12603200.0,
        "Tax Rate For Calcs": 0.4,
        "Normalized EBITDA": -279774000.0,
        "Total Unusual Items": -31508000.0,
        "Total Unusual Items Excluding Goodwill": -31508000.0,
        "Net Income From Continuing Operation Net Minority Interest": -307857000.0,
        "Reconciled Cost Of Revenue": 2020260000.0,
        "EBITDA": -311282000.0,
        "EBIT": -311282000.0,
        "Net Interest Income": -184000.0,
        "Interest Expense": 25738000.0,
        "Interest Income": 25554000.0,
        "Normalized Income": -288952200.0,
        "Net Income From Continuing And Discontinued Operation": -305346000.0,
        "Total Expenses": 2271621000.0,
        "Total Operating Income As Reported": -345176000.0,
        "Diluted Average Shares": 19625000.0,
        "Basic Average Shares": 19625000.0,
        "Diluted EPS": -16.749197,
        "Basic EPS": -16.749197,
        "Diluted NI Availto Com Stockholders": -305346000.0,
        "Net Income Common Stockholders": -305346000.0,
        "Net Income": -305346000.0,
        "Minority Interests": 29256000.0,
        "Net Income Including Noncontrolling Interests": -334602000.0,
        "Net Income Discontinuous Operations": 2511000.0,
        "Net Income Continuous Operations": -337113000.0,
        "Earnings From Equity Interest Net Of Tax": 0.0,
        "Tax Provision": 93000.0,
        "Pretax Income": -337020000.0,
        "Other Income Expense": 8340000.0,
        "Other Non Operating Income Expenses": 39848000.0,
        "Gain On Sale Of Security": -31508000.0,
        "Net Non Operating Interest Income Expense": -184000.0,
        "Interest Expense Non Operating": 25738000.0,
        "Interest Income Non Operating": 25554000.0,
        "Operating Income": -345176000.0,
        "Operating Expense": 251361000.0,
        "Other Operating Expenses": -116975000.0,
        "Research And Development": 42127000.0,
        "Selling General And Administration": 326209000.0,
        "Selling And Marketing Expense": 66130000.0,
        "General And Administrative Expense": 260079000.0,
        "Other Gand A": 260079000.0,
        "Gross Profit": -93815000.0,
        "Cost Of Revenue": 2020260000.0,
        "Total Revenue": 1926445000.0,
        "Operating Revenue": 1900590000.0
    },
    "2022-03-31": {
        "Diluted EPS": -2.92,
        "Total Revenue": 284,
        "Gross Profit": -12,
        "Operating Income": -57,
        "EBIT": -57,
        "Net Income": -57
    },
    "2021-12-31": {
        "Diluted EPS": 15.88,
        "Total Revenue": NaN,
        "Gross Profit": 99,
        "Operating Income": 128,
        "EBIT": 128,
        "Net Income": 305
    },
    "2021-09-30": {
        "Diluted EPS": -5.2,
        "Total Revenue": NaN,
        "Gross Profit": -78,
        "Operating Income": -154,
        "EBIT": -154,
        "Net Income": -99
    },
    "2021-06-30": {
        "Diluted EPS": -3.68,
        "Total Revenue": NaN,
        "Gross Profit": -22,
        "Operating Income": -103,
        "EBIT": -103,
        "Net Income": -71
    },
    "2021-03-31": {
        "Diluted EPS": -4.8,
        "Total Revenue": 992,
        "Gross Profit": -30,
        "Operating Income": -101,
        "EBIT": -101,
        "Net Income": -94
    },
    "2020-12-31": {
        "Diluted EPS": -5.62,
        "Total Revenue": NaN,
        "Gross Profit": -25,
        "Operating Income": -55,
        "EBIT": -55,
        "Net Income": -109
    },
    "2020-09-30": {
        "Diluted EPS": -4.8,
        "Total Revenue": NaN,
        "Gross Profit": 6,
        "Operating Income": -93,
        "EBIT": -93,
        "Net Income": -93
    },
    "2020-06-30": {
        "Diluted EPS": -0.18,
        "Total Revenue": NaN,
        "Gross Profit": 81,
        "Operating Income": -5,
        "EBIT": -5,
        "Net Income": -3
    },
    "2020-03-31": {
        "Diluted EPS": -5.4,
        "Total Revenue": 772,
        "Gross Profit": -25,
        "Operating Income": -107,
        "EBIT": -107,
        "Net Income": -105
    },
    "2019-12-31": {
        "Diluted EPS": 0.62,
        "Total Revenue": NaN,
        "Gross Profit": 91,
        "Operating Income": 4,
        "EBIT": 4,
        "Net Income": 9
    },
    "2019-09-30": {
        "Diluted EPS": -0.02,
        "Total Revenue": NaN,
        "Gross Profit": 71,
        "Operating Income": -6,
        "EBIT": -6,
        "Net Income": 0
    },
    "2019-06-30": {
        "Diluted EPS": -0.2,
        "Total Revenue": NaN,
        "Gross Profit": 76,
        "Operating Income": -8,
        "EBIT": -8,
        "Net Income": -3
    },
    "2019-03-31": {
        "Diluted EPS": -1.8,
        "Total Revenue": NaN,
        "Gross Profit": 44,
        "Operating Income": -36,
        "EBIT": -36,
        "Net Income": -34
    },
    "2018-12-31": {
        "Diluted EPS": -2.6,
        "Total Revenue": NaN,
        "Gross Profit": 72,
        "Operating Income": -1,
        "EBIT": -1,
        "Net Income": 2
    },
    "2018-09-30": {
        "Diluted EPS": -0.4,
        "Total Revenue": NaN,
        "Gross Profit": 57,
        "Operating Income": -22,
        "EBIT": -22,
        "Net Income": -7
    },
    "2018-06-30": {
        "Diluted EPS": -0.8,
        "Total Revenue": NaN,
        "Gross Profit": 63,
        "Operating Income": -17,
        "EBIT": -17,
        "Net Income": -14
    },
    "2018-03-31": {
        "Diluted EPS": 0.0,
        "Total Revenue": 798,
        "Gross Profit": 17,
        "Operating Income": -56,
        "EBIT": -56,
        "Net Income": -54
    },
    "2017-09-30": {
        "Diluted EPS": 0.0,
        "Total Revenue": 805,
        "Gross Profit": 30,
        "Operating Income": -71,
        "EBIT": -71,
        "Net Income": -70
    },
    "2017-03-31": {
        "Diluted EPS": -20.4,
        "Total Revenue": 472,
        "Gross Profit": -20,
        "Operating Income": -62,
        "EBIT": -62,
        "Net Income": -61
    },
    "2016-12-31": {
        "Diluted EPS": 0.0,
        "Total Revenue": NaN,
        "Gross Profit": NaN,
        "Operating Income": NaN,
        "EBIT": NaN,
        "Net Income": NaN
    },
    "2023-06-30": {
        "Tax Effect Of Unusual Items": -3974000.0,
        "Tax Rate For Calcs": 0.25,
        "Normalized EBITDA": -141330000.0,
        "Total Unusual Items": -15896000.0,
        "Total Unusual Items Excluding Goodwill": -15896000.0,
        "Net Income From Continuing Operation Net Minority Interest": -160609000.0,
        "Reconciled Cost Of Revenue": 2048863000.0,
        "EBITDA": -157226000.0,
        "EBIT": -157226000.0,
        "Net Interest Income": 9003000.0,
        "Interest Expense": 16998000.0,
        "Interest Income": 26001000.0,
        "Normalized Income": -148687000.0,
        "Net Income From Continuing And Discontinued Operation": -145387000.0,
        "Total Expenses": 2307184000.0,
        "Total Operating Income As Reported": -169509000.0,
        "Diluted Average Shares": 19880000.0,
        "Basic Average Shares": 19880000.0,
        "Diluted EPS": -7.351717,
        "Basic EPS": -7.327974,
        "Diluted NI Availto Com Stockholders": -145387000.0,
        "Net Income Common Stockholders": -145387000.0,
        "Net Income": -145387000.0,
        "Minority Interests": 13801000.0,
        "Net Income Including Noncontrolling Interests": -159188000.0,
        "Net Income Discontinuous Operations": 15222000.0,
        "Net Income Continuous Operations": -174410000.0,
        "Tax Provision": 186000.0,
        "Pretax Income": -174224000.0,
        "Other Income Expense": -13718000.0,
        "Other Non Operating Income Expenses": 2178000.0,
        "Gain On Sale Of Security": -15896000.0,
        "Net Non Operating Interest Income Expense": 9003000.0,
        "Interest Expense Non Operating": 16998000.0,
        "Interest Income Non Operating": 26001000.0,
        "Operating Income": -169509000.0,
        "Operating Expense": 258321000.0,
        "Other Operating Expenses": -476000.0,
        "Research And Development": 29928000.0,
        "Selling General And Administration": 228869000.0,
        "Selling And Marketing Expense": 62670000.0,
        "General And Administrative Expense": 166199000.0,
        "Other Gand A": 166199000.0,
        "Gross Profit": 88812000.0,
        "Cost Of Revenue": 2048863000.0,
        "Total Revenue": 2137675000.0,
        "Operating Revenue": 2113212000.0
    },
    "2023-09-30": {
        "Tax Effect Of Unusual Items": 4114000.0,
        "Tax Rate For Calcs": 0.25,
        "Normalized EBITDA": -193136000.0,
        "Total Unusual Items": 16456000.0,
        "Total Unusual Items Excluding Goodwill": 16456000.0,
        "Net Income From Continuing Operation Net Minority Interest": -178106000.0,
        "Reconciled Cost Of Revenue": 2174893000.0,
        "EBITDA": -176680000.0,
        "EBIT": -176680000.0,
        "Net Interest Income": 2483000.0,
        "Interest Expense": 15800000.0,
        "Interest Income": 18283000.0,
        "Normalized Income": -190448000.0,
        "Net Income From Continuing And Discontinued Operation": -178106000.0,
        "Total Expenses": 2438103000.0,
        "Total Operating Income As Reported": -211447000.0,
        "Diluted Average Shares": 19880000.0,
        "Basic Average Shares": 19880000.0,
        "Diluted EPS": -9.4,
        "Basic EPS": -8.959054,
        "Diluted NI Availto Com Stockholders": -178106000.0,
        "Net Income Common Stockholders": -178106000.0,
        "Net Income": -178106000.0,
        "Minority Interests": 14942000.0,
        "Net Income Including Noncontrolling Interests": -193048000.0,
        "Net Income Discontinuous Operations": 0.0,
        "Net Income Continuous Operations": -193048000.0,
        "Tax Provision": 568000.0,
        "Pretax Income": -192480000.0,
        "Other Income Expense": 16484000.0,
        "Other Non Operating Income Expenses": 28000.0,
        "Gain On Sale Of Security": 16456000.0,
        "Net Non Operating Interest Income Expense": 2483000.0,
        "Interest Expense Non Operating": 15800000.0,
        "Interest Income Non Operating": 18283000.0,
        "Operating Income": -211447000.0,
        "Operating Expense": 263210000.0,
        "Other Operating Expenses": -973000.0,
        "Research And Development": 27843000.0,
        "Selling General And Administration": 236340000.0,
        "Selling And Marketing Expense": 68054000.0,
        "General And Administrative Expense": 168286000.0,
        "Other Gand A": 168286000.0,
        "Gross Profit": 51763000.0,
        "Cost Of Revenue": 2174893000.0,
        "Total Revenue": 2226656000.0,
        "Operating Revenue": 2198976000.0
    },
    "2023-12-31": {
        "Tax Effect Of Unusual Items": -24265750.0,
        "Tax Rate For Calcs": 0.25,
        "Normalized EBITDA": -172345000.0,
        "Total Unusual Items": -97063000.0,
        "Total Unusual Items Excluding Goodwill": -97063000.0,
        "Net Income From Continuing Operation Net Minority Interest": -246710000.0,
        "Reconciled Cost Of Revenue": 2117924000.0,
        "EBITDA": -269408000.0,
        "EBIT": -269408000.0,
        "Net Interest Income": 3984000.0,
        "Interest Expense": 13864000.0,
        "Interest Income": 17848000.0,
        "Normalized Income": -173912750.0,
        "Net Income From Continuing And Discontinued Operation": -246710000.0,
        "Total Expenses": 2426278000.0,
        "Total Operating Income As Reported": -284726000.0,
        "Diluted Average Shares": 20175720.0,
        "Basic Average Shares": 20175720.0,
        "Diluted EPS": -12.4,
        "Basic EPS": -12.228064,
        "Diluted NI Availto Com Stockholders": -246710000.0,
        "Net Income Common Stockholders": -246710000.0,
        "Net Income": -246710000.0,
        "Minority Interests": 36811000.0,
        "Net Income Including Noncontrolling Interests": -283521000.0,
        "Net Income Discontinuous Operations": 0.0,
        "Net Income Continuous Operations": -283521000.0,
        "Tax Provision": 249000.0,
        "Pretax Income": -283272000.0,
        "Other Income Expense": -97229000.0,
        "Other Non Operating Income Expenses": -166000.0,
        "Gain On Sale Of Security": -2364000.0,
        "Net Non Operating Interest Income Expense": 3984000.0,
        "Interest Expense Non Operating": 13864000.0,
        "Interest Income Non Operating": 17848000.0,
        "Operating Income": -190027000.0,
        "Operating Expense": 308354000.0,
        "Other Operating Expenses": -2575000.0,
        "Research And Development": 29449000.0,
        "Selling General And Administration": 281480000.0,
        "Selling And Marketing Expense": 72080000.0,
        "General And Administrative Expense": 209400000.0,
        "Other Gand A": 209400000.0,
        "Gross Profit": 118327000.0,
        "Cost Of Revenue": 2117924000.0,
        "Total Revenue": 2236251000.0,
        "Operating Revenue": 2314501000.0
    },
    "2024-03-31": {
        "Tax Effect Of Unusual Items": 5512750.0,
        "Tax Rate For Calcs": 0.25,
        "Normalized EBITDA": -181604000.0,
        "Total Unusual Items": 22051000.0,
        "Total Unusual Items Excluding Goodwill": 22051000.0,
        "Net Income From Continuing Operation Net Minority Interest": -160932000.0,
        "Reconciled Cost Of Revenue": 1886811000.0,
        "EBITDA": -159553000.0,
        "EBIT": -159553000.0,
        "Net Interest Income": 3243000.0,
        "Interest Expense": 12445000.0,
        "Interest Income": 15688000.0,
        "Normalized Income": -177470250.0,
        "Net Income From Continuing And Discontinued Operation": -160932000.0,
        "Total Expenses": 2139737000.0,
        "Total Operating Income As Reported": -197702000.0,
        "Diluted Average Shares": 20095000.0,
        "Basic Average Shares": 20095000.0,
        "Diluted EPS": -8.6,
        "Basic EPS": -8.008559,
        "Diluted NI Availto Com Stockholders": -160932000.0,
        "Net Income Common Stockholders": -160932000.0,
        "Net Income": -160932000.0,
        "Minority Interests": 11169000.0,
        "Net Income Including Noncontrolling Interests": -172101000.0,
        "Net Income Discontinuous Operations": 0.0,
        "Net Income Continuous Operations": -172101000.0,
        "Tax Provision": 103000.0,
        "Pretax Income": -171998000.0,
        "Other Income Expense": 22461000.0,
        "Other Non Operating Income Expenses": 410000.0,
        "Gain On Sale Of Security": 22051000.0,
        "Net Non Operating Interest Income Expense": 3243000.0,
        "Interest Expense Non Operating": 12445000.0,
        "Interest Income Non Operating": 15688000.0,
        "Operating Income": -197702000.0,
        "Operating Expense": 252926000.0,
        "Other Operating Expenses": 3272000.0,
        "Research And Development": 29284000.0,
        "Selling General And Administration": 220370000.0,
        "Selling And Marketing Expense": 68145000.0,
        "General And Administrative Expense": 152225000.0,
        "Other Gand A": 152225000.0,
        "Gross Profit": 55224000.0,
        "Cost Of Revenue": 1886811000.0,
        "Total Revenue": 1942035000.0,
        "Operating Revenue": 1915369000.0
    }
}