{
    "2023-03-31": {
        "Tax Effect Of Unusual Items": NaN,
        "Tax Rate For Calcs": NaN,
        "Normalized EBITDA": NaN,
        "Total Unusual Items": NaN,
        "Total Unusual Items Excluding Goodwill": NaN,
        "Net Income From Continuing Operation Net Minority Interest": NaN,
        "Reconciled Depreciation": NaN,
        "Reconciled Cost Of Revenue": NaN,
        "EBITDA": NaN,
        "EBIT": NaN,
        "Net Interest Income": NaN,
        "Interest Expense": NaN,
        "Interest Income": NaN,
        "Normalized Income": NaN,
        "Net Income From Continuing And Discontinued Operation": NaN,
        "Total Expenses": NaN,
        "Total Operating Income As Reported": NaN,
        "Diluted Average Shares": NaN,
        "Basic Average Shares": NaN,
        "Diluted EPS": NaN,
        "Basic EPS": NaN,
        "Diluted NI Availto Com Stockholders": NaN,
        "Net Income Common Stockholders": NaN,
        "Net Income": NaN,
        "Net Income Including Noncontrolling Interests": NaN,
        "Net Income Continuous Operations": NaN,
        "Tax Provision": NaN,
        "Pretax Income": NaN,
        "Other Income Expense": NaN,
        "Other Non Operating Income Expenses": NaN,
        "Special Income Charges": NaN,
        "Other Special Charges": NaN,
        "Restructuring And Mergern Acquisition": NaN,
        "Gain On Sale Of Security": NaN,
        "Net Non Operating Interest Income Expense": NaN,
        "Interest Expense Non Operating": NaN,
        "Interest Income Non Operating": NaN,
        "Operating Income": NaN,
        "Operating Expense": NaN,
        "Research And Development": 0.0,
        "Selling General And Administration": NaN,
        "General And Administrative Expense": 9827000.0,
        "Other Gand A": 9827000.0,
        "Gross Profit": NaN,
        "Cost Of Revenue": NaN,
        "Total Revenue": NaN,
        "Operating Revenue": NaN
    },
    "2022-12-31": {
        "Tax Effect Of Unusual Items": NaN,
        "Tax Rate For Calcs": NaN,
        "Normalized EBITDA": NaN,
        "Total Unusual Items": NaN,
        "Total Unusual Items Excluding Goodwill": NaN,
        "Net Income From Continuing Operation Net Minority Interest": NaN,
        "Reconciled Depreciation": NaN,
        "Reconciled Cost Of Revenue": NaN,
        "EBITDA": NaN,
        "EBIT": NaN,
        "Net Interest Income": NaN,
        "Interest Expense": NaN,
        "Interest Income": NaN,
        "Normalized Income": NaN,
        "Net Income From Continuing And Discontinued Operation": NaN,
        "Total Expenses": NaN,
        "Total Operating Income As Reported": NaN,
        "Diluted Average Shares": NaN,
        "Basic Average Shares": NaN,
        "Diluted EPS": NaN,
        "Basic EPS": NaN,
        "Diluted NI Availto Com Stockholders": NaN,
        "Net Income Common Stockholders": NaN,
        "Net Income": NaN,
        "Net Income Including Noncontrolling Interests": NaN,
        "Net Income Continuous Operations": NaN,
        "Tax Provision": NaN,
        "Pretax Income": NaN,
        "Other Income Expense": NaN,
        "Other Non Operating Income Expenses": NaN,
        "Special Income Charges": NaN,
        "Other Special Charges": NaN,
        "Restructuring And Mergern Acquisition": NaN,
        "Gain On Sale Of Security": NaN,
        "Net Non Operating Interest Income Expense": NaN,
        "Interest Expense Non Operating": NaN,
        "Interest Income Non Operating": NaN,
        "Operating Income": NaN,
        "Operating Expense": NaN,
        "Research And Development": NaN,
        "Selling General And Administration": NaN,
        "General And Administrative Expense": 10208000.0,
        "Other Gand A": 10208000.0,
        "Gross Profit": NaN,
        "Cost Of Revenue": NaN,
        "Total Revenue": NaN,
        "Operating Revenue": NaN
    },
    "2022-09-30": {
        "Tax Effect Of Unusual Items": NaN,
        "Tax Rate For Calcs": NaN,
        "Normalized EBITDA": NaN,
        "Total Unusual Items": NaN,
        "Total Unusual Items Excluding Goodwill": NaN,
        "Net Income From Continuing Operation Net Minority Interest": NaN,
        "Reconciled Depreciation": NaN,
        "Reconciled Cost Of Revenue": NaN,
        "EBITDA": NaN,
        "EBIT": NaN,
        "Net Interest Income": NaN,
        "Interest Expense": NaN,
        "Interest Income": NaN,
        "Normalized Income": NaN,
        "Net Income From Continuing And Discontinued Operation": NaN,
        "Total Expenses": NaN,
        "Total Operating Income As Reported": NaN,
        "Diluted Average Shares": NaN,
        "Basic Average Shares": NaN,
        "Diluted EPS": NaN,
        "Basic EPS": NaN,
        "Diluted NI Availto Com Stockholders": NaN,
        "Net Income Common Stockholders": NaN,
        "Net Income": NaN,
        "Net Income Including Noncontrolling Interests": NaN,
        "Net Income Continuous Operations": NaN,
        "Tax Provision": NaN,
        "Pretax Income": NaN,
        "Other Income Expense": NaN,
        "Other Non Operating Income Expenses": NaN,
        "Special Income Charges": NaN,
        "Other Special Charges": NaN,
        "Restructuring And Mergern Acquisition": NaN,
        "Gain On Sale Of Security": NaN,
        "Net Non Operating Interest Income Expense": NaN,
        "Interest Expense Non Operating": NaN,
        "Interest Income Non Operating": NaN,
        "Operating Income": NaN,
        "Operating Expense": NaN,
        "Research And Development": 0.0,
        "Selling General And Administration": NaN,
        "General And Administrative Expense": NaN,
        "Other Gand A": NaN,
        "Gross Profit": NaN,
        "Cost Of Revenue": NaN,
        "Total Revenue": NaN,
        "Operating Revenue": NaN
    },
    "2022-06-30": {
        "Tax Effect Of Unusual Items": 0.0,
        "Tax Rate For Calcs": 0.0,
        "Normalized EBITDA": -7897000.0,
        "Total Unusual Items": 7271000.0,
        "Total Unusual Items Excluding Goodwill": 7271000.0,
        "Net Income From Continuing Operation Net Minority Interest": -850000.0,
        "Reconciled Depreciation": 132000.0,
        "Reconciled Cost Of Revenue": 2554000.0,
        "EBITDA": -626000.0,
        "EBIT": -758000.0,
        "Net Interest Income": -38000.0,
        "Interest Expense": 92000.0,
        "Interest Income": 54000.0,
        "Normalized Income": -8121000.0,
        "Net Income From Continuing And Discontinued Operation": -850000.0,
        "Total Expenses": 12569000.0,
        "Total Operating Income As Reported": -6212000.0,
        "Diluted Average Shares": 941175.0,
        "Basic Average Shares": 941175.0,
        "Diluted EPS": -0.9,
        "Basic EPS": -0.9,
        "Diluted NI Availto Com Stockholders": -850000.0,
        "Net Income Common Stockholders": -850000.0,
        "Net Income": -850000.0,
        "Net Income Including Noncontrolling Interests": -850000.0,
        "Net Income Continuous Operations": -850000.0,
        "Tax Provision": 0.0,
        "Pretax Income": -850000.0,
        "Other Income Expense": 7300000.0,
        "Other Non Operating Income Expenses": 29000.0,
        "Special Income Charges": 1900000.0,
        "Write Off": NaN,
        "Restructuring And Mergern Acquisition": -1900000.0,
        "Gain On Sale Of Security": 5371000.0,
        "Net Non Operating Interest Income Expense": -38000.0,
        "Interest Expense Non Operating": 92000.0,
        "Interest Income Non Operating": 54000.0,
        "Operating Income": -8112000.0,
        "Operating Expense": 10015000.0,
        "Selling General And Administration": 10015000.0,
        "General And Administrative Expense": 10015000.0,
        "Other Gand A": 10015000.0,
        "Gross Profit": 1903000.0,
        "Cost Of Revenue": 2554000.0,
        "Total Revenue": 4457000.0,
        "Operating Revenue": 4457000.0
    },
    "2022-03-31": {
        "Diluted EPS": 6.4,
        "Total Revenue": 10,
        "Gross Profit": 5,
        "Operating Income": -3,
        "EBIT": -3,
        "Net Income": 6
    },
    "2021-12-31": {
        "Diluted EPS": -27.6,
        "Total Revenue": 9,
        "Gross Profit": 4,
        "Operating Income": -2,
        "EBIT": -2,
        "Net Income": -15
    },
    "2021-09-30": {
        "Diluted EPS": -40.0,
        "Total Revenue": 4,
        "Gross Profit": 2,
        "Operating Income": -16,
        "EBIT": -16,
        "Net Income": -16
    },
    "2021-06-30": {
        "Diluted EPS": -9.2,
        "Total Revenue": 6,
        "Gross Profit": 3,
        "Operating Income": -4,
        "EBIT": -4,
        "Net Income": -4
    },
    "2021-03-31": {
        "Diluted EPS": -8.8,
        "Total Revenue": 5,
        "Gross Profit": 2,
        "Operating Income": -4,
        "EBIT": -3,
        "Net Income": -4
    },
    "2020-12-31": {
        "Diluted EPS": 0.0,
        "Total Revenue": NaN,
        "Gross Profit": NaN,
        "Operating Income": NaN,
        "EBIT": NaN,
        "Net Income": NaN
    },
    "2020-09-30": {
        "Diluted EPS": NaN,
        "Total Revenue": 3,
        "Gross Profit": 2,
        "Operating Income": -2,
        "EBIT": -2,
        "Net Income": -3
    },
    "2023-06-30": {
        "Tax Effect Of Unusual Items": NaN,
        "Tax Rate For Calcs": NaN,
        "Normalized EBITDA": NaN,
        "Total Unusual Items": NaN,
        "Total Unusual Items Excluding Goodwill": NaN,
        "Net Income From Continuing Operation Net Minority Interest": NaN,
        "Reconciled Depreciation": NaN,
        "Reconciled Cost Of Revenue": NaN,
        "EBITDA": NaN,
        "EBIT": NaN,
        "Net Interest Income": NaN,
        "Interest Expense": NaN,
        "Interest Income": NaN,
        "Normalized Income": NaN,
        "Net Income From Continuing And Discontinued Operation": NaN,
        "Total Expenses": NaN,
        "Total Operating Income As Reported": NaN,
        "Diluted Average Shares": 1360739.0,
        "Basic Average Shares": 1360739.0,
        "Diluted EPS": -7.23,
        "Basic EPS": -7.23,
        "Diluted NI Availto Com Stockholders": NaN,
        "Net Income Common Stockholders": NaN,
        "Net Income": NaN,
        "Net Income Including Noncontrolling Interests": NaN,
        "Net Income Continuous Operations": NaN,
        "Tax Provision": NaN,
        "Pretax Income": NaN,
        "Other Income Expense": NaN,
        "Other Non Operating Income Expenses": NaN,
        "Special Income Charges": NaN,
        "Other Special Charges": NaN,
        "Restructuring And Mergern Acquisition": NaN,
        "Gain On Sale Of Security": NaN,
        "Net Non Operating Interest Income Expense": NaN,
        "Interest Expense Non Operating": NaN,
        "Interest Income Non Operating": NaN,
        "Operating Income": NaN,
        "Operating Expense": NaN,
        "Research And Development": NaN,
        "Selling General And Administration": NaN,
        "General And Administrative Expense": 11548000.0,
        "Other Gand A": 11548000.0,
        "Gross Profit": NaN,
        "Cost Of Revenue": NaN,
        "Total Revenue": NaN,
        "Operating Revenue": NaN
    },
    "2023-09-30": {
        "Tax Effect Of Unusual Items": NaN,
        "Tax Rate For Calcs": NaN,
        "Normalized EBITDA": NaN,
        "Total Unusual Items": NaN,
        "Total Unusual Items Excluding Goodwill": NaN,
        "Net Income From Continuing Operation Net Minority Interest": NaN,
        "Reconciled Depreciation": NaN,
        "Reconciled Cost Of Revenue": NaN,
        "EBITDA": NaN,
        "EBIT": NaN,
        "Net Interest Income": NaN,
        "Interest Expense": NaN,
        "Interest Income": NaN,
        "Normalized Income": NaN,
        "Net Income From Continuing And Discontinued Operation": NaN,
        "Total Expenses": NaN,
        "Total Operating Income As Reported": NaN,
        "Diluted Average Shares": NaN,
        "Basic Average Shares": NaN,
        "Diluted EPS": NaN,
        "Basic EPS": NaN,
        "Diluted NI Availto Com Stockholders": NaN,
        "Net Income Common Stockholders": NaN,
        "Net Income": NaN,
        "Net Income Including Noncontrolling Interests": NaN,
        "Net Income Continuous Operations": NaN,
        "Tax Provision": NaN,
        "Pretax Income": NaN,
        "Other Income Expense": NaN,
        "Other Non Operating Income Expenses": NaN,
        "Special Income Charges": NaN,
        "Other Special Charges": NaN,
        "Restructuring And Mergern Acquisition": NaN,
        "Gain On Sale Of Security": NaN,
        "Net Non Operating Interest Income Expense": NaN,
        "Interest Expense Non Operating": NaN,
        "Interest Income Non Operating": NaN,
        "Operating Income": NaN,
        "Operating Expense": NaN,
        "Research And Development": NaN,
        "Selling General And Administration": NaN,
        "General And Administrative Expense": 8693000.0,
        "Other Gand A": 8693000.0,
        "Gross Profit": NaN,
        "Cost Of Revenue": NaN,
        "Total Revenue": NaN,
        "Operating Revenue": NaN
    },
    "2023-12-31": {
        "Tax Effect Of Unusual Items": NaN,
        "Tax Rate For Calcs": NaN,
        "Normalized EBITDA": NaN,
        "Total Unusual Items": NaN,
        "Total Unusual Items Excluding Goodwill": NaN,
        "Net Income From Continuing Operation Net Minority Interest": NaN,
        "Reconciled Depreciation": NaN,
        "Reconciled Cost Of Revenue": NaN,
        "EBITDA": NaN,
        "EBIT": NaN,
        "Net Interest Income": NaN,
        "Interest Expense": NaN,
        "Interest Income": NaN,
        "Normalized Income": NaN,
        "Net Income From Continuing And Discontinued Operation": NaN,
        "Total Expenses": NaN,
        "Total Operating Income As Reported": NaN,
        "Diluted Average Shares": NaN,
        "Basic Average Shares": NaN,
        "Diluted EPS": NaN,
        "Basic EPS": NaN,
        "Diluted NI Availto Com Stockholders": NaN,
        "Net Income Common Stockholders": NaN,
        "Net Income": NaN,
        "Net Income Including Noncontrolling Interests": NaN,
        "Net Income Continuous Operations": NaN,
        "Tax Provision": NaN,
        "Pretax Income": NaN,
        "Other Income Expense": NaN,
        "Other Non Operating Income Expenses": NaN,
        "Special Income Charges": NaN,
        "Other Special Charges": NaN,
        "Restructuring And Mergern Acquisition": 0.0,
        "Gain On Sale Of Security": NaN,
        "Net Non Operating Interest Income Expense": NaN,
        "Interest Expense Non Operating": NaN,
        "Interest Income Non Operating": NaN,
        "Operating Income": NaN,
        "Operating Expense": NaN,
        "Research And Development": NaN,
        "Selling General And Administration": NaN,
        "General And Administrative Expense": 9060000.0,
        "Other Gand A": 9060000.0,
        "Gross Profit": NaN,
        "Cost Of Revenue": NaN,
        "Total Revenue": NaN,
        "Operating Revenue": NaN
    },
    "2024-03-31": {
        "Tax Effect Of Unusual Items": NaN,
        "Tax Rate For Calcs": NaN,
        "Normalized EBITDA": NaN,
        "Total Unusual Items": NaN,
        "Total Unusual Items Excluding Goodwill": NaN,
        "Net Income From Continuing Operation Net Minority Interest": NaN,
        "Reconciled Depreciation": NaN,
        "Reconciled Cost Of Revenue": NaN,
        "EBITDA": NaN,
        "EBIT": NaN,
        "Net Interest Income": NaN,
        "Interest Expense": NaN,
        "Interest Income": 14000.0,
        "Normalized Income": NaN,
        "Net Income From Continuing And Discontinued Operation": NaN,
        "Total Expenses": NaN,
        "Total Operating Income As Reported": NaN,
        "Diluted Average Shares": NaN,
        "Basic Average Shares": NaN,
        "Diluted EPS": NaN,
        "Basic EPS": NaN,
        "Diluted NI Availto Com Stockholders": NaN,
        "Net Income Common Stockholders": NaN,
        "Net Income": NaN,
        "Net Income Including Noncontrolling Interests": NaN,
        "Net Income Continuous Operations": NaN,
        "Tax Provision": NaN,
        "Pretax Income": NaN,
        "Other Income Expense": NaN,
        "Other Non Operating Income Expenses": NaN,
        "Special Income Charges": NaN,
        "Other Special Charges": 316000.0,
        "Restructuring And Mergern Acquisition": 0.0,
        "Gain On Sale Of Security": NaN,
        "Net Non Operating Interest Income Expense": NaN,
        "Interest Expense Non Operating": NaN,
        "Interest Income Non Operating": 14000.0,
        "Operating Income": NaN,
        "Operating Expense": NaN,
        "Research And Development": NaN,
        "Selling General And Administration": NaN,
        "Gross Profit": NaN,
        "Cost Of Revenue": NaN,
        "Total Revenue": NaN,
        "Operating Revenue": NaN
    },
    "2024-06-30": {
        "Tax Effect Of Unusual Items": 1139040.0,
        "Tax Rate For Calcs": 0.21,
        "Normalized EBITDA": -4756000.0,
        "Total Unusual Items": 5424000.0,
        "Total Unusual Items Excluding Goodwill": 5424000.0,
        "Net Income From Continuing Operation Net Minority Interest": -257000.0,
        "Reconciled Depreciation": 309000.0,
        "Reconciled Cost Of Revenue": 4342000.0,
        "EBITDA": 668000.0,
        "EBIT": 359000.0,
        "Net Interest Income": -596000.0,
        "Interest Expense": 596000.0,
        "Interest Income": 24000.0,
        "Normalized Income": -4541960.0,
        "Net Income From Continuing And Discontinued Operation": -257000.0,
        "Total Expenses": 12910000.0,
        "Total Operating Income As Reported": -5071000.0,
        "Diluted Average Shares": 5091353.0,
        "Basic Average Shares": 5091353.0,
        "Diluted EPS": -0.05,
        "Basic EPS": -0.05,
        "Diluted NI Availto Com Stockholders": -257000.0,
        "Net Income Common Stockholders": -257000.0,
        "Net Income": -257000.0,
        "Net Income Including Noncontrolling Interests": -257000.0,
        "Net Income Continuous Operations": -257000.0,
        "Tax Provision": 20000.0,
        "Pretax Income": -237000.0,
        "Other Income Expense": 5430000.0,
        "Other Non Operating Income Expenses": 6000.0,
        "Special Income Charges": 0.0,
        "Other Special Charges": NaN,
        "Restructuring And Mergern Acquisition": 621000.0,
        "Gain On Sale Of Security": 5424000.0,
        "Net Non Operating Interest Income Expense": -596000.0,
        "Interest Expense Non Operating": 596000.0,
        "Interest Income Non Operating": 24000.0,
        "Operating Income": -5071000.0,
        "Operating Expense": 8568000.0,
        "Research And Development": 621000.0,
        "Selling General And Administration": 7947000.0,
        "Gross Profit": 3497000.0,
        "Cost Of Revenue": 4342000.0,
        "Total Revenue": 7839000.0,
        "Operating Revenue": 7839000.0
    },
    "2024-09-30": {
        "Tax Effect Of Unusual Items": -143220.0,
        "Tax Rate For Calcs": 0.21,
        "Normalized EBITDA": -4663000.0,
        "Total Unusual Items": -682000.0,
        "Total Unusual Items Excluding Goodwill": -682000.0,
        "Net Income From Continuing Operation Net Minority Interest": -5669000.0,
        "Reconciled Depreciation": 312000.0,
        "Reconciled Cost Of Revenue": 4877000.0,
        "EBITDA": -5345000.0,
        "EBIT": -5657000.0,
        "Net Interest Income": 8000.0,
        "Interest Expense": 9000.0,
        "Interest Income": 17000.0,
        "Normalized Income": -5130220.0,
        "Net Income From Continuing And Discontinued Operation": -5669000.0,
        "Total Expenses": 13972000.0,
        "Total Operating Income As Reported": -4960000.0,
        "Diluted Average Shares": 5773993.0,
        "Basic Average Shares": 5773993.0,
        "Diluted EPS": -0.98,
        "Basic EPS": -0.98,
        "Diluted NI Availto Com Stockholders": -5669000.0,
        "Net Income Common Stockholders": -5669000.0,
        "Net Income": -5669000.0,
        "Net Income Including Noncontrolling Interests": -5669000.0,
        "Net Income Continuous Operations": -5669000.0,
        "Tax Provision": 3000.0,
        "Pretax Income": -5666000.0,
        "Other Income Expense": -714000.0,
        "Other Non Operating Income Expenses": -32000.0,
        "Special Income Charges": 0.0,
        "Other Special Charges": NaN,
        "Restructuring And Mergern Acquisition": 0.0,
        "Gain On Sale Of Security": -682000.0,
        "Net Non Operating Interest Income Expense": 8000.0,
        "Interest Expense Non Operating": 9000.0,
        "Interest Income Non Operating": 17000.0,
        "Operating Income": -4960000.0,
        "Operating Expense": 9095000.0,
        "Research And Development": 669000.0,
        "Selling General And Administration": 8426000.0,
        "Gross Profit": 4135000.0,
        "Cost Of Revenue": 4877000.0,
        "Total Revenue": 9012000.0,
        "Operating Revenue": 9012000.0
    },
    "2024-12-31": {
        "Tax Effect Of Unusual Items": 1177.269478,
        "Tax Rate For Calcs": 0.002144,
        "Normalized EBITDA": -1672000.0,
        "Total Unusual Items": 549000.0,
        "Total Unusual Items Excluding Goodwill": 549000.0,
        "Net Income From Continuing Operation Net Minority Interest": -1396000.0,
        "Reconciled Depreciation": 221000.0,
        "Reconciled Cost Of Revenue": 5272000.0,
        "EBITDA": -1123000.0,
        "EBIT": -1344000.0,
        "Net Interest Income": -81000.0,
        "Interest Expense": 55000.0,
        "Interest Income": 15000.0,
        "Normalized Income": -1943822.730522,
        "Net Income From Continuing And Discontinued Operation": -1396000.0,
        "Total Expenses": 14271000.0,
        "Total Operating Income As Reported": -1712000.0,
        "Diluted Average Shares": 7519210.0,
        "Basic Average Shares": 7519210.0,
        "Diluted EPS": -0.19,
        "Basic EPS": -0.19,
        "Diluted NI Availto Com Stockholders": -1396000.0,
        "Net Income Common Stockholders": -1396000.0,
        "Net Income": -1396000.0,
        "Net Income Including Noncontrolling Interests": -1396000.0,
        "Net Income Continuous Operations": -1396000.0,
        "Tax Provision": -3000.0,
        "Pretax Income": -1399000.0,
        "Other Income Expense": 394000.0,
        "Other Non Operating Income Expenses": -155000.0,
        "Special Income Charges": 168000.0,
        "Other Special Charges": -168000.0,
        "Restructuring And Mergern Acquisition": 0.0,
        "Gain On Sale Of Security": 381000.0,
        "Net Non Operating Interest Income Expense": -81000.0,
        "Interest Expense Non Operating": 55000.0,
        "Interest Income Non Operating": 15000.0,
        "Operating Income": -1712000.0,
        "Operating Expense": 8999000.0,
        "Research And Development": 783000.0,
        "Selling General And Administration": 8216000.0,
        "Gross Profit": 7287000.0,
        "Cost Of Revenue": 5272000.0,
        "Total Revenue": 12559000.0,
        "Operating Revenue": 12559000.0
    },
    "2025-03-31": {
        "Tax Effect Of Unusual Items": 130.352046,
        "Tax Rate For Calcs": 0.000238,
        "Normalized EBITDA": -4413000.0,
        "Total Unusual Items": 548000.0,
        "Total Unusual Items Excluding Goodwill": 548000.0,
        "Net Income From Continuing Operation Net Minority Interest": -4203000.0,
        "Reconciled Depreciation": 219000.0,
        "Reconciled Cost Of Revenue": 3268000.0,
        "EBITDA": -3865000.0,
        "EBIT": -4084000.0,
        "Net Interest Income": -106000.0,
        "Interest Expense": 120000.0,
        "Interest Income": 14000.0,
        "Normalized Income": -4750869.647954,
        "Net Income From Continuing And Discontinued Operation": -4203000.0,
        "Total Expenses": 13135000.0,
        "Total Operating Income As Reported": -4547000.0,
        "Diluted Average Shares": 8873932.0,
        "Basic Average Shares": 8873932.0,
        "Diluted EPS": -0.47,
        "Basic EPS": -0.47,
        "Diluted NI Availto Com Stockholders": -4203000.0,
        "Net Income Common Stockholders": -4203000.0,
        "Net Income": -4203000.0,
        "Net Income Including Noncontrolling Interests": -4203000.0,
        "Net Income Continuous Operations": -4203000.0,
        "Tax Provision": -1000.0,
        "Pretax Income": -4204000.0,
        "Other Income Expense": 449000.0,
        "Other Non Operating Income Expenses": -99000.0,
        "Special Income Charges": 0.0,
        "Other Special Charges": NaN,
        "Restructuring And Mergern Acquisition": NaN,
        "Gain On Sale Of Security": 548000.0,
        "Net Non Operating Interest Income Expense": -106000.0,
        "Interest Expense Non Operating": 120000.0,
        "Interest Income Non Operating": 14000.0,
        "Operating Income": -4547000.0,
        "Operating Expense": 9867000.0,
        "Research And Development": 1207000.0,
        "Selling General And Administration": 8660000.0,
        "Gross Profit": 5320000.0,
        "Cost Of Revenue": 3268000.0,
        "Total Revenue": 8588000.0,
        "Operating Revenue": 8588000.0
    },
    "2025-06-30": {
        "Tax Effect Of Unusual Items": 32550.0,
        "Tax Rate For Calcs": 0.21,
        "Normalized EBITDA": -5121000.0,
        "Total Unusual Items": 155000.0,
        "Total Unusual Items Excluding Goodwill": 155000.0,
        "Net Income From Continuing Operation Net Minority Interest": -5324000.0,
        "Reconciled Depreciation": 222000.0,
        "Reconciled Cost Of Revenue": 2642000.0,
        "EBITDA": -4966000.0,
        "EBIT": -5188000.0,
        "Net Interest Income": -115000.0,
        "Interest Expense": 115000.0,
        "Interest Income": NaN,
        "Normalized Income": -5446450.0,
        "Net Income From Continuing And Discontinued Operation": -5324000.0,
        "Total Expenses": 14109000.0,
        "Total Operating Income As Reported": -5079000.0,
        "Diluted Average Shares": 9351557.0,
        "Basic Average Shares": 9351557.0,
        "Diluted EPS": -0.57,
        "Basic EPS": -0.57,
        "Diluted NI Availto Com Stockholders": -5324000.0,
        "Net Income Common Stockholders": -5324000.0,
        "Net Income": -5324000.0,
        "Net Income Including Noncontrolling Interests": -5324000.0,
        "Net Income Continuous Operations": -5324000.0,
        "Tax Provision": 21000.0,
        "Pretax Income": -5303000.0,
        "Other Income Expense": -109000.0,
        "Other Non Operating Income Expenses": -264000.0,
        "Special Income Charges": 0.0,
        "Other Special Charges": NaN,
        "Restructuring And Mergern Acquisition": NaN,
        "Gain On Sale Of Security": 155000.0,
        "Net Non Operating Interest Income Expense": -115000.0,
        "Interest Expense Non Operating": 115000.0,
        "Interest Income Non Operating": NaN,
        "Operating Income": -5079000.0,
        "Operating Expense": 11467000.0,
        "Research And Development": 870000.0,
        "Selling General And Administration": 10597000.0,
        "Gross Profit": 6388000.0,
        "Cost Of Revenue": 2642000.0,
        "Total Revenue": 9030000.0,
        "Operating Revenue": 9030000.0
    }
}