{
    "2023-03-31": {
        "Tax Effect Of Unusual Items": NaN,
        "Tax Rate For Calcs": NaN,
        "Normalized EBITDA": NaN,
        "Total Unusual Items": NaN,
        "Total Unusual Items Excluding Goodwill": NaN,
        "Net Income From Continuing Operation Net Minority Interest": NaN,
        "Reconciled Depreciation": NaN,
        "Reconciled Cost Of Revenue": NaN,
        "EBITDA": NaN,
        "EBIT": NaN,
        "Net Interest Income": NaN,
        "Interest Expense": NaN,
        "Interest Income": NaN,
        "Normalized Income": NaN,
        "Net Income From Continuing And Discontinued Operation": NaN,
        "Total Expenses": NaN,
        "Diluted Average Shares": 152000000.0,
        "Basic Average Shares": 150585513.0,
        "Diluted EPS": 4.15,
        "Basic EPS": 4.196951,
        "Diluted NI Availto Com Stockholders": NaN,
        "Net Income Common Stockholders": NaN,
        "Net Income": NaN,
        "Minority Interests": NaN,
        "Net Income Including Noncontrolling Interests": NaN,
        "Net Income Continuous Operations": NaN,
        "Tax Provision": NaN,
        "Pretax Income": NaN,
        "Other Income Expense": 83000000.0,
        "Other Non Operating Income Expenses": NaN,
        "Earnings From Equity Interest": NaN,
        "Gain On Sale Of Security": NaN,
        "Net Non Operating Interest Income Expense": NaN,
        "Interest Expense Non Operating": NaN,
        "Interest Income Non Operating": NaN,
        "Operating Income": NaN,
        "Operating Expense": NaN,
        "Selling General And Administration": NaN,
        "Gross Profit": NaN,
        "Cost Of Revenue": NaN,
        "Total Revenue": NaN,
        "Operating Revenue": NaN
    },
    "2022-12-31": {
        "Tax Effect Of Unusual Items": NaN,
        "Tax Rate For Calcs": NaN,
        "Normalized EBITDA": NaN,
        "Total Unusual Items": NaN,
        "Total Unusual Items Excluding Goodwill": NaN,
        "Net Income From Continuing Operation Net Minority Interest": NaN,
        "Reconciled Depreciation": NaN,
        "Reconciled Cost Of Revenue": NaN,
        "EBITDA": NaN,
        "EBIT": NaN,
        "Net Interest Income": NaN,
        "Interest Expense": NaN,
        "Interest Income": NaN,
        "Normalized Income": NaN,
        "Net Income From Continuing And Discontinued Operation": NaN,
        "Total Expenses": NaN,
        "Diluted Average Shares": 152000000.0,
        "Basic Average Shares": 149907932.0,
        "Diluted EPS": 2.21,
        "Basic EPS": 2.241376,
        "Diluted NI Availto Com Stockholders": NaN,
        "Net Income Common Stockholders": NaN,
        "Net Income": NaN,
        "Minority Interests": NaN,
        "Net Income Including Noncontrolling Interests": NaN,
        "Net Income Continuous Operations": NaN,
        "Tax Provision": NaN,
        "Pretax Income": NaN,
        "Other Income Expense": 153000000.0,
        "Other Non Operating Income Expenses": NaN,
        "Earnings From Equity Interest": NaN,
        "Gain On Sale Of Security": NaN,
        "Net Non Operating Interest Income Expense": NaN,
        "Interest Expense Non Operating": NaN,
        "Interest Income Non Operating": NaN,
        "Operating Income": NaN,
        "Operating Expense": NaN,
        "Selling General And Administration": NaN,
        "Gross Profit": NaN,
        "Cost Of Revenue": NaN,
        "Total Revenue": NaN,
        "Operating Revenue": NaN
    },
    "2022-09-30": {
        "Tax Effect Of Unusual Items": NaN,
        "Tax Rate For Calcs": NaN,
        "Normalized EBITDA": NaN,
        "Total Unusual Items": NaN,
        "Total Unusual Items Excluding Goodwill": NaN,
        "Net Income From Continuing Operation Net Minority Interest": NaN,
        "Reconciled Depreciation": NaN,
        "Reconciled Cost Of Revenue": NaN,
        "EBITDA": NaN,
        "EBIT": NaN,
        "Net Interest Income": NaN,
        "Interest Expense": NaN,
        "Interest Income": NaN,
        "Normalized Income": NaN,
        "Net Income From Continuing And Discontinued Operation": NaN,
        "Total Expenses": NaN,
        "Diluted Average Shares": NaN,
        "Basic Average Shares": NaN,
        "Diluted EPS": NaN,
        "Basic EPS": NaN,
        "Diluted NI Availto Com Stockholders": NaN,
        "Average Dilution Earnings": 0.0,
        "Net Income Common Stockholders": NaN,
        "Net Income": NaN,
        "Minority Interests": NaN,
        "Net Income Including Noncontrolling Interests": NaN,
        "Net Income Continuous Operations": NaN,
        "Tax Provision": NaN,
        "Pretax Income": NaN,
        "Other Income Expense": NaN,
        "Other Non Operating Income Expenses": NaN,
        "Earnings From Equity Interest": NaN,
        "Gain On Sale Of Security": NaN,
        "Net Non Operating Interest Income Expense": NaN,
        "Interest Expense Non Operating": NaN,
        "Interest Income Non Operating": NaN,
        "Operating Income": NaN,
        "Operating Expense": NaN,
        "Selling General And Administration": NaN,
        "Gross Profit": NaN,
        "Cost Of Revenue": NaN,
        "Total Revenue": NaN,
        "Operating Revenue": NaN
    },
    "2022-06-30": {
        "Tax Effect Of Unusual Items": -15172413.793103,
        "Tax Rate For Calcs": 0.137931,
        "Normalized EBITDA": 565000000.0,
        "Total Unusual Items": -110000000.0,
        "Total Unusual Items Excluding Goodwill": -110000000.0,
        "Net Income From Continuing Operation Net Minority Interest": 206000000.0,
        "Reconciled Depreciation": 102000000.0,
        "Reconciled Cost Of Revenue": 17161000000.0,
        "EBITDA": 455000000.0,
        "EBIT": 353000000.0,
        "Net Interest Income": -81000000.0,
        "Interest Expense": 92000000.0,
        "Interest Income": 11000000.0,
        "Normalized Income": 300827586.206897,
        "Net Income From Continuing And Discontinued Operation": 206000000.0,
        "Total Expenses": 17495000000.0,
        "Diluted Average Shares": 154072714.0,
        "Basic Average Shares": 151799677.0,
        "Diluted EPS": 1.34,
        "Basic EPS": 1.36,
        "Diluted NI Availto Com Stockholders": 206000000.0,
        "Average Dilution Earnings": 0.0,
        "Net Income Common Stockholders": 206000000.0,
        "Net Income": 206000000.0,
        "Minority Interests": -19000000.0,
        "Net Income Including Noncontrolling Interests": 225000000.0,
        "Net Income Continuous Operations": 225000000.0,
        "Tax Provision": 36000000.0,
        "Pretax Income": 261000000.0,
        "Other Income Expense": -96000000.0,
        "Other Non Operating Income Expenses": -6000000.0,
        "Earnings From Equity Interest": 20000000.0,
        "Gain On Sale Of Security": -110000000.0,
        "Net Non Operating Interest Income Expense": -81000000.0,
        "Interest Expense Non Operating": 92000000.0,
        "Interest Income Non Operating": 11000000.0,
        "Operating Income": 438000000.0,
        "Operating Expense": 334000000.0,
        "Selling General And Administration": 334000000.0,
        "Gross Profit": 772000000.0,
        "Cost Of Revenue": 17161000000.0,
        "Total Revenue": 17933000000.0,
        "Operating Revenue": 17933000000.0
    },
    "2023-06-30": {
        "Tax Effect Of Unusual Items": NaN,
        "Tax Rate For Calcs": NaN,
        "Normalized EBITDA": NaN,
        "Total Unusual Items": NaN,
        "Total Unusual Items Excluding Goodwill": NaN,
        "Net Income From Continuing Operation Net Minority Interest": NaN,
        "Reconciled Depreciation": NaN,
        "Reconciled Cost Of Revenue": NaN,
        "EBITDA": NaN,
        "EBIT": NaN,
        "Net Interest Income": NaN,
        "Interest Expense": NaN,
        "Interest Income": NaN,
        "Normalized Income": NaN,
        "Net Income From Continuing And Discontinued Operation": NaN,
        "Total Expenses": NaN,
        "Diluted Average Shares": NaN,
        "Basic Average Shares": NaN,
        "Diluted EPS": NaN,
        "Basic EPS": NaN,
        "Diluted NI Availto Com Stockholders": NaN,
        "Net Income Common Stockholders": NaN,
        "Net Income": NaN,
        "Minority Interests": NaN,
        "Net Income Including Noncontrolling Interests": NaN,
        "Net Income Continuous Operations": NaN,
        "Tax Provision": NaN,
        "Pretax Income": NaN,
        "Other Income Expense": -29000000.0,
        "Other Non Operating Income Expenses": NaN,
        "Earnings From Equity Interest": NaN,
        "Gain On Sale Of Security": NaN,
        "Net Non Operating Interest Income Expense": NaN,
        "Interest Expense Non Operating": NaN,
        "Interest Income Non Operating": NaN,
        "Operating Income": NaN,
        "Operating Expense": NaN,
        "Selling General And Administration": NaN,
        "Gross Profit": NaN,
        "Cost Of Revenue": NaN,
        "Total Revenue": NaN,
        "Operating Revenue": NaN
    },
    "2023-09-30": {
        "Tax Effect Of Unusual Items": NaN,
        "Tax Rate For Calcs": NaN,
        "Normalized EBITDA": NaN,
        "Total Unusual Items": NaN,
        "Total Unusual Items Excluding Goodwill": NaN,
        "Net Income From Continuing Operation Net Minority Interest": NaN,
        "Reconciled Depreciation": NaN,
        "Reconciled Cost Of Revenue": NaN,
        "EBITDA": NaN,
        "EBIT": NaN,
        "Net Interest Income": NaN,
        "Interest Expense": NaN,
        "Interest Income": NaN,
        "Normalized Income": NaN,
        "Net Income From Continuing And Discontinued Operation": NaN,
        "Total Expenses": NaN,
        "Diluted Average Shares": 151000000.0,
        "Basic Average Shares": 146368303.0,
        "Diluted EPS": 2.47,
        "Basic EPS": 2.548366,
        "Diluted NI Availto Com Stockholders": NaN,
        "Net Income Common Stockholders": NaN,
        "Net Income": NaN,
        "Minority Interests": NaN,
        "Net Income Including Noncontrolling Interests": NaN,
        "Net Income Continuous Operations": NaN,
        "Tax Provision": NaN,
        "Pretax Income": NaN,
        "Other Income Expense": NaN,
        "Other Non Operating Income Expenses": NaN,
        "Earnings From Equity Interest": NaN,
        "Gain On Sale Of Security": NaN,
        "Net Non Operating Interest Income Expense": NaN,
        "Interest Expense Non Operating": NaN,
        "Interest Income Non Operating": NaN,
        "Operating Income": NaN,
        "Operating Expense": NaN,
        "Selling General And Administration": NaN,
        "Gross Profit": NaN,
        "Cost Of Revenue": NaN,
        "Total Revenue": NaN,
        "Operating Revenue": NaN
    },
    "2023-12-31": {
        "Tax Effect Of Unusual Items": 20928327.645051,
        "Tax Rate For Calcs": 0.249147,
        "Normalized EBITDA": 1071000000.0,
        "Total Unusual Items": 84000000.0,
        "Total Unusual Items Excluding Goodwill": 84000000.0,
        "Net Income From Continuing Operation Net Minority Interest": 616000000.0,
        "Reconciled Depreciation": 134000000.0,
        "Reconciled Cost Of Revenue": 13682000000.0,
        "EBITDA": 1155000000.0,
        "EBIT": 1021000000.0,
        "Net Interest Income": -115000000.0,
        "Interest Expense": 142000000.0,
        "Interest Income": 27000000.0,
        "Normalized Income": 552928327.645051,
        "Net Income From Continuing And Discontinued Operation": 616000000.0,
        "Total Expenses": 14177000000.0,
        "Diluted Average Shares": NaN,
        "Basic Average Shares": NaN,
        "Diluted EPS": NaN,
        "Basic EPS": NaN,
        "Diluted NI Availto Com Stockholders": 616000000.0,
        "Net Income Common Stockholders": 616000000.0,
        "Net Income": 616000000.0,
        "Minority Interests": -44000000.0,
        "Net Income Including Noncontrolling Interests": 660000000.0,
        "Net Income Continuous Operations": 660000000.0,
        "Tax Provision": 219000000.0,
        "Pretax Income": 879000000.0,
        "Other Income Expense": 235000000.0,
        "Other Non Operating Income Expenses": 94000000.0,
        "Earnings From Equity Interest": 57000000.0,
        "Gain On Sale Of Security": 84000000.0,
        "Net Non Operating Interest Income Expense": -115000000.0,
        "Interest Expense Non Operating": 142000000.0,
        "Interest Income Non Operating": 27000000.0,
        "Operating Income": 759000000.0,
        "Operating Expense": 495000000.0,
        "Selling General And Administration": 495000000.0,
        "Gross Profit": 1254000000.0,
        "Cost Of Revenue": 13682000000.0,
        "Total Revenue": 14936000000.0,
        "Operating Revenue": 14936000000.0
    },
    "2024-03-31": {
        "Tax Effect Of Unusual Items": -24731707.317073,
        "Tax Rate For Calcs": 0.317073,
        "Normalized EBITDA": 667000000.0,
        "Total Unusual Items": -78000000.0,
        "Total Unusual Items Excluding Goodwill": -78000000.0,
        "Net Income From Continuing Operation Net Minority Interest": 244000000.0,
        "Reconciled Depreciation": 112000000.0,
        "Reconciled Cost Of Revenue": 12541000000.0,
        "EBITDA": 589000000.0,
        "EBIT": 477000000.0,
        "Net Interest Income": -66000000.0,
        "Interest Expense": 108000000.0,
        "Interest Income": 42000000.0,
        "Normalized Income": 297268292.682927,
        "Net Income From Continuing And Discontinued Operation": 244000000.0,
        "Total Expenses": 12980000000.0,
        "Diluted Average Shares": 145000000.0,
        "Basic Average Shares": 141582461.0,
        "Diluted EPS": 1.68,
        "Basic EPS": 1.723377,
        "Diluted NI Availto Com Stockholders": 244000000.0,
        "Net Income Common Stockholders": 244000000.0,
        "Net Income": 244000000.0,
        "Minority Interests": -8000000.0,
        "Net Income Including Noncontrolling Interests": 252000000.0,
        "Net Income Continuous Operations": 252000000.0,
        "Tax Provision": 117000000.0,
        "Pretax Income": 369000000.0,
        "Other Income Expense": -2000000.0,
        "Other Non Operating Income Expenses": 68000000.0,
        "Earnings From Equity Interest": 8000000.0,
        "Gain On Sale Of Security": -78000000.0,
        "Net Non Operating Interest Income Expense": -66000000.0,
        "Interest Expense Non Operating": 108000000.0,
        "Interest Income Non Operating": 42000000.0,
        "Operating Income": 437000000.0,
        "Operating Expense": 439000000.0,
        "Selling General And Administration": 439000000.0,
        "Gross Profit": 876000000.0,
        "Cost Of Revenue": 12541000000.0,
        "Total Revenue": 13417000000.0,
        "Operating Revenue": 13417000000.0
    },
    "2024-06-30": {
        "Tax Effect Of Unusual Items": -10776699.029126,
        "Tax Rate For Calcs": 0.291262,
        "Normalized EBITDA": 377000000.0,
        "Total Unusual Items": -37000000.0,
        "Total Unusual Items Excluding Goodwill": -37000000.0,
        "Net Income From Continuing Operation Net Minority Interest": 70000000.0,
        "Reconciled Depreciation": 114000000.0,
        "Reconciled Cost Of Revenue": 12577000000.0,
        "EBITDA": 340000000.0,
        "EBIT": 226000000.0,
        "Net Interest Income": -86000000.0,
        "Interest Expense": 123000000.0,
        "Interest Income": 37000000.0,
        "Normalized Income": 96223300.970874,
        "Net Income From Continuing And Discontinued Operation": 70000000.0,
        "Total Expenses": 13026000000.0,
        "Diluted Average Shares": 143000000.0,
        "Basic Average Shares": 141641323.0,
        "Diluted EPS": 0.48,
        "Basic EPS": 0.494206,
        "Diluted NI Availto Com Stockholders": 70000000.0,
        "Net Income Common Stockholders": 70000000.0,
        "Net Income": 70000000.0,
        "Minority Interests": -3000000.0,
        "Net Income Including Noncontrolling Interests": 73000000.0,
        "Net Income Continuous Operations": 73000000.0,
        "Tax Provision": 30000000.0,
        "Pretax Income": 103000000.0,
        "Other Income Expense": -26000000.0,
        "Other Non Operating Income Expenses": 57000000.0,
        "Earnings From Equity Interest": -46000000.0,
        "Gain On Sale Of Security": -37000000.0,
        "Net Non Operating Interest Income Expense": -86000000.0,
        "Interest Expense Non Operating": 123000000.0,
        "Interest Income Non Operating": 37000000.0,
        "Operating Income": 215000000.0,
        "Operating Expense": 449000000.0,
        "Selling General And Administration": 449000000.0,
        "Gross Profit": 664000000.0,
        "Cost Of Revenue": 12577000000.0,
        "Total Revenue": 13241000000.0,
        "Operating Revenue": 13241000000.0
    },
    "2024-09-30": {
        "Tax Effect Of Unusual Items": 3869565.217391,
        "Tax Rate For Calcs": 0.276398,
        "Normalized EBITDA": 554000000.0,
        "Total Unusual Items": 14000000.0,
        "Total Unusual Items Excluding Goodwill": 14000000.0,
        "Net Income From Continuing Operation Net Minority Interest": 221000000.0,
        "Reconciled Depreciation": 119000000.0,
        "Reconciled Cost Of Revenue": 12136000000.0,
        "EBITDA": 568000000.0,
        "EBIT": 449000000.0,
        "Net Interest Income": -94000000.0,
        "Interest Expense": 127000000.0,
        "Interest Income": 33000000.0,
        "Normalized Income": 210869565.217391,
        "Net Income From Continuing And Discontinued Operation": 221000000.0,
        "Total Expenses": 12573000000.0,
        "Diluted Average Shares": 142000000.0,
        "Basic Average Shares": 139625014.0,
        "Diluted EPS": 1.56,
        "Basic EPS": 1.582811,
        "Diluted NI Availto Com Stockholders": 221000000.0,
        "Net Income Common Stockholders": 221000000.0,
        "Net Income": 221000000.0,
        "Minority Interests": -12000000.0,
        "Net Income Including Noncontrolling Interests": 233000000.0,
        "Net Income Continuous Operations": 233000000.0,
        "Tax Provision": 89000000.0,
        "Pretax Income": 322000000.0,
        "Other Income Expense": 81000000.0,
        "Other Non Operating Income Expenses": 87000000.0,
        "Earnings From Equity Interest": -20000000.0,
        "Gain On Sale Of Security": 14000000.0,
        "Net Non Operating Interest Income Expense": -94000000.0,
        "Interest Expense Non Operating": 127000000.0,
        "Interest Income Non Operating": 33000000.0,
        "Operating Income": 335000000.0,
        "Operating Expense": 437000000.0,
        "Selling General And Administration": 437000000.0,
        "Gross Profit": 772000000.0,
        "Cost Of Revenue": 12136000000.0,
        "Total Revenue": 12908000000.0,
        "Operating Revenue": 12908000000.0
    },
    "2024-12-31": {
        "Tax Effect Of Unusual Items": -12054794.520548,
        "Tax Rate For Calcs": 0.136986,
        "Normalized EBITDA": 1054000000.0,
        "Total Unusual Items": -88000000.0,
        "Total Unusual Items Excluding Goodwill": -88000000.0,
        "Net Income From Continuing Operation Net Minority Interest": 602000000.0,
        "Reconciled Depreciation": 123000000.0,
        "Reconciled Cost Of Revenue": 12461000000.0,
        "EBITDA": 966000000.0,
        "EBIT": 843000000.0,
        "Net Interest Income": -62000000.0,
        "Interest Expense": 113000000.0,
        "Interest Income": 51000000.0,
        "Normalized Income": 677945205.479452,
        "Net Income From Continuing And Discontinued Operation": 602000000.0,
        "Total Expenses": 12912000000.0,
        "Diluted Average Shares": 138000000.0,
        "Basic Average Shares": 133964235.0,
        "Diluted EPS": 4.36,
        "Basic EPS": 4.493737,
        "Diluted NI Availto Com Stockholders": 602000000.0,
        "Net Income Common Stockholders": 602000000.0,
        "Net Income": 602000000.0,
        "Minority Interests": -28000000.0,
        "Net Income Including Noncontrolling Interests": 630000000.0,
        "Net Income Continuous Operations": 630000000.0,
        "Tax Provision": 100000000.0,
        "Pretax Income": 730000000.0,
        "Other Income Expense": 162000000.0,
        "Other Non Operating Income Expenses": 230000000.0,
        "Earnings From Equity Interest": 20000000.0,
        "Gain On Sale Of Security": -88000000.0,
        "Net Non Operating Interest Income Expense": -62000000.0,
        "Interest Expense Non Operating": 113000000.0,
        "Interest Income Non Operating": 51000000.0,
        "Operating Income": 630000000.0,
        "Operating Expense": 451000000.0,
        "Selling General And Administration": 451000000.0,
        "Gross Profit": 1081000000.0,
        "Cost Of Revenue": 12461000000.0,
        "Total Revenue": 13542000000.0,
        "Operating Revenue": 13542000000.0
    },
    "2025-03-31": {
        "Tax Effect Of Unusual Items": 7042253.521127,
        "Tax Rate For Calcs": 0.28169,
        "Normalized EBITDA": 483000000.0,
        "Total Unusual Items": 25000000.0,
        "Total Unusual Items Excluding Goodwill": 25000000.0,
        "Net Income From Continuing Operation Net Minority Interest": 201000000.0,
        "Reconciled Depreciation": 120000000.0,
        "Reconciled Cost Of Revenue": 11046000000.0,
        "EBITDA": 508000000.0,
        "EBIT": 388000000.0,
        "Net Interest Income": -45000000.0,
        "Interest Expense": 104000000.0,
        "Interest Income": 59000000.0,
        "Normalized Income": 183042253.521127,
        "Net Income From Continuing And Discontinued Operation": 201000000.0,
        "Total Expenses": 11426000000.0,
        "Diluted Average Shares": 135407823.0,
        "Basic Average Shares": 134396552.0,
        "Diluted EPS": 1.48,
        "Basic EPS": 1.495574,
        "Diluted NI Availto Com Stockholders": 201000000.0,
        "Net Income Common Stockholders": 201000000.0,
        "Net Income": 201000000.0,
        "Minority Interests": -3000000.0,
        "Net Income Including Noncontrolling Interests": 204000000.0,
        "Net Income Continuous Operations": 204000000.0,
        "Tax Provision": 80000000.0,
        "Pretax Income": 284000000.0,
        "Other Income Expense": 112000000.0,
        "Other Non Operating Income Expenses": 82000000.0,
        "Earnings From Equity Interest": 5000000.0,
        "Gain On Sale Of Security": 25000000.0,
        "Net Non Operating Interest Income Expense": -45000000.0,
        "Interest Expense Non Operating": 104000000.0,
        "Interest Income Non Operating": 59000000.0,
        "Operating Income": 217000000.0,
        "Operating Expense": 380000000.0,
        "Selling General And Administration": 380000000.0,
        "Gross Profit": 597000000.0,
        "Cost Of Revenue": 11046000000.0,
        "Total Revenue": 11643000000.0,
        "Operating Revenue": 11643000000.0
    },
    "2025-06-30": {
        "Tax Effect Of Unusual Items": 11044534.412955,
        "Tax Rate For Calcs": 0.251012,
        "Normalized EBITDA": 672000000.0,
        "Total Unusual Items": 44000000.0,
        "Total Unusual Items Excluding Goodwill": 44000000.0,
        "Net Income From Continuing Operation Net Minority Interest": 354000000.0,
        "Reconciled Depreciation": 116000000.0,
        "Reconciled Cost Of Revenue": 12031000000.0,
        "EBITDA": 716000000.0,
        "EBIT": 600000000.0,
        "Net Interest Income": -60000000.0,
        "Interest Expense": 106000000.0,
        "Interest Income": 46000000.0,
        "Normalized Income": 321044534.412955,
        "Net Income From Continuing And Discontinued Operation": 354000000.0,
        "Total Expenses": 12449000000.0,
        "Diluted Average Shares": 136000000.0,
        "Basic Average Shares": 134434752.0,
        "Diluted EPS": 2.61,
        "Basic EPS": 2.633248,
        "Diluted NI Availto Com Stockholders": 354000000.0,
        "Net Income Common Stockholders": 354000000.0,
        "Net Income": 354000000.0,
        "Minority Interests": -16000000.0,
        "Net Income Including Noncontrolling Interests": 370000000.0,
        "Net Income Continuous Operations": 370000000.0,
        "Tax Provision": 124000000.0,
        "Pretax Income": 494000000.0,
        "Other Income Expense": 234000000.0,
        "Other Non Operating Income Expenses": 187000000.0,
        "Earnings From Equity Interest": 3000000.0,
        "Gain On Sale Of Security": 44000000.0,
        "Net Non Operating Interest Income Expense": -60000000.0,
        "Interest Expense Non Operating": 106000000.0,
        "Interest Income Non Operating": 46000000.0,
        "Operating Income": 320000000.0,
        "Operating Expense": 418000000.0,
        "Selling General And Administration": 418000000.0,
        "Gross Profit": 738000000.0,
        "Cost Of Revenue": 12031000000.0,
        "Total Revenue": 12769000000.0,
        "Operating Revenue": 12769000000.0
    }
}