{
    "2023-03-31": {
        "Tax Effect Of Unusual Items": NaN,
        "Tax Rate For Calcs": NaN,
        "Normalized EBITDA": NaN,
        "Total Unusual Items": NaN,
        "Total Unusual Items Excluding Goodwill": NaN,
        "Net Income From Continuing Operation Net Minority Interest": NaN,
        "Reconciled Depreciation": NaN,
        "Reconciled Cost Of Revenue": NaN,
        "EBITDA": NaN,
        "EBIT": NaN,
        "Net Interest Income": NaN,
        "Interest Expense": NaN,
        "Normalized Income": NaN,
        "Net Income From Continuing And Discontinued Operation": NaN,
        "Total Expenses": NaN,
        "Diluted Average Shares": NaN,
        "Basic Average Shares": NaN,
        "Diluted EPS": NaN,
        "Basic EPS": NaN,
        "Diluted NI Availto Com Stockholders": NaN,
        "Net Income Common Stockholders": NaN,
        "Net Income": NaN,
        "Minority Interests": NaN,
        "Net Income Including Noncontrolling Interests": NaN,
        "Net Income Continuous Operations": NaN,
        "Tax Provision": NaN,
        "Pretax Income": NaN,
        "Other Income Expense": NaN,
        "Special Income Charges": NaN,
        "Gain On Sale Of Ppe": NaN,
        "Impairment Of Capital Assets": NaN,
        "Earnings From Equity Interest": NaN,
        "Gain On Sale Of Security": NaN,
        "Net Non Operating Interest Income Expense": NaN,
        "Interest Expense Non Operating": NaN,
        "Operating Income": NaN,
        "Operating Expense": NaN,
        "Depreciation Amortization Depletion Income Statement": NaN,
        "Depreciation And Amortization In Income Statement": 9940000.0,
        "Selling General And Administration": NaN,
        "Gross Profit": NaN,
        "Cost Of Revenue": NaN,
        "Total Revenue": NaN,
        "Operating Revenue": NaN
    },
    "2022-12-31": {
        "Tax Effect Of Unusual Items": NaN,
        "Tax Rate For Calcs": NaN,
        "Normalized EBITDA": NaN,
        "Total Unusual Items": NaN,
        "Total Unusual Items Excluding Goodwill": NaN,
        "Net Income From Continuing Operation Net Minority Interest": NaN,
        "Reconciled Depreciation": NaN,
        "Reconciled Cost Of Revenue": NaN,
        "EBITDA": NaN,
        "EBIT": NaN,
        "Net Interest Income": NaN,
        "Interest Expense": NaN,
        "Normalized Income": NaN,
        "Net Income From Continuing And Discontinued Operation": NaN,
        "Total Expenses": NaN,
        "Diluted Average Shares": NaN,
        "Basic Average Shares": NaN,
        "Diluted EPS": NaN,
        "Basic EPS": NaN,
        "Diluted NI Availto Com Stockholders": NaN,
        "Net Income Common Stockholders": NaN,
        "Net Income": NaN,
        "Minority Interests": NaN,
        "Net Income Including Noncontrolling Interests": NaN,
        "Net Income Continuous Operations": NaN,
        "Tax Provision": NaN,
        "Pretax Income": NaN,
        "Other Income Expense": NaN,
        "Special Income Charges": NaN,
        "Gain On Sale Of Ppe": NaN,
        "Impairment Of Capital Assets": NaN,
        "Earnings From Equity Interest": NaN,
        "Gain On Sale Of Security": NaN,
        "Net Non Operating Interest Income Expense": NaN,
        "Interest Expense Non Operating": NaN,
        "Operating Income": NaN,
        "Operating Expense": NaN,
        "Depreciation Amortization Depletion Income Statement": NaN,
        "Depreciation And Amortization In Income Statement": 12316000.0,
        "Selling General And Administration": NaN,
        "Gross Profit": NaN,
        "Cost Of Revenue": NaN,
        "Total Revenue": NaN,
        "Operating Revenue": NaN
    },
    "2022-09-30": {
        "Tax Effect Of Unusual Items": NaN,
        "Tax Rate For Calcs": NaN,
        "Normalized EBITDA": NaN,
        "Total Unusual Items": NaN,
        "Total Unusual Items Excluding Goodwill": NaN,
        "Net Income From Continuing Operation Net Minority Interest": NaN,
        "Reconciled Depreciation": NaN,
        "Reconciled Cost Of Revenue": NaN,
        "EBITDA": NaN,
        "EBIT": NaN,
        "Net Interest Income": NaN,
        "Interest Expense": NaN,
        "Normalized Income": NaN,
        "Net Income From Continuing And Discontinued Operation": NaN,
        "Total Expenses": NaN,
        "Diluted Average Shares": 1466375.0,
        "Basic Average Shares": 1466375.0,
        "Diluted EPS": 21.826,
        "Basic EPS": 21.826,
        "Diluted NI Availto Com Stockholders": NaN,
        "Net Income Common Stockholders": NaN,
        "Net Income": NaN,
        "Minority Interests": NaN,
        "Net Income Including Noncontrolling Interests": NaN,
        "Net Income Continuous Operations": NaN,
        "Tax Provision": NaN,
        "Pretax Income": NaN,
        "Other Income Expense": NaN,
        "Special Income Charges": NaN,
        "Gain On Sale Of Ppe": 0.0,
        "Impairment Of Capital Assets": NaN,
        "Earnings From Equity Interest": NaN,
        "Gain On Sale Of Security": NaN,
        "Net Non Operating Interest Income Expense": NaN,
        "Interest Expense Non Operating": NaN,
        "Operating Income": NaN,
        "Operating Expense": NaN,
        "Depreciation Amortization Depletion Income Statement": NaN,
        "Depreciation And Amortization In Income Statement": 8456000.0,
        "Selling General And Administration": NaN,
        "Gross Profit": NaN,
        "Cost Of Revenue": NaN,
        "Total Revenue": NaN,
        "Operating Revenue": NaN
    },
    "2022-06-30": {
        "Tax Effect Of Unusual Items": -842564.644675,
        "Tax Rate For Calcs": 0.235353,
        "Normalized EBITDA": -83724000.0,
        "Total Unusual Items": -3580000.0,
        "Total Unusual Items Excluding Goodwill": -3580000.0,
        "Net Income From Continuing Operation Net Minority Interest": -73780000.0,
        "Reconciled Depreciation": 7800000.0,
        "Reconciled Cost Of Revenue": 54268000.0,
        "EBITDA": -87304000.0,
        "EBIT": -95104000.0,
        "Net Interest Income": -1385000.0,
        "Interest Expense": 1385000.0,
        "Normalized Income": -71042564.644675,
        "Net Income From Continuing And Discontinued Operation": -73780000.0,
        "Total Expenses": 78650000.0,
        "Diluted Average Shares": 1509590.0,
        "Basic Average Shares": 1509590.0,
        "Diluted EPS": -48.874,
        "Basic EPS": -48.874,
        "Diluted NI Availto Com Stockholders": -73780000.0,
        "Net Income Common Stockholders": -73780000.0,
        "Net Income": -73780000.0,
        "Minority Interests": NaN,
        "Net Income Including Noncontrolling Interests": -73780000.0,
        "Net Income Continuous Operations": -73780000.0,
        "Tax Provision": -22709000.0,
        "Pretax Income": -96489000.0,
        "Other Income Expense": -108821000.0,
        "Special Income Charges": -20000.0,
        "Impairment Of Capital Assets": 20000.0,
        "Earnings From Equity Interest": -105241000.0,
        "Gain On Sale Of Security": -3560000.0,
        "Net Non Operating Interest Income Expense": -1385000.0,
        "Interest Expense Non Operating": 1385000.0,
        "Operating Income": 13717000.0,
        "Operating Expense": 24382000.0,
        "Depreciation Amortization Depletion Income Statement": 7800000.0,
        "Depreciation And Amortization In Income Statement": 7800000.0,
        "Selling General And Administration": 16582000.0,
        "Gross Profit": 38099000.0,
        "Cost Of Revenue": 54268000.0,
        "Total Revenue": 92367000.0,
        "Operating Revenue": 92367000.0
    },
    "2023-06-30": {
        "Tax Effect Of Unusual Items": NaN,
        "Tax Rate For Calcs": NaN,
        "Normalized EBITDA": NaN,
        "Total Unusual Items": NaN,
        "Total Unusual Items Excluding Goodwill": NaN,
        "Net Income From Continuing Operation Net Minority Interest": NaN,
        "Reconciled Depreciation": NaN,
        "Reconciled Cost Of Revenue": NaN,
        "EBITDA": NaN,
        "EBIT": NaN,
        "Net Interest Income": NaN,
        "Interest Expense": NaN,
        "Normalized Income": NaN,
        "Net Income From Continuing And Discontinued Operation": NaN,
        "Total Expenses": NaN,
        "Diluted Average Shares": 1458470.0,
        "Basic Average Shares": 1458470.0,
        "Diluted EPS": 1.33,
        "Basic EPS": 1.33,
        "Diluted NI Availto Com Stockholders": NaN,
        "Net Income Common Stockholders": NaN,
        "Net Income": NaN,
        "Minority Interests": NaN,
        "Net Income Including Noncontrolling Interests": NaN,
        "Net Income Continuous Operations": NaN,
        "Tax Provision": NaN,
        "Pretax Income": NaN,
        "Other Income Expense": NaN,
        "Special Income Charges": NaN,
        "Gain On Sale Of Ppe": NaN,
        "Impairment Of Capital Assets": NaN,
        "Earnings From Equity Interest": NaN,
        "Gain On Sale Of Security": NaN,
        "Net Non Operating Interest Income Expense": NaN,
        "Interest Expense Non Operating": NaN,
        "Operating Income": NaN,
        "Operating Expense": NaN,
        "Depreciation Amortization Depletion Income Statement": NaN,
        "Depreciation And Amortization In Income Statement": 10094000.0,
        "Selling General And Administration": NaN,
        "Gross Profit": NaN,
        "Cost Of Revenue": NaN,
        "Total Revenue": NaN,
        "Operating Revenue": NaN
    },
    "2023-09-30": {
        "Tax Effect Of Unusual Items": NaN,
        "Tax Rate For Calcs": NaN,
        "Normalized EBITDA": NaN,
        "Total Unusual Items": NaN,
        "Total Unusual Items Excluding Goodwill": NaN,
        "Net Income From Continuing Operation Net Minority Interest": NaN,
        "Reconciled Depreciation": NaN,
        "Reconciled Cost Of Revenue": NaN,
        "EBITDA": NaN,
        "EBIT": NaN,
        "Net Interest Income": NaN,
        "Interest Expense": NaN,
        "Normalized Income": NaN,
        "Net Income From Continuing And Discontinued Operation": NaN,
        "Total Expenses": NaN,
        "Diluted Average Shares": 1445035.0,
        "Basic Average Shares": 1445035.0,
        "Diluted EPS": -39.11,
        "Basic EPS": -39.11,
        "Diluted NI Availto Com Stockholders": NaN,
        "Net Income Common Stockholders": NaN,
        "Net Income": NaN,
        "Minority Interests": NaN,
        "Net Income Including Noncontrolling Interests": NaN,
        "Net Income Continuous Operations": NaN,
        "Tax Provision": NaN,
        "Pretax Income": NaN,
        "Other Income Expense": NaN,
        "Special Income Charges": NaN,
        "Gain On Sale Of Ppe": NaN,
        "Impairment Of Capital Assets": NaN,
        "Earnings From Equity Interest": NaN,
        "Gain On Sale Of Security": NaN,
        "Net Non Operating Interest Income Expense": NaN,
        "Interest Expense Non Operating": NaN,
        "Operating Income": NaN,
        "Operating Expense": NaN,
        "Depreciation Amortization Depletion Income Statement": NaN,
        "Selling General And Administration": NaN,
        "Gross Profit": NaN,
        "Cost Of Revenue": NaN,
        "Total Revenue": NaN,
        "Operating Revenue": NaN
    },
    "2023-12-31": {
        "Tax Effect Of Unusual Items": NaN,
        "Tax Rate For Calcs": NaN,
        "Normalized EBITDA": NaN,
        "Total Unusual Items": NaN,
        "Total Unusual Items Excluding Goodwill": NaN,
        "Net Income From Continuing Operation Net Minority Interest": NaN,
        "Reconciled Depreciation": NaN,
        "Reconciled Cost Of Revenue": NaN,
        "EBITDA": NaN,
        "EBIT": NaN,
        "Net Interest Income": NaN,
        "Interest Expense": NaN,
        "Normalized Income": NaN,
        "Net Income From Continuing And Discontinued Operation": NaN,
        "Total Expenses": NaN,
        "Diluted Average Shares": NaN,
        "Basic Average Shares": NaN,
        "Diluted EPS": NaN,
        "Basic EPS": NaN,
        "Diluted NI Availto Com Stockholders": NaN,
        "Net Income Common Stockholders": NaN,
        "Net Income": NaN,
        "Minority Interests": 0.0,
        "Net Income Including Noncontrolling Interests": NaN,
        "Net Income Continuous Operations": NaN,
        "Tax Provision": NaN,
        "Pretax Income": NaN,
        "Other Income Expense": NaN,
        "Special Income Charges": NaN,
        "Gain On Sale Of Ppe": NaN,
        "Impairment Of Capital Assets": NaN,
        "Earnings From Equity Interest": NaN,
        "Gain On Sale Of Security": NaN,
        "Net Non Operating Interest Income Expense": NaN,
        "Interest Expense Non Operating": NaN,
        "Operating Income": NaN,
        "Operating Expense": NaN,
        "Depreciation Amortization Depletion Income Statement": NaN,
        "Selling General And Administration": NaN,
        "Gross Profit": NaN,
        "Cost Of Revenue": NaN,
        "Total Revenue": NaN,
        "Operating Revenue": NaN
    },
    "2024-03-31": {
        "Tax Effect Of Unusual Items": NaN,
        "Tax Rate For Calcs": NaN,
        "Normalized EBITDA": NaN,
        "Total Unusual Items": NaN,
        "Total Unusual Items Excluding Goodwill": NaN,
        "Net Income From Continuing Operation Net Minority Interest": NaN,
        "Reconciled Depreciation": NaN,
        "Reconciled Cost Of Revenue": NaN,
        "EBITDA": NaN,
        "EBIT": NaN,
        "Net Interest Income": NaN,
        "Interest Expense": NaN,
        "Normalized Income": NaN,
        "Net Income From Continuing And Discontinued Operation": NaN,
        "Total Expenses": NaN,
        "Diluted Average Shares": NaN,
        "Basic Average Shares": NaN,
        "Diluted EPS": NaN,
        "Basic EPS": NaN,
        "Diluted NI Availto Com Stockholders": NaN,
        "Net Income Common Stockholders": NaN,
        "Net Income": NaN,
        "Minority Interests": 0.0,
        "Net Income Including Noncontrolling Interests": NaN,
        "Net Income Continuous Operations": NaN,
        "Tax Provision": NaN,
        "Pretax Income": NaN,
        "Other Income Expense": NaN,
        "Special Income Charges": NaN,
        "Gain On Sale Of Ppe": NaN,
        "Impairment Of Capital Assets": NaN,
        "Earnings From Equity Interest": NaN,
        "Gain On Sale Of Security": NaN,
        "Net Non Operating Interest Income Expense": NaN,
        "Interest Expense Non Operating": NaN,
        "Operating Income": NaN,
        "Operating Expense": NaN,
        "Depreciation Amortization Depletion Income Statement": NaN,
        "Selling General And Administration": NaN,
        "Gross Profit": NaN,
        "Cost Of Revenue": NaN,
        "Total Revenue": NaN,
        "Operating Revenue": NaN
    },
    "2024-06-30": {
        "Tax Effect Of Unusual Items": NaN,
        "Tax Rate For Calcs": NaN,
        "Normalized EBITDA": NaN,
        "Total Unusual Items": NaN,
        "Total Unusual Items Excluding Goodwill": NaN,
        "Net Income From Continuing Operation Net Minority Interest": NaN,
        "Reconciled Depreciation": NaN,
        "Reconciled Cost Of Revenue": NaN,
        "EBITDA": NaN,
        "EBIT": NaN,
        "Net Interest Income": NaN,
        "Interest Expense": NaN,
        "Normalized Income": NaN,
        "Net Income From Continuing And Discontinued Operation": NaN,
        "Total Expenses": NaN,
        "Diluted Average Shares": 1401800.0,
        "Basic Average Shares": 1401800.0,
        "Diluted EPS": -34.38,
        "Basic EPS": -34.38,
        "Diluted NI Availto Com Stockholders": NaN,
        "Net Income Common Stockholders": NaN,
        "Net Income": NaN,
        "Minority Interests": 0.0,
        "Net Income Including Noncontrolling Interests": NaN,
        "Net Income Continuous Operations": NaN,
        "Tax Provision": NaN,
        "Pretax Income": NaN,
        "Other Income Expense": NaN,
        "Special Income Charges": NaN,
        "Gain On Sale Of Ppe": NaN,
        "Impairment Of Capital Assets": NaN,
        "Earnings From Equity Interest": NaN,
        "Gain On Sale Of Security": NaN,
        "Net Non Operating Interest Income Expense": NaN,
        "Interest Expense Non Operating": NaN,
        "Operating Income": NaN,
        "Operating Expense": NaN,
        "Depreciation Amortization Depletion Income Statement": NaN,
        "Selling General And Administration": NaN,
        "Gross Profit": NaN,
        "Cost Of Revenue": NaN,
        "Total Revenue": NaN,
        "Operating Revenue": NaN
    },
    "2024-09-30": {
        "Tax Effect Of Unusual Items": 1239384.988229,
        "Tax Rate For Calcs": 0.258528,
        "Normalized EBITDA": 50745000.0,
        "Total Unusual Items": 4794000.0,
        "Total Unusual Items Excluding Goodwill": 4794000.0,
        "Net Income From Continuing Operation Net Minority Interest": 32125000.0,
        "Reconciled Depreciation": 10585000.0,
        "Reconciled Cost Of Revenue": 55466000.0,
        "EBITDA": 55539000.0,
        "EBIT": 44954000.0,
        "Net Interest Income": -1628000.0,
        "Interest Expense": 1628000.0,
        "Normalized Income": 28570384.988229,
        "Net Income From Continuing And Discontinued Operation": 32125000.0,
        "Total Expenses": 85561000.0,
        "Diluted Average Shares": 1399545.0,
        "Basic Average Shares": 1399545.0,
        "Diluted EPS": 22.95,
        "Basic EPS": 22.95,
        "Diluted NI Availto Com Stockholders": 32125000.0,
        "Net Income Common Stockholders": 32125000.0,
        "Net Income": 32125000.0,
        "Minority Interests": 0.0,
        "Net Income Including Noncontrolling Interests": 32125000.0,
        "Net Income Continuous Operations": 32125000.0,
        "Tax Provision": 11201000.0,
        "Pretax Income": 43326000.0,
        "Other Income Expense": 40108000.0,
        "Special Income Charges": 54000.0,
        "Gain On Sale Of Ppe": 54000.0,
        "Impairment Of Capital Assets": 0.0,
        "Earnings From Equity Interest": 35314000.0,
        "Gain On Sale Of Security": 4740000.0,
        "Net Non Operating Interest Income Expense": -1628000.0,
        "Interest Expense Non Operating": 1628000.0,
        "Operating Income": 4846000.0,
        "Operating Expense": 30095000.0,
        "Depreciation Amortization Depletion Income Statement": 10585000.0,
        "Selling General And Administration": 19510000.0,
        "Gross Profit": 34941000.0,
        "Cost Of Revenue": 55466000.0,
        "Total Revenue": 90407000.0,
        "Operating Revenue": 90407000.0
    },
    "2024-12-31": {
        "Tax Effect Of Unusual Items": -711690.0,
        "Tax Rate For Calcs": 0.21,
        "Normalized EBITDA": -2689000.0,
        "Total Unusual Items": -3389000.0,
        "Total Unusual Items Excluding Goodwill": -3389000.0,
        "Net Income From Continuing Operation Net Minority Interest": -10273000.0,
        "Reconciled Depreciation": 10083000.0,
        "Reconciled Cost Of Revenue": 56104000.0,
        "EBITDA": -6078000.0,
        "EBIT": -16161000.0,
        "Net Interest Income": -1799000.0,
        "Interest Expense": 1799000.0,
        "Normalized Income": -7595690.0,
        "Net Income From Continuing And Discontinued Operation": -10273000.0,
        "Total Expenses": 85420000.0,
        "Diluted Average Shares": NaN,
        "Basic Average Shares": NaN,
        "Diluted EPS": NaN,
        "Basic EPS": NaN,
        "Diluted NI Availto Com Stockholders": -10273000.0,
        "Net Income Common Stockholders": -10273000.0,
        "Net Income": -10273000.0,
        "Minority Interests": 0.0,
        "Net Income Including Noncontrolling Interests": -10273000.0,
        "Net Income Continuous Operations": -10273000.0,
        "Tax Provision": -7687000.0,
        "Pretax Income": -17960000.0,
        "Other Income Expense": -21856000.0,
        "Special Income Charges": 0.0,
        "Gain On Sale Of Ppe": 0.0,
        "Impairment Of Capital Assets": 0.0,
        "Earnings From Equity Interest": -18467000.0,
        "Gain On Sale Of Security": -3389000.0,
        "Net Non Operating Interest Income Expense": -1799000.0,
        "Interest Expense Non Operating": 1799000.0,
        "Operating Income": 5695000.0,
        "Operating Expense": 29316000.0,
        "Depreciation Amortization Depletion Income Statement": 10083000.0,
        "Selling General And Administration": 19233000.0,
        "Gross Profit": 35011000.0,
        "Cost Of Revenue": 56104000.0,
        "Total Revenue": 91115000.0,
        "Operating Revenue": 91115000.0
    },
    "2025-03-31": {
        "Tax Effect Of Unusual Items": 1485858.339606,
        "Tax Rate For Calcs": 0.192021,
        "Normalized EBITDA": -36431000.0,
        "Total Unusual Items": 7738000.0,
        "Total Unusual Items Excluding Goodwill": 7738000.0,
        "Net Income From Continuing Operation Net Minority Interest": -33275000.0,
        "Reconciled Depreciation": 10257000.0,
        "Reconciled Cost Of Revenue": 60507000.0,
        "EBITDA": -28693000.0,
        "EBIT": -38950000.0,
        "Net Interest Income": -2233000.0,
        "Interest Expense": 2233000.0,
        "Normalized Income": -39527141.660394,
        "Net Income From Continuing And Discontinued Operation": -33275000.0,
        "Total Expenses": 92131000.0,
        "Diluted Average Shares": 1316285.0,
        "Basic Average Shares": 1316285.0,
        "Diluted EPS": -25.28,
        "Basic EPS": -25.28,
        "Diluted NI Availto Com Stockholders": -33275000.0,
        "Net Income Common Stockholders": -33275000.0,
        "Net Income": -33275000.0,
        "Minority Interests": NaN,
        "Net Income Including Noncontrolling Interests": -33275000.0,
        "Net Income Continuous Operations": -33275000.0,
        "Tax Provision": -7908000.0,
        "Pretax Income": -41183000.0,
        "Other Income Expense": -41854000.0,
        "Special Income Charges": 9323000.0,
        "Gain On Sale Of Ppe": 9323000.0,
        "Impairment Of Capital Assets": 0.0,
        "Earnings From Equity Interest": -49592000.0,
        "Gain On Sale Of Security": -1585000.0,
        "Net Non Operating Interest Income Expense": -2233000.0,
        "Interest Expense Non Operating": 2233000.0,
        "Operating Income": 2904000.0,
        "Operating Expense": 31624000.0,
        "Depreciation Amortization Depletion Income Statement": 10257000.0,
        "Selling General And Administration": 21367000.0,
        "Gross Profit": 34528000.0,
        "Cost Of Revenue": 60507000.0,
        "Total Revenue": 95035000.0,
        "Operating Revenue": 95035000.0
    },
    "2025-06-30": {
        "Tax Effect Of Unusual Items": 537218.948727,
        "Tax Rate For Calcs": 0.217674,
        "Normalized EBITDA": 74998000.0,
        "Total Unusual Items": 2468000.0,
        "Total Unusual Items Excluding Goodwill": 2468000.0,
        "Net Income From Continuing Operation Net Minority Interest": 50931000.0,
        "Reconciled Depreciation": 10272000.0,
        "Reconciled Cost Of Revenue": 61272000.0,
        "EBITDA": 77466000.0,
        "EBIT": 67194000.0,
        "Net Interest Income": -2092000.0,
        "Interest Expense": 2092000.0,
        "Normalized Income": 49000218.948727,
        "Net Income From Continuing And Discontinued Operation": 50931000.0,
        "Total Expenses": 94397000.0,
        "Diluted Average Shares": 1308800.0,
        "Basic Average Shares": 1308800.0,
        "Diluted EPS": 38.91,
        "Basic EPS": 38.91,
        "Diluted NI Availto Com Stockholders": 50931000.0,
        "Net Income Common Stockholders": 50931000.0,
        "Net Income": 50931000.0,
        "Minority Interests": NaN,
        "Net Income Including Noncontrolling Interests": 50931000.0,
        "Net Income Continuous Operations": 50931000.0,
        "Tax Provision": 14171000.0,
        "Pretax Income": 65102000.0,
        "Other Income Expense": 60972000.0,
        "Special Income Charges": -457000.0,
        "Gain On Sale Of Ppe": 794000.0,
        "Impairment Of Capital Assets": 1251000.0,
        "Earnings From Equity Interest": 58504000.0,
        "Gain On Sale Of Security": 2925000.0,
        "Net Non Operating Interest Income Expense": -2092000.0,
        "Interest Expense Non Operating": 2092000.0,
        "Operating Income": 6222000.0,
        "Operating Expense": 33125000.0,
        "Depreciation Amortization Depletion Income Statement": 10272000.0,
        "Selling General And Administration": 22853000.0,
        "Gross Profit": 39347000.0,
        "Cost Of Revenue": 61272000.0,
        "Total Revenue": 100619000.0,
        "Operating Revenue": 100619000.0
    },
    "2025-09-30": {
        "Tax Effect Of Unusual Items": 474833.951271,
        "Tax Rate For Calcs": 0.299391,
        "Normalized EBITDA": 2744000.0,
        "Total Unusual Items": 1586000.0,
        "Total Unusual Items Excluding Goodwill": 1586000.0,
        "Net Income From Continuing Operation Net Minority Interest": -5291000.0,
        "Reconciled Depreciation": 9545000.0,
        "Reconciled Cost Of Revenue": 60674000.0,
        "EBITDA": 4330000.0,
        "EBIT": -5215000.0,
        "Net Interest Income": -2337000.0,
        "Interest Expense": 2337000.0,
        "Normalized Income": -6402166.048729,
        "Net Income From Continuing And Discontinued Operation": -5291000.0,
        "Total Expenses": 90642000.0,
        "Diluted Average Shares": 1298220.0,
        "Basic Average Shares": 1298220.0,
        "Diluted EPS": -4.08,
        "Basic EPS": -4.08,
        "Diluted NI Availto Com Stockholders": -5291000.0,
        "Net Income Common Stockholders": -5291000.0,
        "Net Income": -5291000.0,
        "Minority Interests": NaN,
        "Net Income Including Noncontrolling Interests": -5291000.0,
        "Net Income Continuous Operations": -5291000.0,
        "Tax Provision": -2261000.0,
        "Pretax Income": -7552000.0,
        "Other Income Expense": -14311000.0,
        "Special Income Charges": 95000.0,
        "Gain On Sale Of Ppe": 95000.0,
        "Impairment Of Capital Assets": 0.0,
        "Earnings From Equity Interest": -15897000.0,
        "Gain On Sale Of Security": 1491000.0,
        "Net Non Operating Interest Income Expense": -2337000.0,
        "Interest Expense Non Operating": 2337000.0,
        "Operating Income": 9096000.0,
        "Operating Expense": 29968000.0,
        "Depreciation Amortization Depletion Income Statement": 9545000.0,
        "Selling General And Administration": 20423000.0,
        "Gross Profit": 39064000.0,
        "Cost Of Revenue": 60674000.0,
        "Total Revenue": 99738000.0,
        "Operating Revenue": 99738000.0
    }
}