{
    "2023-12-31": {
        "Tax Effect Of Unusual Items": NaN,
        "Tax Rate For Calcs": NaN,
        "Total Unusual Items": NaN,
        "Total Unusual Items Excluding Goodwill": NaN,
        "Net Income From Continuing Operation Net Minority Interest": NaN,
        "Reconciled Depreciation": NaN,
        "Net Interest Income": NaN,
        "Interest Expense": NaN,
        "Interest Income": NaN,
        "Normalized Income": NaN,
        "Net Income From Continuing And Discontinued Operation": NaN,
        "Diluted Average Shares": NaN,
        "Basic Average Shares": NaN,
        "Diluted EPS": NaN,
        "Basic EPS": NaN,
        "Diluted NI Availto Com Stockholders": NaN,
        "Net Income Common Stockholders": NaN,
        "Net Income": NaN,
        "Net Income Including Noncontrolling Interests": NaN,
        "Net Income Continuous Operations": NaN,
        "Tax Provision": NaN,
        "Pretax Income": NaN,
        "Special Income Charges": NaN,
        "Other Special Charges": 281000.0,
        "Restructuring And Mergern Acquisition": 263000.0,
        "Gain On Sale Of Security": NaN,
        "Depreciation Amortization Depletion Income Statement": NaN,
        "Depreciation And Amortization In Income Statement": NaN,
        "Amortization": NaN,
        "Amortization Of Intangibles Income Statement": NaN,
        "Depreciation Income Statement": NaN,
        "Selling General And Administration": NaN,
        "Selling And Marketing Expense": NaN,
        "General And Administrative Expense": NaN,
        "Insurance And Claims": NaN,
        "Salaries And Wages": NaN,
        "Total Revenue": NaN,
        "Operating Revenue": NaN,
        "Occupancy And Equipment": NaN,
        "Professional Expense And Contract Services Expense": NaN,
        "Other Non Interest Expense": NaN
    },
    "2023-09-30": {
        "Tax Effect Of Unusual Items": NaN,
        "Tax Rate For Calcs": NaN,
        "Total Unusual Items": NaN,
        "Total Unusual Items Excluding Goodwill": NaN,
        "Net Income From Continuing Operation Net Minority Interest": NaN,
        "Reconciled Depreciation": NaN,
        "Net Interest Income": NaN,
        "Interest Expense": NaN,
        "Interest Income": NaN,
        "Normalized Income": NaN,
        "Net Income From Continuing And Discontinued Operation": NaN,
        "Diluted Average Shares": 15196000.0,
        "Basic Average Shares": 15155000.0,
        "Diluted EPS": 0.73,
        "Basic EPS": 0.73,
        "Diluted NI Availto Com Stockholders": NaN,
        "Net Income Common Stockholders": NaN,
        "Net Income": NaN,
        "Net Income Including Noncontrolling Interests": NaN,
        "Net Income Continuous Operations": NaN,
        "Tax Provision": NaN,
        "Pretax Income": NaN,
        "Special Income Charges": NaN,
        "Other Special Charges": NaN,
        "Restructuring And Mergern Acquisition": 0.0,
        "Gain On Sale Of Security": NaN,
        "Depreciation Amortization Depletion Income Statement": NaN,
        "Depreciation And Amortization In Income Statement": NaN,
        "Amortization": NaN,
        "Amortization Of Intangibles Income Statement": NaN,
        "Selling General And Administration": NaN,
        "Selling And Marketing Expense": NaN,
        "General And Administrative Expense": NaN,
        "Salaries And Wages": NaN,
        "Total Revenue": NaN,
        "Operating Revenue": NaN,
        "Occupancy And Equipment": NaN,
        "Professional Expense And Contract Services Expense": NaN,
        "Other Non Interest Expense": NaN
    },
    "2023-06-30": {
        "Tax Effect Of Unusual Items": NaN,
        "Tax Rate For Calcs": NaN,
        "Total Unusual Items": NaN,
        "Total Unusual Items Excluding Goodwill": NaN,
        "Net Income From Continuing Operation Net Minority Interest": NaN,
        "Reconciled Depreciation": NaN,
        "Net Interest Income": NaN,
        "Interest Expense": NaN,
        "Interest Income": NaN,
        "Normalized Income": NaN,
        "Net Income From Continuing And Discontinued Operation": NaN,
        "Diluted Average Shares": NaN,
        "Basic Average Shares": NaN,
        "Diluted EPS": NaN,
        "Basic EPS": NaN,
        "Diluted NI Availto Com Stockholders": NaN,
        "Net Income Common Stockholders": NaN,
        "Net Income": NaN,
        "Net Income Including Noncontrolling Interests": NaN,
        "Net Income Continuous Operations": NaN,
        "Tax Provision": NaN,
        "Pretax Income": NaN,
        "Special Income Charges": NaN,
        "Other Special Charges": -86000.0,
        "Restructuring And Mergern Acquisition": NaN,
        "Gain On Sale Of Security": NaN,
        "Depreciation Amortization Depletion Income Statement": NaN,
        "Depreciation And Amortization In Income Statement": NaN,
        "Amortization": NaN,
        "Amortization Of Intangibles Income Statement": NaN,
        "Selling General And Administration": NaN,
        "Selling And Marketing Expense": NaN,
        "General And Administrative Expense": NaN,
        "Salaries And Wages": NaN,
        "Total Revenue": NaN,
        "Operating Revenue": NaN,
        "Occupancy And Equipment": NaN,
        "Professional Expense And Contract Services Expense": NaN,
        "Other Non Interest Expense": NaN
    },
    "2023-03-31": {
        "Tax Effect Of Unusual Items": NaN,
        "Tax Rate For Calcs": NaN,
        "Total Unusual Items": NaN,
        "Total Unusual Items Excluding Goodwill": NaN,
        "Net Income From Continuing Operation Net Minority Interest": NaN,
        "Reconciled Depreciation": NaN,
        "Net Interest Income": NaN,
        "Interest Expense": NaN,
        "Interest Income": NaN,
        "Normalized Income": NaN,
        "Net Income From Continuing And Discontinued Operation": NaN,
        "Diluted Average Shares": NaN,
        "Basic Average Shares": NaN,
        "Diluted EPS": NaN,
        "Basic EPS": NaN,
        "Diluted NI Availto Com Stockholders": NaN,
        "Net Income Common Stockholders": NaN,
        "Net Income": NaN,
        "Net Income Including Noncontrolling Interests": NaN,
        "Net Income Continuous Operations": NaN,
        "Tax Provision": NaN,
        "Pretax Income": NaN,
        "Special Income Charges": NaN,
        "Other Special Charges": -13000.0,
        "Restructuring And Mergern Acquisition": NaN,
        "Gain On Sale Of Security": NaN,
        "Depreciation Amortization Depletion Income Statement": NaN,
        "Depreciation And Amortization In Income Statement": NaN,
        "Amortization": NaN,
        "Amortization Of Intangibles Income Statement": NaN,
        "Selling General And Administration": NaN,
        "Selling And Marketing Expense": NaN,
        "General And Administrative Expense": NaN,
        "Salaries And Wages": NaN,
        "Total Revenue": NaN,
        "Operating Revenue": NaN,
        "Occupancy And Equipment": NaN,
        "Professional Expense And Contract Services Expense": NaN,
        "Other Non Interest Expense": NaN
    },
    "2024-03-31": {
        "Tax Effect Of Unusual Items": -1014.292483,
        "Tax Rate For Calcs": 0.202858,
        "Total Unusual Items": -5000.0,
        "Total Unusual Items Excluding Goodwill": -5000.0,
        "Net Income From Continuing Operation Net Minority Interest": 10095000.0,
        "Reconciled Depreciation": 1400000.0,
        "Net Interest Income": 28055000.0,
        "Interest Expense": 17768000.0,
        "Interest Income": 45823000.0,
        "Normalized Income": 10098985.707517,
        "Net Income From Continuing And Discontinued Operation": 10095000.0,
        "Diluted Average Shares": 15269833.0,
        "Basic Average Shares": 15198337.0,
        "Diluted EPS": 0.66,
        "Basic EPS": 0.66,
        "Diluted NI Availto Com Stockholders": 10095000.0,
        "Net Income Common Stockholders": 10095000.0,
        "Net Income": 10095000.0,
        "Net Income Including Noncontrolling Interests": 10095000.0,
        "Net Income Continuous Operations": 10095000.0,
        "Tax Provision": 2569000.0,
        "Pretax Income": 12664000.0,
        "Special Income Charges": -5000.0,
        "Other Special Charges": -15000.0,
        "Restructuring And Mergern Acquisition": 20000.0,
        "Gain On Sale Of Security": 0.0,
        "Depreciation Amortization Depletion Income Statement": 1274000.0,
        "Depreciation And Amortization In Income Statement": 1274000.0,
        "Amortization": 233000.0,
        "Amortization Of Intangibles Income Statement": 233000.0,
        "Depreciation Income Statement": 1041000.0,
        "Selling General And Administration": 14267000.0,
        "Selling And Marketing Expense": 567000.0,
        "General And Administrative Expense": 13700000.0,
        "Insurance And Claims": 452000.0,
        "Salaries And Wages": 13248000.0,
        "Total Revenue": 36441000.0,
        "Operating Revenue": 36441000.0,
        "Occupancy And Equipment": 3432000.0,
        "Professional Expense And Contract Services Expense": 400000.0,
        "Other Non Interest Expense": 4295000.0
    },
    "2022-12-31": {
        "Tax Effect Of Unusual Items": NaN,
        "Tax Rate For Calcs": NaN,
        "Total Unusual Items": NaN,
        "Total Unusual Items Excluding Goodwill": NaN,
        "Net Income From Continuing Operation Net Minority Interest": NaN,
        "Reconciled Depreciation": NaN,
        "Net Interest Income": NaN,
        "Interest Expense": NaN,
        "Interest Income": NaN,
        "Normalized Income": NaN,
        "Net Income From Continuing And Discontinued Operation": NaN,
        "Diluted Average Shares": NaN,
        "Basic Average Shares": NaN,
        "Diluted EPS": NaN,
        "Basic EPS": NaN,
        "Diluted NI Availto Com Stockholders": NaN,
        "Net Income Common Stockholders": NaN,
        "Net Income": NaN,
        "Net Income Including Noncontrolling Interests": NaN,
        "Net Income Continuous Operations": NaN,
        "Tax Provision": NaN,
        "Pretax Income": NaN,
        "Special Income Charges": NaN,
        "Other Special Charges": 75000.0,
        "Restructuring And Mergern Acquisition": NaN,
        "Gain On Sale Of Security": NaN,
        "Depreciation Amortization Depletion Income Statement": NaN,
        "Depreciation And Amortization In Income Statement": NaN,
        "Amortization": NaN,
        "Amortization Of Intangibles Income Statement": NaN,
        "Selling General And Administration": NaN,
        "Selling And Marketing Expense": NaN,
        "General And Administrative Expense": NaN,
        "Salaries And Wages": NaN,
        "Total Revenue": NaN,
        "Operating Revenue": NaN,
        "Occupancy And Equipment": NaN,
        "Professional Expense And Contract Services Expense": NaN,
        "Other Non Interest Expense": NaN
    },
    "2022-09-30": {
        "Tax Effect Of Unusual Items": NaN,
        "Tax Rate For Calcs": NaN,
        "Total Unusual Items": NaN,
        "Total Unusual Items Excluding Goodwill": NaN,
        "Net Income From Continuing Operation Net Minority Interest": NaN,
        "Reconciled Depreciation": NaN,
        "Net Interest Income": NaN,
        "Interest Expense": NaN,
        "Interest Income": NaN,
        "Normalized Income": NaN,
        "Net Income From Continuing And Discontinued Operation": NaN,
        "Diluted Average Shares": NaN,
        "Basic Average Shares": NaN,
        "Diluted EPS": NaN,
        "Basic EPS": NaN,
        "Diluted NI Availto Com Stockholders": NaN,
        "Net Income Common Stockholders": NaN,
        "Net Income": NaN,
        "Net Income Including Noncontrolling Interests": NaN,
        "Net Income Continuous Operations": NaN,
        "Tax Provision": NaN,
        "Pretax Income": NaN,
        "Special Income Charges": NaN,
        "Other Special Charges": NaN,
        "Restructuring And Mergern Acquisition": NaN,
        "Gain On Sale Of Security": NaN,
        "Depreciation Amortization Depletion Income Statement": NaN,
        "Depreciation And Amortization In Income Statement": NaN,
        "Amortization": NaN,
        "Amortization Of Intangibles Income Statement": NaN,
        "Selling General And Administration": NaN,
        "Selling And Marketing Expense": NaN,
        "General And Administrative Expense": NaN,
        "Other Gand A": 597000.0,
        "Salaries And Wages": NaN,
        "Total Revenue": NaN,
        "Operating Revenue": NaN
    },
    "2024-06-30": {
        "Tax Effect Of Unusual Items": 49104.0,
        "Tax Rate For Calcs": 0.198,
        "Total Unusual Items": 248000.0,
        "Total Unusual Items Excluding Goodwill": 248000.0,
        "Net Income From Continuing Operation Net Minority Interest": 10257000.0,
        "Reconciled Depreciation": 1604000.0,
        "Net Interest Income": 27759000.0,
        "Interest Expense": 19079000.0,
        "Interest Income": 46838000.0,
        "Normalized Income": 10058104.0,
        "Net Income From Continuing And Discontinued Operation": 10257000.0,
        "Diluted Average Shares": 15275000.0,
        "Basic Average Shares": 15227000.0,
        "Diluted EPS": 0.67,
        "Basic EPS": 0.67,
        "Diluted NI Availto Com Stockholders": 10257000.0,
        "Net Income Common Stockholders": 10257000.0,
        "Net Income": 10257000.0,
        "Net Income Including Noncontrolling Interests": 10257000.0,
        "Net Income Continuous Operations": 10257000.0,
        "Tax Provision": 2532000.0,
        "Pretax Income": 12789000.0,
        "Special Income Charges": 248000.0,
        "Other Special Charges": -248000.0,
        "Restructuring And Mergern Acquisition": NaN,
        "Gain On Sale Of Security": 218000.0,
        "Depreciation Amortization Depletion Income Statement": 233000.0,
        "Depreciation And Amortization In Income Statement": 233000.0,
        "Amortization": 233000.0,
        "Amortization Of Intangibles Income Statement": 233000.0,
        "Depreciation Income Statement": NaN,
        "Selling General And Administration": 14381000.0,
        "Selling And Marketing Expense": 521000.0,
        "General And Administrative Expense": 13860000.0,
        "Insurance And Claims": NaN,
        "Salaries And Wages": 13860000.0,
        "Total Revenue": 37392000.0,
        "Operating Revenue": 37392000.0,
        "Occupancy And Equipment": 4382000.0,
        "Professional Expense And Contract Services Expense": 238000.0,
        "Other Non Interest Expense": 5032000.0
    },
    "2024-09-30": {
        "Tax Effect Of Unusual Items": 0.0,
        "Tax Rate For Calcs": 0.104,
        "Total Unusual Items": 0.0,
        "Total Unusual Items Excluding Goodwill": 0.0,
        "Net Income From Continuing Operation Net Minority Interest": 12193000.0,
        "Reconciled Depreciation": 1586000.0,
        "Net Interest Income": 28958000.0,
        "Interest Expense": 19622000.0,
        "Interest Income": 48580000.0,
        "Normalized Income": 12193000.0,
        "Net Income From Continuing And Discontinued Operation": 12193000.0,
        "Diluted Average Shares": 15326000.0,
        "Basic Average Shares": 15261000.0,
        "Diluted EPS": 0.8,
        "Basic EPS": 0.8,
        "Diluted NI Availto Com Stockholders": 12193000.0,
        "Net Income Common Stockholders": 12193000.0,
        "Net Income": 12193000.0,
        "Net Income Including Noncontrolling Interests": 12193000.0,
        "Net Income Continuous Operations": 12193000.0,
        "Tax Provision": 1418000.0,
        "Pretax Income": 13611000.0,
        "Special Income Charges": 0.0,
        "Other Special Charges": NaN,
        "Restructuring And Mergern Acquisition": 0.0,
        "Gain On Sale Of Security": 265000.0,
        "Depreciation Amortization Depletion Income Statement": 233000.0,
        "Depreciation And Amortization In Income Statement": 233000.0,
        "Amortization": 233000.0,
        "Amortization Of Intangibles Income Statement": 233000.0,
        "Depreciation Income Statement": NaN,
        "Selling General And Administration": 14817000.0,
        "Selling And Marketing Expense": 434000.0,
        "General And Administrative Expense": 14383000.0,
        "Insurance And Claims": NaN,
        "Salaries And Wages": 14383000.0,
        "Total Revenue": 38611000.0,
        "Operating Revenue": 38611000.0,
        "Occupancy And Equipment": 4453000.0,
        "Professional Expense And Contract Services Expense": 441000.0,
        "Other Non Interest Expense": 4828000.0
    },
    "2024-12-31": {
        "Tax Effect Of Unusual Items": -13366.863469,
        "Tax Rate For Calcs": 0.188266,
        "Total Unusual Items": -71000.0,
        "Total Unusual Items Excluding Goodwill": -71000.0,
        "Net Income From Continuing Operation Net Minority Interest": 10999000.0,
        "Reconciled Depreciation": -1174000.0,
        "Net Interest Income": 29067000.0,
        "Interest Expense": 18416000.0,
        "Interest Income": 47483000.0,
        "Normalized Income": 11056633.136531,
        "Net Income From Continuing And Discontinued Operation": 10999000.0,
        "Diluted Average Shares": 15346000.0,
        "Basic Average Shares": 15261000.0,
        "Diluted EPS": 0.72,
        "Basic EPS": 0.72,
        "Diluted NI Availto Com Stockholders": 10999000.0,
        "Net Income Common Stockholders": 10999000.0,
        "Net Income": 10999000.0,
        "Net Income Including Noncontrolling Interests": 10999000.0,
        "Net Income Continuous Operations": 10999000.0,
        "Tax Provision": 2551000.0,
        "Pretax Income": 13550000.0,
        "Special Income Charges": -71000.0,
        "Other Special Charges": 71000.0,
        "Restructuring And Mergern Acquisition": 0.0,
        "Gain On Sale Of Security": -676000.0,
        "Depreciation Amortization Depletion Income Statement": 4429000.0,
        "Depreciation And Amortization In Income Statement": 4429000.0,
        "Amortization": 233000.0,
        "Amortization Of Intangibles Income Statement": 233000.0,
        "Depreciation Income Statement": NaN,
        "Selling General And Administration": 15658000.0,
        "Selling And Marketing Expense": 492000.0,
        "General And Administrative Expense": 15166000.0,
        "Insurance And Claims": NaN,
        "Salaries And Wages": 13358000.0,
        "Total Revenue": 37288000.0,
        "Operating Revenue": 37288000.0,
        "Occupancy And Equipment": 480000.0,
        "Professional Expense And Contract Services Expense": 343000.0,
        "Other Non Interest Expense": 3679000.0
    },
    "2025-03-31": {
        "Tax Effect Of Unusual Items": -64374.635683,
        "Tax Rate For Calcs": 0.195668,
        "Total Unusual Items": -329000.0,
        "Total Unusual Items Excluding Goodwill": -329000.0,
        "Net Income From Continuing Operation Net Minority Interest": 10211000.0,
        "Reconciled Depreciation": 1593000.0,
        "Net Interest Income": 29007000.0,
        "Interest Expense": 18531000.0,
        "Interest Income": 47538000.0,
        "Normalized Income": 10475625.364317,
        "Net Income From Continuing And Discontinued Operation": 10211000.0,
        "Diluted Average Shares": 15392539.0,
        "Basic Average Shares": 15303645.0,
        "Diluted EPS": 0.66,
        "Basic EPS": 0.67,
        "Diluted NI Availto Com Stockholders": 10211000.0,
        "Net Income Common Stockholders": 10211000.0,
        "Net Income": 10211000.0,
        "Net Income Including Noncontrolling Interests": 10211000.0,
        "Net Income Continuous Operations": 10211000.0,
        "Tax Provision": 2484000.0,
        "Pretax Income": 12695000.0,
        "Special Income Charges": -329000.0,
        "Other Special Charges": 90000.0,
        "Restructuring And Mergern Acquisition": 239000.0,
        "Gain On Sale Of Security": -424000.0,
        "Depreciation Amortization Depletion Income Statement": 1282000.0,
        "Depreciation And Amortization In Income Statement": 1282000.0,
        "Amortization": 233000.0,
        "Amortization Of Intangibles Income Statement": 233000.0,
        "Depreciation Income Statement": 1049000.0,
        "Selling General And Administration": 14707000.0,
        "Selling And Marketing Expense": 518000.0,
        "General And Administrative Expense": 14189000.0,
        "Insurance And Claims": 456000.0,
        "Salaries And Wages": 13733000.0,
        "Total Revenue": 37289000.0,
        "Operating Revenue": 37289000.0,
        "Occupancy And Equipment": 3325000.0,
        "Professional Expense And Contract Services Expense": 592000.0,
        "Other Non Interest Expense": 4490000.0
    }
}