{
    "2023-12-31": {
        "Tax Effect Of Unusual Items": NaN,
        "Tax Rate For Calcs": NaN,
        "Net Income From Continuing Operation Net Minority Interest": NaN,
        "Reconciled Depreciation": NaN,
        "Net Interest Income": NaN,
        "Interest Expense": NaN,
        "Interest Income": NaN,
        "Normalized Income": NaN,
        "Net Income From Continuing And Discontinued Operation": NaN,
        "Rent Expense Supplemental": 1539000.0,
        "Diluted Average Shares": NaN,
        "Basic Average Shares": NaN,
        "Diluted EPS": NaN,
        "Basic EPS": NaN,
        "Diluted NI Availto Com Stockholders": NaN,
        "Net Income Common Stockholders": NaN,
        "Preferred Stock Dividends": NaN,
        "Net Income": NaN,
        "Net Income Including Noncontrolling Interests": NaN,
        "Net Income Continuous Operations": NaN,
        "Tax Provision": NaN,
        "Pretax Income": NaN,
        "Gain On Sale Of Security": NaN,
        "Operating Expense": 21487000.0,
        "Other Operating Expenses": 3020000.0,
        "Depreciation Amortization Depletion Income Statement": NaN,
        "Depreciation And Amortization In Income Statement": NaN,
        "Amortization": NaN,
        "Amortization Of Intangibles Income Statement": NaN,
        "Selling General And Administration": NaN,
        "Selling And Marketing Expense": NaN,
        "General And Administrative Expense": NaN,
        "Insurance And Claims": NaN,
        "Rent And Landing Fees": 3110000.0,
        "Salaries And Wages": NaN,
        "Total Revenue": NaN,
        "Operating Revenue": NaN,
        "Occupancy And Equipment": NaN,
        "Professional Expense And Contract Services Expense": NaN,
        "Other Non Interest Expense": NaN
    },
    "2023-09-30": {
        "Tax Effect Of Unusual Items": NaN,
        "Tax Rate For Calcs": NaN,
        "Net Income From Continuing Operation Net Minority Interest": NaN,
        "Reconciled Depreciation": NaN,
        "Net Interest Income": NaN,
        "Interest Expense": NaN,
        "Interest Income": NaN,
        "Normalized Income": NaN,
        "Net Income From Continuing And Discontinued Operation": NaN,
        "Rent Expense Supplemental": 1435000.0,
        "Diluted Average Shares": NaN,
        "Basic Average Shares": NaN,
        "Diluted EPS": NaN,
        "Basic EPS": NaN,
        "Diluted NI Availto Com Stockholders": NaN,
        "Net Income Common Stockholders": NaN,
        "Preferred Stock Dividends": NaN,
        "Net Income": NaN,
        "Net Income Including Noncontrolling Interests": NaN,
        "Net Income Continuous Operations": NaN,
        "Tax Provision": NaN,
        "Pretax Income": NaN,
        "Gain On Sale Of Security": NaN,
        "Operating Expense": 22423000.0,
        "Other Operating Expenses": 3873000.0,
        "Depreciation Amortization Depletion Income Statement": NaN,
        "Depreciation And Amortization In Income Statement": NaN,
        "Amortization": NaN,
        "Amortization Of Intangibles Income Statement": NaN,
        "Selling General And Administration": NaN,
        "Selling And Marketing Expense": NaN,
        "General And Administrative Expense": NaN,
        "Insurance And Claims": NaN,
        "Rent And Landing Fees": 2897000.0,
        "Salaries And Wages": NaN,
        "Total Revenue": NaN,
        "Operating Revenue": NaN,
        "Occupancy And Equipment": NaN,
        "Professional Expense And Contract Services Expense": NaN,
        "Other Non Interest Expense": NaN
    },
    "2023-06-30": {
        "Tax Effect Of Unusual Items": NaN,
        "Tax Rate For Calcs": NaN,
        "Net Income From Continuing Operation Net Minority Interest": NaN,
        "Reconciled Depreciation": NaN,
        "Net Interest Income": NaN,
        "Interest Expense": NaN,
        "Interest Income": NaN,
        "Normalized Income": NaN,
        "Net Income From Continuing And Discontinued Operation": NaN,
        "Rent Expense Supplemental": 1457000.0,
        "Diluted Average Shares": NaN,
        "Basic Average Shares": NaN,
        "Diluted EPS": NaN,
        "Basic EPS": NaN,
        "Diluted NI Availto Com Stockholders": NaN,
        "Net Income Common Stockholders": NaN,
        "Preferred Stock Dividends": NaN,
        "Net Income": NaN,
        "Net Income Including Noncontrolling Interests": NaN,
        "Net Income Continuous Operations": NaN,
        "Tax Provision": NaN,
        "Pretax Income": NaN,
        "Gain On Sale Of Security": NaN,
        "Operating Expense": 21348000.0,
        "Other Operating Expenses": 3730000.0,
        "Depreciation Amortization Depletion Income Statement": 0.0,
        "Depreciation And Amortization In Income Statement": 0.0,
        "Amortization": 0.0,
        "Amortization Of Intangibles Income Statement": 0.0,
        "Depreciation Income Statement": 1457000.0,
        "Selling General And Administration": NaN,
        "Selling And Marketing Expense": NaN,
        "General And Administrative Expense": NaN,
        "Insurance And Claims": NaN,
        "Rent And Landing Fees": 3002000.0,
        "Salaries And Wages": NaN,
        "Total Revenue": NaN,
        "Operating Revenue": NaN,
        "Occupancy And Equipment": NaN,
        "Professional Expense And Contract Services Expense": NaN,
        "Other Non Interest Expense": NaN
    },
    "2023-03-31": {
        "Tax Effect Of Unusual Items": NaN,
        "Tax Rate For Calcs": NaN,
        "Net Income From Continuing Operation Net Minority Interest": NaN,
        "Reconciled Depreciation": NaN,
        "Net Interest Income": NaN,
        "Interest Expense": NaN,
        "Interest Income": NaN,
        "Normalized Income": NaN,
        "Net Income From Continuing And Discontinued Operation": NaN,
        "Rent Expense Supplemental": 1339000.0,
        "Diluted Average Shares": NaN,
        "Basic Average Shares": NaN,
        "Diluted EPS": NaN,
        "Basic EPS": NaN,
        "Diluted NI Availto Com Stockholders": NaN,
        "Net Income Common Stockholders": NaN,
        "Preferred Stock Dividends": NaN,
        "Net Income": NaN,
        "Net Income Including Noncontrolling Interests": NaN,
        "Net Income Continuous Operations": NaN,
        "Tax Provision": NaN,
        "Pretax Income": NaN,
        "Gain On Sale Of Security": NaN,
        "Operating Expense": 19936000.0,
        "Other Operating Expenses": 2733000.0,
        "Depreciation Amortization Depletion Income Statement": 1339000.0,
        "Depreciation And Amortization In Income Statement": 1339000.0,
        "Amortization": NaN,
        "Amortization Of Intangibles Income Statement": NaN,
        "Depreciation Income Statement": 1339000.0,
        "Selling General And Administration": NaN,
        "Selling And Marketing Expense": NaN,
        "General And Administrative Expense": NaN,
        "Insurance And Claims": NaN,
        "Rent And Landing Fees": 2796000.0,
        "Salaries And Wages": NaN,
        "Total Revenue": NaN,
        "Operating Revenue": NaN,
        "Occupancy And Equipment": NaN,
        "Professional Expense And Contract Services Expense": NaN,
        "Other Non Interest Expense": NaN
    },
    "2024-03-31": {
        "Tax Effect Of Unusual Items": NaN,
        "Tax Rate For Calcs": NaN,
        "Net Income From Continuing Operation Net Minority Interest": NaN,
        "Reconciled Depreciation": NaN,
        "Net Interest Income": NaN,
        "Interest Expense": NaN,
        "Interest Income": NaN,
        "Normalized Income": NaN,
        "Net Income From Continuing And Discontinued Operation": NaN,
        "Rent Expense Supplemental": 1281000.0,
        "Diluted Average Shares": NaN,
        "Basic Average Shares": NaN,
        "Diluted EPS": NaN,
        "Basic EPS": NaN,
        "Diluted NI Availto Com Stockholders": NaN,
        "Net Income Common Stockholders": NaN,
        "Preferred Stock Dividends": NaN,
        "Net Income": NaN,
        "Net Income Including Noncontrolling Interests": NaN,
        "Net Income Continuous Operations": NaN,
        "Tax Provision": NaN,
        "Pretax Income": NaN,
        "Gain On Sale Of Security": NaN,
        "Operating Expense": 20614000.0,
        "Other Operating Expenses": 3305000.0,
        "Depreciation Amortization Depletion Income Statement": NaN,
        "Depreciation And Amortization In Income Statement": NaN,
        "Amortization": NaN,
        "Amortization Of Intangibles Income Statement": NaN,
        "Selling General And Administration": NaN,
        "Selling And Marketing Expense": NaN,
        "General And Administrative Expense": NaN,
        "Insurance And Claims": NaN,
        "Rent And Landing Fees": 2819000.0,
        "Salaries And Wages": NaN,
        "Total Revenue": NaN,
        "Operating Revenue": NaN,
        "Occupancy And Equipment": NaN,
        "Professional Expense And Contract Services Expense": NaN,
        "Other Non Interest Expense": NaN
    },
    "2024-06-30": {
        "Tax Effect Of Unusual Items": 0.0,
        "Tax Rate For Calcs": 0.113,
        "Net Income From Continuing Operation Net Minority Interest": -16919000.0,
        "Reconciled Depreciation": 4360000.0,
        "Net Interest Income": 59765000.0,
        "Interest Expense": 36332000.0,
        "Interest Income": 96097000.0,
        "Normalized Income": -16919000.0,
        "Net Income From Continuing And Discontinued Operation": -16919000.0,
        "Rent Expense Supplemental": NaN,
        "Diluted Average Shares": 12158865.0,
        "Basic Average Shares": 12158865.0,
        "Diluted EPS": -1.41,
        "Basic EPS": -1.41,
        "Diluted NI Availto Com Stockholders": -17144000.0,
        "Net Income Common Stockholders": -17144000.0,
        "Preferred Stock Dividends": 225000.0,
        "Net Income": -16919000.0,
        "Net Income Including Noncontrolling Interests": -16919000.0,
        "Net Income Continuous Operations": -16919000.0,
        "Tax Provision": -2153000.0,
        "Pretax Income": -19072000.0,
        "Gain On Sale Of Security": 613000.0,
        "Operating Expense": NaN,
        "Other Operating Expenses": NaN,
        "Depreciation Amortization Depletion Income Statement": 2865000.0,
        "Depreciation And Amortization In Income Statement": 2865000.0,
        "Amortization": 2865000.0,
        "Amortization Of Intangibles Income Statement": 2865000.0,
        "Selling General And Administration": 28484000.0,
        "Selling And Marketing Expense": 378000.0,
        "General And Administrative Expense": 28106000.0,
        "Insurance And Claims": 947000.0,
        "Rent And Landing Fees": NaN,
        "Salaries And Wages": 27159000.0,
        "Total Revenue": 68162000.0,
        "Operating Revenue": 68162000.0,
        "Occupancy And Equipment": 15660000.0,
        "Professional Expense And Contract Services Expense": 4830000.0,
        "Other Non Interest Expense": 11485000.0
    },
    "2024-09-30": {
        "Tax Effect Of Unusual Items": 0.0,
        "Tax Rate For Calcs": 0.158,
        "Net Income From Continuing Operation Net Minority Interest": 27622000.0,
        "Reconciled Depreciation": 6154000.0,
        "Net Interest Income": 73179000.0,
        "Interest Expense": 45347000.0,
        "Interest Income": 118526000.0,
        "Normalized Income": 27622000.0,
        "Net Income From Continuing And Discontinued Operation": 27622000.0,
        "Rent Expense Supplemental": NaN,
        "Diluted Average Shares": 15053297.0,
        "Basic Average Shares": 14971038.0,
        "Diluted EPS": 1.82,
        "Basic EPS": 1.83,
        "Diluted NI Availto Com Stockholders": 27397000.0,
        "Net Income Common Stockholders": 27397000.0,
        "Preferred Stock Dividends": 225000.0,
        "Net Income": 27622000.0,
        "Net Income Including Noncontrolling Interests": 27622000.0,
        "Net Income Continuous Operations": 27622000.0,
        "Tax Provision": 5200000.0,
        "Pretax Income": 32822000.0,
        "Gain On Sale Of Security": 0.0,
        "Operating Expense": NaN,
        "Other Operating Expenses": NaN,
        "Depreciation Amortization Depletion Income Statement": 4297000.0,
        "Depreciation And Amortization In Income Statement": 4297000.0,
        "Amortization": 4297000.0,
        "Amortization Of Intangibles Income Statement": 4297000.0,
        "Selling General And Administration": 27124000.0,
        "Selling And Marketing Expense": 427000.0,
        "General And Administrative Expense": 26697000.0,
        "Insurance And Claims": 1037000.0,
        "Rent And Landing Fees": NaN,
        "Salaries And Wages": 25660000.0,
        "Total Revenue": 82155000.0,
        "Operating Revenue": 82155000.0,
        "Occupancy And Equipment": 8111000.0,
        "Professional Expense And Contract Services Expense": 2571000.0,
        "Other Non Interest Expense": 7083000.0
    },
    "2024-12-31": {
        "Tax Effect Of Unusual Items": 0.0,
        "Tax Rate For Calcs": 0.022954,
        "Net Income From Continuing Operation Net Minority Interest": 19793000.0,
        "Reconciled Depreciation": 6073000.0,
        "Net Interest Income": 70710000.0,
        "Interest Expense": 42083000.0,
        "Interest Income": 112793000.0,
        "Normalized Income": 19793000.0,
        "Net Income From Continuing And Discontinued Operation": 19793000.0,
        "Rent Expense Supplemental": NaN,
        "Diluted Average Shares": 15052308.0,
        "Basic Average Shares": 14937405.0,
        "Diluted EPS": 1.3,
        "Basic EPS": 1.31,
        "Diluted NI Availto Com Stockholders": 19568000.0,
        "Net Income Common Stockholders": 19568000.0,
        "Preferred Stock Dividends": 225000.0,
        "Net Income": 19793000.0,
        "Net Income Including Noncontrolling Interests": 19793000.0,
        "Net Income Continuous Operations": 19793000.0,
        "Tax Provision": 465000.0,
        "Pretax Income": 20258000.0,
        "Gain On Sale Of Security": 744000.0,
        "Operating Expense": NaN,
        "Other Operating Expenses": NaN,
        "Depreciation Amortization Depletion Income Statement": 4298000.0,
        "Depreciation And Amortization In Income Statement": 4298000.0,
        "Amortization": 4298000.0,
        "Amortization Of Intangibles Income Statement": 4298000.0,
        "Selling General And Administration": 32660000.0,
        "Selling And Marketing Expense": 760000.0,
        "General And Administrative Expense": 31900000.0,
        "Insurance And Claims": 829000.0,
        "Rent And Landing Fees": NaN,
        "Salaries And Wages": 31071000.0,
        "Total Revenue": 80402000.0,
        "Operating Revenue": 80402000.0,
        "Occupancy And Equipment": 8161000.0,
        "Professional Expense And Contract Services Expense": 3876000.0,
        "Other Non Interest Expense": 8139000.0
    },
    "2025-03-31": {
        "Tax Effect Of Unusual Items": 0.0,
        "Tax Rate For Calcs": 0.172,
        "Net Income From Continuing Operation Net Minority Interest": 27201000.0,
        "Reconciled Depreciation": 5999000.0,
        "Net Interest Income": 72987000.0,
        "Interest Expense": 37799000.0,
        "Interest Income": 110786000.0,
        "Normalized Income": 27201000.0,
        "Net Income From Continuing And Discontinued Operation": 27201000.0,
        "Rent Expense Supplemental": NaN,
        "Diluted Average Shares": 15026376.0,
        "Basic Average Shares": 14976483.0,
        "Diluted EPS": 1.8,
        "Basic EPS": 1.8,
        "Diluted NI Availto Com Stockholders": 26976000.0,
        "Net Income Common Stockholders": 26976000.0,
        "Preferred Stock Dividends": 225000.0,
        "Net Income": 27201000.0,
        "Net Income Including Noncontrolling Interests": 27201000.0,
        "Net Income Continuous Operations": 27201000.0,
        "Tax Provision": 5644000.0,
        "Pretax Income": 32845000.0,
        "Gain On Sale Of Security": 1000.0,
        "Operating Expense": NaN,
        "Other Operating Expenses": NaN,
        "Depreciation Amortization Depletion Income Statement": 4298000.0,
        "Depreciation And Amortization In Income Statement": 4298000.0,
        "Amortization": 4298000.0,
        "Amortization Of Intangibles Income Statement": 4298000.0,
        "Selling General And Administration": 27821000.0,
        "Selling And Marketing Expense": 387000.0,
        "General And Administrative Expense": 27434000.0,
        "Insurance And Claims": 914000.0,
        "Rent And Landing Fees": NaN,
        "Salaries And Wages": 26520000.0,
        "Total Revenue": 81878000.0,
        "Operating Revenue": 81878000.0,
        "Occupancy And Equipment": 8129000.0,
        "Professional Expense And Contract Services Expense": 1071000.0,
        "Other Non Interest Expense": 7213000.0
    },
    "2025-06-30": {
        "Tax Effect Of Unusual Items": 0.0,
        "Tax Rate For Calcs": 0.196,
        "Net Income From Continuing Operation Net Minority Interest": 29897000.0,
        "Reconciled Depreciation": 5689000.0,
        "Net Interest Income": 74233000.0,
        "Interest Expense": 37625000.0,
        "Interest Income": 111858000.0,
        "Normalized Income": 29897000.0,
        "Net Income From Continuing And Discontinued Operation": 29897000.0,
        "Rent Expense Supplemental": NaN,
        "Diluted Average Shares": 15023807.0,
        "Basic Average Shares": 14998857.0,
        "Diluted EPS": 1.97,
        "Basic EPS": 1.98,
        "Diluted NI Availto Com Stockholders": 29672000.0,
        "Net Income Common Stockholders": 29672000.0,
        "Preferred Stock Dividends": 225000.0,
        "Net Income": 29897000.0,
        "Net Income Including Noncontrolling Interests": 29897000.0,
        "Net Income Continuous Operations": 29897000.0,
        "Tax Provision": 7284000.0,
        "Pretax Income": 37181000.0,
        "Gain On Sale Of Security": 38000.0,
        "Operating Expense": NaN,
        "Other Operating Expenses": NaN,
        "Depreciation Amortization Depletion Income Statement": 3888000.0,
        "Depreciation And Amortization In Income Statement": 3888000.0,
        "Amortization": 3888000.0,
        "Amortization Of Intangibles Income Statement": 3888000.0,
        "Selling General And Administration": 27370000.0,
        "Selling And Marketing Expense": 382000.0,
        "General And Administrative Expense": 26988000.0,
        "Insurance And Claims": 1088000.0,
        "Rent And Landing Fees": NaN,
        "Salaries And Wages": 25900000.0,
        "Total Revenue": 85796000.0,
        "Operating Revenue": 85796000.0,
        "Occupancy And Equipment": 7621000.0,
        "Professional Expense And Contract Services Expense": 1767000.0,
        "Other Non Interest Expense": 7345000.0
    }
}