{
    "2023-06-30": {
        "Tax Effect Of Unusual Items": NaN,
        "Tax Rate For Calcs": NaN,
        "Normalized EBITDA": NaN,
        "Total Unusual Items": NaN,
        "Total Unusual Items Excluding Goodwill": NaN,
        "Net Income From Continuing Operation Net Minority Interest": NaN,
        "Reconciled Depreciation": NaN,
        "Reconciled Cost Of Revenue": NaN,
        "EBITDA": NaN,
        "EBIT": NaN,
        "Net Interest Income": NaN,
        "Interest Expense": NaN,
        "Interest Income": NaN,
        "Normalized Income": NaN,
        "Net Income From Continuing And Discontinued Operation": NaN,
        "Total Expenses": NaN,
        "Diluted Average Shares": NaN,
        "Basic Average Shares": NaN,
        "Diluted EPS": NaN,
        "Basic EPS": NaN,
        "Diluted NI Availto Com Stockholders": NaN,
        "Net Income Common Stockholders": NaN,
        "Net Income": NaN,
        "Minority Interests": NaN,
        "Net Income Including Noncontrolling Interests": NaN,
        "Net Income Continuous Operations": NaN,
        "Earnings From Equity Interest Net Of Tax": 0.0,
        "Tax Provision": NaN,
        "Pretax Income": NaN,
        "Other Income Expense": NaN,
        "Other Non Operating Income Expenses": NaN,
        "Special Income Charges": NaN,
        "Gain On Sale Of Ppe": NaN,
        "Gain On Sale Of Business": 0.0,
        "Restructuring And Mergern Acquisition": NaN,
        "Gain On Sale Of Security": NaN,
        "Net Non Operating Interest Income Expense": NaN,
        "Interest Expense Non Operating": NaN,
        "Interest Income Non Operating": NaN,
        "Operating Income": NaN,
        "Operating Expense": NaN,
        "Other Operating Expenses": NaN,
        "Depreciation Amortization Depletion Income Statement": NaN,
        "Depreciation And Amortization In Income Statement": NaN,
        "Amortization": NaN,
        "Amortization Of Intangibles Income Statement": NaN,
        "Research And Development": NaN,
        "Selling General And Administration": NaN,
        "General And Administrative Expense": 548000000.0,
        "Other Gand A": 499600000.0,
        "Salaries And Wages": 48400000.0,
        "Gross Profit": NaN,
        "Cost Of Revenue": NaN,
        "Total Revenue": NaN,
        "Operating Revenue": NaN
    },
    "2023-03-31": {
        "Tax Effect Of Unusual Items": NaN,
        "Tax Rate For Calcs": NaN,
        "Normalized EBITDA": NaN,
        "Total Unusual Items": NaN,
        "Total Unusual Items Excluding Goodwill": NaN,
        "Net Income From Continuing Operation Net Minority Interest": NaN,
        "Reconciled Depreciation": NaN,
        "Reconciled Cost Of Revenue": NaN,
        "EBITDA": NaN,
        "EBIT": NaN,
        "Net Interest Income": NaN,
        "Interest Expense": NaN,
        "Interest Income": NaN,
        "Normalized Income": NaN,
        "Net Income From Continuing And Discontinued Operation": NaN,
        "Total Expenses": NaN,
        "Diluted Average Shares": NaN,
        "Basic Average Shares": NaN,
        "Diluted EPS": NaN,
        "Basic EPS": NaN,
        "Diluted NI Availto Com Stockholders": NaN,
        "Net Income Common Stockholders": NaN,
        "Net Income": NaN,
        "Minority Interests": NaN,
        "Net Income Including Noncontrolling Interests": NaN,
        "Net Income Continuous Operations": NaN,
        "Earnings From Equity Interest Net Of Tax": 0.0,
        "Tax Provision": NaN,
        "Pretax Income": NaN,
        "Other Income Expense": NaN,
        "Other Non Operating Income Expenses": NaN,
        "Special Income Charges": NaN,
        "Gain On Sale Of Ppe": NaN,
        "Gain On Sale Of Business": NaN,
        "Restructuring And Mergern Acquisition": NaN,
        "Gain On Sale Of Security": NaN,
        "Net Non Operating Interest Income Expense": NaN,
        "Interest Expense Non Operating": NaN,
        "Interest Income Non Operating": NaN,
        "Operating Income": NaN,
        "Operating Expense": NaN,
        "Other Operating Expenses": NaN,
        "Depreciation Amortization Depletion Income Statement": NaN,
        "Depreciation And Amortization In Income Statement": NaN,
        "Amortization": NaN,
        "Amortization Of Intangibles Income Statement": NaN,
        "Research And Development": NaN,
        "Selling General And Administration": NaN,
        "General And Administrative Expense": NaN,
        "Other Gand A": NaN,
        "Salaries And Wages": NaN,
        "Gross Profit": NaN,
        "Cost Of Revenue": NaN,
        "Total Revenue": NaN,
        "Operating Revenue": NaN
    },
    "2022-12-31": {
        "Tax Effect Of Unusual Items": NaN,
        "Tax Rate For Calcs": NaN,
        "Normalized EBITDA": NaN,
        "Total Unusual Items": NaN,
        "Total Unusual Items Excluding Goodwill": NaN,
        "Net Income From Continuing Operation Net Minority Interest": NaN,
        "Reconciled Depreciation": NaN,
        "Reconciled Cost Of Revenue": NaN,
        "EBITDA": NaN,
        "EBIT": NaN,
        "Net Interest Income": NaN,
        "Interest Expense": NaN,
        "Interest Income": NaN,
        "Normalized Income": NaN,
        "Net Income From Continuing And Discontinued Operation": NaN,
        "Total Expenses": NaN,
        "Diluted Average Shares": NaN,
        "Basic Average Shares": NaN,
        "Diluted EPS": NaN,
        "Basic EPS": NaN,
        "Diluted NI Availto Com Stockholders": NaN,
        "Net Income Common Stockholders": NaN,
        "Net Income": NaN,
        "Minority Interests": NaN,
        "Net Income Including Noncontrolling Interests": NaN,
        "Net Income Continuous Operations": NaN,
        "Earnings From Equity Interest Net Of Tax": 0.0,
        "Tax Provision": NaN,
        "Pretax Income": NaN,
        "Other Income Expense": NaN,
        "Other Non Operating Income Expenses": NaN,
        "Special Income Charges": NaN,
        "Gain On Sale Of Ppe": 0.0,
        "Gain On Sale Of Business": 0.0,
        "Other Special Charges": 17000000.0,
        "Restructuring And Mergern Acquisition": NaN,
        "Gain On Sale Of Security": NaN,
        "Net Non Operating Interest Income Expense": NaN,
        "Interest Expense Non Operating": NaN,
        "Interest Income Non Operating": NaN,
        "Operating Income": NaN,
        "Operating Expense": NaN,
        "Other Operating Expenses": NaN,
        "Depreciation Amortization Depletion Income Statement": NaN,
        "Depreciation And Amortization In Income Statement": NaN,
        "Amortization": NaN,
        "Amortization Of Intangibles Income Statement": NaN,
        "Research And Development": NaN,
        "Selling General And Administration": NaN,
        "General And Administrative Expense": NaN,
        "Other Gand A": NaN,
        "Salaries And Wages": NaN,
        "Gross Profit": NaN,
        "Cost Of Revenue": NaN,
        "Total Revenue": NaN,
        "Operating Revenue": NaN
    },
    "2022-09-30": {
        "Tax Effect Of Unusual Items": NaN,
        "Tax Rate For Calcs": NaN,
        "Normalized EBITDA": NaN,
        "Total Unusual Items": NaN,
        "Total Unusual Items Excluding Goodwill": NaN,
        "Net Income From Continuing Operation Net Minority Interest": NaN,
        "Reconciled Depreciation": NaN,
        "Reconciled Cost Of Revenue": NaN,
        "EBITDA": NaN,
        "EBIT": NaN,
        "Net Interest Income": NaN,
        "Interest Expense": NaN,
        "Interest Income": NaN,
        "Normalized Income": NaN,
        "Net Income From Continuing And Discontinued Operation": NaN,
        "Total Expenses": NaN,
        "Diluted Average Shares": NaN,
        "Basic Average Shares": NaN,
        "Diluted EPS": NaN,
        "Basic EPS": NaN,
        "Diluted NI Availto Com Stockholders": NaN,
        "Net Income Common Stockholders": NaN,
        "Net Income": NaN,
        "Minority Interests": NaN,
        "Net Income Including Noncontrolling Interests": NaN,
        "Net Income Continuous Operations": NaN,
        "Earnings From Equity Interest Net Of Tax": NaN,
        "Tax Provision": NaN,
        "Pretax Income": NaN,
        "Other Income Expense": NaN,
        "Other Non Operating Income Expenses": NaN,
        "Special Income Charges": NaN,
        "Gain On Sale Of Ppe": 503700000.0,
        "Gain On Sale Of Business": 0.0,
        "Other Special Charges": NaN,
        "Restructuring And Mergern Acquisition": NaN,
        "Gain On Sale Of Security": NaN,
        "Net Non Operating Interest Income Expense": NaN,
        "Interest Expense Non Operating": NaN,
        "Interest Income Non Operating": NaN,
        "Operating Income": NaN,
        "Operating Expense": NaN,
        "Other Operating Expenses": NaN,
        "Depreciation Amortization Depletion Income Statement": NaN,
        "Depreciation And Amortization In Income Statement": NaN,
        "Amortization": NaN,
        "Amortization Of Intangibles Income Statement": NaN,
        "Research And Development": NaN,
        "Selling General And Administration": NaN,
        "General And Administrative Expense": NaN,
        "Other Gand A": NaN,
        "Salaries And Wages": NaN,
        "Gross Profit": NaN,
        "Cost Of Revenue": NaN,
        "Total Revenue": NaN,
        "Operating Revenue": NaN
    },
    "2022-06-30": {
        "Tax Effect Of Unusual Items": -11303100.0,
        "Tax Rate For Calcs": 0.171,
        "Normalized EBITDA": 1040600000.0,
        "Total Unusual Items": -66100000.0,
        "Total Unusual Items Excluding Goodwill": -66100000.0,
        "Net Income From Continuing Operation Net Minority Interest": 1058000000.0,
        "Reconciled Depreciation": 67500000.0,
        "Reconciled Cost Of Revenue": 484000000.0,
        "EBITDA": 974500000.0,
        "EBIT": 907000000.0,
        "Net Interest Income": -53200000.0,
        "Interest Expense": 65800000.0,
        "Interest Income": 12600000.0,
        "Normalized Income": 1112796900.0,
        "Net Income From Continuing And Discontinued Operation": 1058000000.0,
        "Total Expenses": 1682100000.0,
        "Diluted Average Shares": 146200000.0,
        "Basic Average Shares": 145900000.0,
        "Diluted EPS": 7.24,
        "Basic EPS": 7.25,
        "Diluted NI Availto Com Stockholders": 1058000000.0,
        "Net Income Common Stockholders": 1058000000.0,
        "Net Income": 1058000000.0,
        "Minority Interests": -700000.0,
        "Net Income Including Noncontrolling Interests": 1058700000.0,
        "Net Income Continuous Operations": 1058700000.0,
        "Earnings From Equity Interest Net Of Tax": 5900000.0,
        "Tax Provision": 216700000.0,
        "Pretax Income": 1269500000.0,
        "Other Income Expense": 362500000.0,
        "Other Non Operating Income Expenses": 428600000.0,
        "Special Income Charges": -66100000.0,
        "Gain On Sale Of Ppe": NaN,
        "Gain On Sale Of Business": 1505400000.0,
        "Other Special Charges": 900000000.0,
        "Restructuring And Mergern Acquisition": 66100000.0,
        "Gain On Sale Of Security": -97400000.0,
        "Net Non Operating Interest Income Expense": -53200000.0,
        "Interest Expense Non Operating": 65800000.0,
        "Interest Income Non Operating": 12600000.0,
        "Operating Income": 907000000.0,
        "Operating Expense": 1198100000.0,
        "Other Operating Expenses": 29400000.0,
        "Depreciation Amortization Depletion Income Statement": 67500000.0,
        "Depreciation And Amortization In Income Statement": 67500000.0,
        "Amortization": 67500000.0,
        "Amortization Of Intangibles Income Statement": 67500000.0,
        "Research And Development": 528600000.0,
        "Selling General And Administration": 572600000.0,
        "General And Administrative Expense": NaN,
        "Other Gand A": NaN,
        "Salaries And Wages": NaN,
        "Gross Profit": 2105100000.0,
        "Cost Of Revenue": 484000000.0,
        "Total Revenue": 2589100000.0,
        "Operating Revenue": 2491200000.0
    },
    "2022-03-31": {
        "Diluted EPS": 2.06,
        "Total Revenue": NaN,
        "Gross Profit": NaN,
        "Operating Income": 611,
        "EBIT": 754,
        "Net Income": 304
    },
    "2021-12-31": {
        "Diluted EPS": 2.5,
        "Total Revenue": NaN,
        "Gross Profit": NaN,
        "Operating Income": -508,
        "EBIT": NaN,
        "Net Income": 368
    },
    "2021-09-30": {
        "Diluted EPS": 2.22,
        "Total Revenue": NaN,
        "Gross Profit": NaN,
        "Operating Income": 794,
        "EBIT": 971,
        "Net Income": 329
    },
    "2021-06-30": {
        "Diluted EPS": 2.99,
        "Total Revenue": NaN,
        "Gross Profit": NaN,
        "Operating Income": 486,
        "EBIT": NaN,
        "Net Income": 449
    },
    "2021-03-31": {
        "Diluted EPS": 2.69,
        "Total Revenue": NaN,
        "Gross Profit": NaN,
        "Operating Income": 974,
        "EBIT": NaN,
        "Net Income": 410
    },
    "2020-12-31": {
        "Diluted EPS": 2.67,
        "Total Revenue": NaN,
        "Gross Profit": NaN,
        "Operating Income": 167,
        "EBIT": 257,
        "Net Income": 358
    },
    "2020-09-30": {
        "Diluted EPS": 4.46,
        "Total Revenue": NaN,
        "Gross Profit": NaN,
        "Operating Income": NaN,
        "EBIT": NaN,
        "Net Income": 702
    },
    "2020-06-30": {
        "Diluted EPS": 9.59,
        "Total Revenue": NaN,
        "Gross Profit": NaN,
        "Operating Income": NaN,
        "EBIT": NaN,
        "Net Income": NaN
    },
    "2020-03-31": {
        "Diluted EPS": 8.08,
        "Total Revenue": NaN,
        "Gross Profit": NaN,
        "Operating Income": NaN,
        "EBIT": NaN,
        "Net Income": NaN
    },
    "2019-12-31": {
        "Diluted EPS": 8.03,
        "Total Revenue": NaN,
        "Gross Profit": NaN,
        "Operating Income": NaN,
        "EBIT": NaN,
        "Net Income": NaN
    },
    "2019-09-30": {
        "Diluted EPS": 8.39,
        "Total Revenue": NaN,
        "Gross Profit": NaN,
        "Operating Income": NaN,
        "EBIT": NaN,
        "Net Income": NaN
    },
    "2019-06-30": {
        "Diluted EPS": 7.85,
        "Total Revenue": NaN,
        "Gross Profit": NaN,
        "Operating Income": NaN,
        "EBIT": NaN,
        "Net Income": NaN
    },
    "2019-03-31": {
        "Diluted EPS": 7.15,
        "Total Revenue": NaN,
        "Gross Profit": NaN,
        "Operating Income": NaN,
        "EBIT": NaN,
        "Net Income": NaN
    },
    "2018-12-31": {
        "Diluted EPS": 4.71,
        "Total Revenue": NaN,
        "Gross Profit": NaN,
        "Operating Income": NaN,
        "EBIT": NaN,
        "Net Income": 947
    },
    "2018-09-30": {
        "Diluted EPS": 7.15,
        "Total Revenue": NaN,
        "Gross Profit": NaN,
        "Operating Income": NaN,
        "EBIT": NaN,
        "Net Income": NaN
    },
    "2018-06-30": {
        "Diluted EPS": 4.18,
        "Total Revenue": NaN,
        "Gross Profit": NaN,
        "Operating Income": NaN,
        "EBIT": NaN,
        "Net Income": 867
    },
    "2018-03-31": {
        "Diluted EPS": 5.54,
        "Total Revenue": NaN,
        "Gross Profit": NaN,
        "Operating Income": NaN,
        "EBIT": NaN,
        "Net Income": NaN
    },
    "2017-12-31": {
        "Diluted EPS": -1.4,
        "Total Revenue": NaN,
        "Gross Profit": NaN,
        "Operating Income": NaN,
        "EBIT": NaN,
        "Net Income": -297
    },
    "2017-09-30": {
        "Diluted EPS": 5.79,
        "Total Revenue": NaN,
        "Gross Profit": NaN,
        "Operating Income": NaN,
        "EBIT": NaN,
        "Net Income": NaN
    },
    "2017-06-30": {
        "Diluted EPS": 4.07,
        "Total Revenue": NaN,
        "Gross Profit": NaN,
        "Operating Income": NaN,
        "EBIT": NaN,
        "Net Income": 863
    },
    "2017-03-31": {
        "Diluted EPS": 3.46,
        "Total Revenue": NaN,
        "Gross Profit": NaN,
        "Operating Income": NaN,
        "EBIT": NaN,
        "Net Income": 748
    },
    "2016-12-31": {
        "Diluted EPS": 3.0,
        "Total Revenue": NaN,
        "Gross Profit": NaN,
        "Operating Income": 888,
        "EBIT": NaN,
        "Net Income": 649
    },
    "2016-09-30": {
        "Diluted EPS": 4.71,
        "Total Revenue": NaN,
        "Gross Profit": NaN,
        "Operating Income": NaN,
        "EBIT": NaN,
        "Net Income": NaN
    },
    "2016-06-30": {
        "Diluted EPS": 4.79,
        "Total Revenue": NaN,
        "Gross Profit": NaN,
        "Operating Income": NaN,
        "EBIT": NaN,
        "Net Income": NaN
    },
    "2016-03-31": {
        "Diluted EPS": 4.43,
        "Total Revenue": NaN,
        "Gross Profit": NaN,
        "Operating Income": NaN,
        "EBIT": NaN,
        "Net Income": 971
    },
    "2015-12-31": {
        "Diluted EPS": 3.77,
        "Total Revenue": NaN,
        "Gross Profit": NaN,
        "Operating Income": NaN,
        "EBIT": NaN,
        "Net Income": 832
    },
    "2015-09-30": {
        "Diluted EPS": 4.15,
        "Total Revenue": NaN,
        "Gross Profit": NaN,
        "Operating Income": NaN,
        "EBIT": NaN,
        "Net Income": 966
    },
    "2015-06-30": {
        "Diluted EPS": 3.93,
        "Total Revenue": NaN,
        "Gross Profit": NaN,
        "Operating Income": NaN,
        "EBIT": NaN,
        "Net Income": 927
    },
    "2015-03-31": {
        "Diluted EPS": 3.49,
        "Total Revenue": NaN,
        "Gross Profit": NaN,
        "Operating Income": NaN,
        "EBIT": NaN,
        "Net Income": 823
    },
    "2014-12-31": {
        "Diluted EPS": 3.72,
        "Total Revenue": NaN,
        "Gross Profit": NaN,
        "Operating Income": NaN,
        "EBIT": NaN,
        "Net Income": 883
    },
    "2014-09-30": {
        "Diluted EPS": 3.62,
        "Total Revenue": NaN,
        "Gross Profit": NaN,
        "Operating Income": NaN,
        "EBIT": NaN,
        "Net Income": 857
    },
    "2014-06-30": {
        "Diluted EPS": 3.01,
        "Total Revenue": NaN,
        "Gross Profit": NaN,
        "Operating Income": 989,
        "EBIT": NaN,
        "Net Income": 715
    },
    "2014-03-31": {
        "Diluted EPS": 2.02,
        "Total Revenue": NaN,
        "Gross Profit": NaN,
        "Operating Income": 671,
        "EBIT": 862,
        "Net Income": 480
    },
    "2013-12-31": {
        "Diluted EPS": 1.91,
        "Total Revenue": NaN,
        "Gross Profit": NaN,
        "Operating Income": 658,
        "EBIT": 816,
        "Net Income": 457
    },
    "2013-09-30": {
        "Diluted EPS": 2.05,
        "Total Revenue": NaN,
        "Gross Profit": NaN,
        "Operating Income": 685,
        "EBIT": 832,
        "Net Income": 488
    },
    "2013-06-30": {
        "Diluted EPS": 2.06,
        "Total Revenue": NaN,
        "Gross Profit": NaN,
        "Operating Income": 663,
        "EBIT": 791,
        "Net Income": 491
    },
    "2013-03-31": {
        "Diluted EPS": 1.79,
        "Total Revenue": NaN,
        "Gross Profit": NaN,
        "Operating Income": 511,
        "EBIT": 608,
        "Net Income": 427
    },
    "2012-12-31": {
        "Diluted EPS": 1.23,
        "Total Revenue": NaN,
        "Gross Profit": NaN,
        "Operating Income": 446,
        "EBIT": 542,
        "Net Income": 292
    },
    "2012-09-30": {
        "Diluted EPS": 1.67,
        "Total Revenue": NaN,
        "Gross Profit": NaN,
        "Operating Income": 535,
        "EBIT": 629,
        "Net Income": 398
    },
    "2012-06-30": {
        "Diluted EPS": 1.61,
        "Total Revenue": NaN,
        "Gross Profit": NaN,
        "Operating Income": 506,
        "EBIT": 596,
        "Net Income": 387
    },
    "2012-03-31": {
        "Diluted EPS": 1.25,
        "Total Revenue": NaN,
        "Gross Profit": NaN,
        "Operating Income": 369,
        "EBIT": 453,
        "Net Income": 303
    },
    "2011-12-31": {
        "Diluted EPS": 1.23,
        "Total Revenue": NaN,
        "Gross Profit": NaN,
        "Operating Income": 409,
        "EBIT": 498,
        "Net Income": 300
    },
    "2011-09-30": {
        "Diluted EPS": 1.43,
        "Total Revenue": NaN,
        "Gross Profit": NaN,
        "Operating Income": 488,
        "EBIT": 576,
        "Net Income": 352
    },
    "2011-06-30": {
        "Diluted EPS": 1.18,
        "Total Revenue": NaN,
        "Gross Profit": NaN,
        "Operating Income": 411,
        "EBIT": 501,
        "Net Income": 288
    },
    "2011-03-31": {
        "Diluted EPS": 1.2,
        "Total Revenue": NaN,
        "Gross Profit": NaN,
        "Operating Income": 416,
        "EBIT": 509,
        "Net Income": 294
    },
    "2010-12-31": {
        "Diluted EPS": 0.97,
        "Total Revenue": NaN,
        "Gross Profit": NaN,
        "Operating Income": 355,
        "EBIT": 451,
        "Net Income": 240
    },
    "2010-09-30": {
        "Diluted EPS": 1.05,
        "Total Revenue": NaN,
        "Gross Profit": NaN,
        "Operating Income": 194,
        "EBIT": 284,
        "Net Income": 254
    },
    "2010-06-30": {
        "Diluted EPS": 1.12,
        "Total Revenue": NaN,
        "Gross Profit": NaN,
        "Operating Income": 396,
        "EBIT": 483,
        "Net Income": 293
    },
    "2010-03-31": {
        "Diluted EPS": 0.8,
        "Total Revenue": NaN,
        "Gross Profit": NaN,
        "Operating Income": 304,
        "EBIT": 386,
        "Net Income": 217
    },
    "2009-12-31": {
        "Diluted EPS": 1.07,
        "Total Revenue": NaN,
        "Gross Profit": NaN,
        "Operating Income": 383,
        "EBIT": 477,
        "Net Income": 306
    },
    "2009-09-30": {
        "Diluted EPS": 0.95,
        "Total Revenue": NaN,
        "Gross Profit": NaN,
        "Operating Income": 384,
        "EBIT": 470,
        "Net Income": 278
    },
    "2009-06-30": {
        "Diluted EPS": 0.49,
        "Total Revenue": NaN,
        "Gross Profit": NaN,
        "Operating Income": 223,
        "EBIT": 350,
        "Net Income": 143
    },
    "2009-03-31": {
        "Diluted EPS": 0.84,
        "Total Revenue": NaN,
        "Gross Profit": 938,
        "Operating Income": 305,
        "EBIT": 427,
        "Net Income": 244
    },
    "2023-09-30": {
        "Tax Effect Of Unusual Items": NaN,
        "Tax Rate For Calcs": NaN,
        "Normalized EBITDA": NaN,
        "Total Unusual Items": NaN,
        "Total Unusual Items Excluding Goodwill": NaN,
        "Net Income From Continuing Operation Net Minority Interest": NaN,
        "Reconciled Depreciation": NaN,
        "Reconciled Cost Of Revenue": NaN,
        "EBITDA": NaN,
        "EBIT": NaN,
        "Net Interest Income": NaN,
        "Interest Expense": NaN,
        "Interest Income": NaN,
        "Normalized Income": NaN,
        "Net Income From Continuing And Discontinued Operation": NaN,
        "Total Expenses": NaN,
        "Diluted Average Shares": 144800000.0,
        "Basic Average Shares": 144800000.0,
        "Diluted EPS": -0.47,
        "Basic EPS": -0.47,
        "Diluted NI Availto Com Stockholders": NaN,
        "Net Income Common Stockholders": NaN,
        "Net Income": NaN,
        "Minority Interests": NaN,
        "Net Income Including Noncontrolling Interests": NaN,
        "Net Income Continuous Operations": NaN,
        "Earnings From Equity Interest Net Of Tax": 0.0,
        "Tax Provision": NaN,
        "Pretax Income": NaN,
        "Other Income Expense": NaN,
        "Other Non Operating Income Expenses": NaN,
        "Special Income Charges": NaN,
        "Gain On Sale Of Ppe": 0.0,
        "Gain On Sale Of Business": 0.0,
        "Restructuring And Mergern Acquisition": NaN,
        "Gain On Sale Of Security": NaN,
        "Net Non Operating Interest Income Expense": NaN,
        "Interest Expense Non Operating": NaN,
        "Interest Income Non Operating": NaN,
        "Operating Income": NaN,
        "Operating Expense": NaN,
        "Other Operating Expenses": NaN,
        "Depreciation Amortization Depletion Income Statement": NaN,
        "Depreciation And Amortization In Income Statement": NaN,
        "Amortization": NaN,
        "Amortization Of Intangibles Income Statement": NaN,
        "Research And Development": NaN,
        "Selling General And Administration": NaN,
        "Gross Profit": NaN,
        "Cost Of Revenue": NaN,
        "Total Revenue": NaN,
        "Operating Revenue": NaN
    },
    "2023-12-31": {
        "Tax Effect Of Unusual Items": -17572016.460905,
        "Tax Rate For Calcs": 0.146433,
        "Normalized EBITDA": 623200000.0,
        "Total Unusual Items": -120000000.0,
        "Total Unusual Items Excluding Goodwill": -120000000.0,
        "Net Income From Continuing Operation Net Minority Interest": 249700000.0,
        "Reconciled Depreciation": 140100000.0,
        "Reconciled Cost Of Revenue": 554800000.0,
        "EBITDA": 503200000.0,
        "EBIT": 363100000.0,
        "Net Interest Income": -47700000.0,
        "Interest Expense": 71500000.0,
        "Interest Income": 23800000.0,
        "Normalized Income": 352127983.539095,
        "Net Income From Continuing And Discontinued Operation": 249700000.0,
        "Total Expenses": 1928600000.0,
        "Diluted Average Shares": 145700000.0,
        "Basic Average Shares": 144900000.0,
        "Diluted EPS": 1.71,
        "Basic EPS": 1.72,
        "Diluted NI Availto Com Stockholders": 249700000.0,
        "Net Income Common Stockholders": 249700000.0,
        "Net Income": 249700000.0,
        "Minority Interests": 800000.0,
        "Net Income Including Noncontrolling Interests": 248900000.0,
        "Net Income Continuous Operations": 248900000.0,
        "Earnings From Equity Interest Net Of Tax": 0.0,
        "Tax Provision": 42700000.0,
        "Pretax Income": 291600000.0,
        "Other Income Expense": -118400000.0,
        "Other Non Operating Income Expenses": 1600000.0,
        "Special Income Charges": -98800000.0,
        "Gain On Sale Of Ppe": 0.0,
        "Gain On Sale Of Business": 0.0,
        "Restructuring And Mergern Acquisition": 98800000.0,
        "Gain On Sale Of Security": -21200000.0,
        "Net Non Operating Interest Income Expense": -47700000.0,
        "Interest Expense Non Operating": 71500000.0,
        "Interest Income Non Operating": 23800000.0,
        "Operating Income": 457700000.0,
        "Operating Expense": 1310300000.0,
        "Other Operating Expenses": 54300000.0,
        "Depreciation Amortization Depletion Income Statement": 76600000.0,
        "Depreciation And Amortization In Income Statement": 76600000.0,
        "Amortization": 76600000.0,
        "Amortization Of Intangibles Income Statement": 76600000.0,
        "Research And Development": 570900000.0,
        "Selling General And Administration": 608500000.0,
        "Gross Profit": 1768000000.0,
        "Cost Of Revenue": 618300000.0,
        "Total Revenue": 2386300000.0,
        "Operating Revenue": 2268200000.0
    },
    "2024-03-31": {
        "Tax Effect Of Unusual Items": -7931000.0,
        "Tax Rate For Calcs": 0.154,
        "Normalized EBITDA": 733000000.0,
        "Total Unusual Items": -51500000.0,
        "Total Unusual Items Excluding Goodwill": -51500000.0,
        "Net Income From Continuing Operation Net Minority Interest": 393400000.0,
        "Reconciled Depreciation": 147500000.0,
        "Reconciled Cost Of Revenue": 473000000.0,
        "EBITDA": 681500000.0,
        "EBIT": 534000000.0,
        "Net Interest Income": -51800000.0,
        "Interest Expense": 69200000.0,
        "Interest Income": 17400000.0,
        "Normalized Income": 436969000.0,
        "Net Income From Continuing And Discontinued Operation": 393400000.0,
        "Total Expenses": 1720500000.0,
        "Diluted Average Shares": 145900000.0,
        "Basic Average Shares": 145200000.0,
        "Diluted EPS": 2.7,
        "Basic EPS": 2.71,
        "Diluted NI Availto Com Stockholders": 393400000.0,
        "Net Income Common Stockholders": 393400000.0,
        "Net Income": 393400000.0,
        "Minority Interests": 0.0,
        "Net Income Including Noncontrolling Interests": 393400000.0,
        "Net Income Continuous Operations": 393400000.0,
        "Earnings From Equity Interest Net Of Tax": NaN,
        "Tax Provision": 71400000.0,
        "Pretax Income": 464800000.0,
        "Other Income Expense": -53400000.0,
        "Other Non Operating Income Expenses": -1900000.0,
        "Special Income Charges": -11500000.0,
        "Gain On Sale Of Ppe": NaN,
        "Gain On Sale Of Business": NaN,
        "Restructuring And Mergern Acquisition": 11500000.0,
        "Gain On Sale Of Security": -40000000.0,
        "Net Non Operating Interest Income Expense": -51800000.0,
        "Interest Expense Non Operating": 69200000.0,
        "Interest Income Non Operating": 17400000.0,
        "Operating Income": 570000000.0,
        "Operating Expense": 1178300000.0,
        "Other Operating Expenses": 65600000.0,
        "Depreciation Amortization Depletion Income Statement": 78300000.0,
        "Depreciation And Amortization In Income Statement": 78300000.0,
        "Amortization": 78300000.0,
        "Amortization Of Intangibles Income Statement": 78300000.0,
        "Research And Development": 452900000.0,
        "Selling General And Administration": 581500000.0,
        "Gross Profit": 1748300000.0,
        "Cost Of Revenue": 542200000.0,
        "Total Revenue": 2290500000.0,
        "Operating Revenue": 1896500000.0
    },
    "2024-06-30": {
        "Tax Effect Of Unusual Items": 6600000.0,
        "Tax Rate For Calcs": 0.165,
        "Normalized EBITDA": 878900000.0,
        "Total Unusual Items": 40000000.0,
        "Total Unusual Items Excluding Goodwill": 40000000.0,
        "Net Income From Continuing Operation Net Minority Interest": 583600000.0,
        "Reconciled Depreciation": 158900000.0,
        "Reconciled Cost Of Revenue": 474000000.0,
        "EBITDA": 918900000.0,
        "EBIT": 760000000.0,
        "Net Interest Income": -41200000.0,
        "Interest Expense": 61300000.0,
        "Interest Income": 20100000.0,
        "Normalized Income": 550200000.0,
        "Net Income From Continuing And Discontinued Operation": 583600000.0,
        "Total Expenses": 1763000000.0,
        "Diluted Average Shares": 145900000.0,
        "Basic Average Shares": 145600000.0,
        "Diluted EPS": 4.0,
        "Basic EPS": 4.01,
        "Diluted NI Availto Com Stockholders": 583600000.0,
        "Net Income Common Stockholders": 583600000.0,
        "Net Income": 583600000.0,
        "Minority Interests": 0.0,
        "Net Income Including Noncontrolling Interests": 583600000.0,
        "Net Income Continuous Operations": 583600000.0,
        "Earnings From Equity Interest Net Of Tax": NaN,
        "Tax Provision": 115100000.0,
        "Pretax Income": 698700000.0,
        "Other Income Expense": 38000000.0,
        "Other Non Operating Income Expenses": -2000000.0,
        "Special Income Charges": 82000000.0,
        "Gain On Sale Of Ppe": 88600000.0,
        "Gain On Sale Of Business": NaN,
        "Restructuring And Mergern Acquisition": 6600000.0,
        "Gain On Sale Of Security": -42000000.0,
        "Net Non Operating Interest Income Expense": -41200000.0,
        "Interest Expense Non Operating": 61300000.0,
        "Interest Income Non Operating": 20100000.0,
        "Operating Income": 701900000.0,
        "Operating Expense": 1217000000.0,
        "Other Operating Expenses": 62400000.0,
        "Depreciation Amortization Depletion Income Statement": 86900000.0,
        "Depreciation And Amortization In Income Statement": 86900000.0,
        "Amortization": 86900000.0,
        "Amortization Of Intangibles Income Statement": 86900000.0,
        "Research And Development": 513900000.0,
        "Selling General And Administration": 553800000.0,
        "Gross Profit": 1918900000.0,
        "Cost Of Revenue": 546000000.0,
        "Total Revenue": 2464900000.0,
        "Operating Revenue": 2464900000.0
    },
    "2024-09-30": {
        "Tax Effect Of Unusual Items": 498891.35255,
        "Tax Rate For Calcs": 0.138581,
        "Normalized EBITDA": 690000000.0,
        "Total Unusual Items": 3600000.0,
        "Total Unusual Items Excluding Goodwill": 3600000.0,
        "Net Income From Continuing Operation Net Minority Interest": 388500000.0,
        "Reconciled Depreciation": 182800000.0,
        "Reconciled Cost Of Revenue": 586200000.0,
        "EBITDA": 693600000.0,
        "EBIT": 510800000.0,
        "Net Interest Income": -48200000.0,
        "Interest Expense": 59800000.0,
        "Interest Income": 11600000.0,
        "Normalized Income": 385398891.35255,
        "Net Income From Continuing And Discontinued Operation": 388500000.0,
        "Total Expenses": 1969400000.0,
        "Diluted Average Shares": 146100000.0,
        "Basic Average Shares": 145700000.0,
        "Diluted EPS": 2.66,
        "Basic EPS": 2.67,
        "Diluted NI Availto Com Stockholders": 388500000.0,
        "Net Income Common Stockholders": 388500000.0,
        "Net Income": 388500000.0,
        "Minority Interests": 0.0,
        "Net Income Including Noncontrolling Interests": 388500000.0,
        "Net Income Continuous Operations": 388500000.0,
        "Earnings From Equity Interest Net Of Tax": NaN,
        "Tax Provision": 62500000.0,
        "Pretax Income": 451000000.0,
        "Other Income Expense": 2800000.0,
        "Other Non Operating Income Expenses": -800000.0,
        "Special Income Charges": -30600000.0,
        "Gain On Sale Of Ppe": 0.0,
        "Gain On Sale Of Business": NaN,
        "Restructuring And Mergern Acquisition": 30600000.0,
        "Gain On Sale Of Security": 34200000.0,
        "Net Non Operating Interest Income Expense": -48200000.0,
        "Interest Expense Non Operating": 59800000.0,
        "Interest Income Non Operating": 11600000.0,
        "Operating Income": 496400000.0,
        "Operating Expense": 1330700000.0,
        "Other Operating Expenses": 69300000.0,
        "Depreciation Amortization Depletion Income Statement": 130300000.0,
        "Depreciation And Amortization In Income Statement": 130300000.0,
        "Amortization": 130300000.0,
        "Amortization Of Intangibles Income Statement": 130300000.0,
        "Research And Development": 542700000.0,
        "Selling General And Administration": 588400000.0,
        "Gross Profit": 1827100000.0,
        "Cost Of Revenue": 638700000.0,
        "Total Revenue": 2465800000.0,
        "Operating Revenue": 2215600000.0
    },
    "2024-12-31": {
        "Tax Effect Of Unusual Items": -15424493.996569,
        "Tax Rate For Calcs": 0.085077,
        "Normalized EBITDA": 716800000.0,
        "Total Unusual Items": -181300000.0,
        "Total Unusual Items Excluding Goodwill": -181300000.0,
        "Net Income From Continuing Operation Net Minority Interest": 266700000.0,
        "Reconciled Depreciation": 184000000.0,
        "Reconciled Cost Of Revenue": 550700000.0,
        "EBITDA": 535500000.0,
        "EBIT": 351500000.0,
        "Net Interest Income": -41500000.0,
        "Interest Expense": 60000000.0,
        "Interest Income": 18500000.0,
        "Normalized Income": 432575506.003431,
        "Net Income From Continuing And Discontinued Operation": 266700000.0,
        "Total Expenses": 2004100000.0,
        "Diluted Average Shares": NaN,
        "Basic Average Shares": NaN,
        "Diluted EPS": NaN,
        "Basic EPS": NaN,
        "Diluted NI Availto Com Stockholders": 266700000.0,
        "Net Income Common Stockholders": 266700000.0,
        "Net Income": 266700000.0,
        "Minority Interests": 0.0,
        "Net Income Including Noncontrolling Interests": 266700000.0,
        "Net Income Continuous Operations": 266700000.0,
        "Earnings From Equity Interest Net Of Tax": NaN,
        "Tax Provision": 24800000.0,
        "Pretax Income": 291500000.0,
        "Other Income Expense": -117600000.0,
        "Other Non Operating Income Expenses": 63700000.0,
        "Special Income Charges": -97800000.0,
        "Gain On Sale Of Ppe": -88600000.0,
        "Gain On Sale Of Business": NaN,
        "Restructuring And Mergern Acquisition": 9200000.0,
        "Gain On Sale Of Security": -83500000.0,
        "Net Non Operating Interest Income Expense": -41500000.0,
        "Interest Expense Non Operating": 60000000.0,
        "Interest Income Non Operating": 18500000.0,
        "Operating Income": 450600000.0,
        "Operating Expense": 1420600000.0,
        "Other Operating Expenses": 57100000.0,
        "Depreciation Amortization Depletion Income Statement": 151200000.0,
        "Depreciation And Amortization In Income Statement": 151200000.0,
        "Amortization": 151200000.0,
        "Amortization Of Intangibles Income Statement": 151200000.0,
        "Research And Development": 532300000.0,
        "Selling General And Administration": 680000000.0,
        "Gross Profit": 1871200000.0,
        "Cost Of Revenue": 583500000.0,
        "Total Revenue": 2454700000.0,
        "Operating Revenue": 2297800000.0
    }
}