{
    "2023-03-31": {
        "Tax Effect Of Unusual Items": 0.0,
        "Tax Rate For Calcs": 0.0,
        "Normalized EBITDA": -773661.0,
        "Total Unusual Items": 2125.0,
        "Total Unusual Items Excluding Goodwill": 2125.0,
        "Net Income From Continuing Operation Net Minority Interest": -861078.0,
        "Reconciled Depreciation": 53800.0,
        "Reconciled Cost Of Revenue": 1507396.0,
        "EBITDA": -771536.0,
        "EBIT": -825336.0,
        "Net Interest Income": -35038.0,
        "Interest Expense": 35299.0,
        "Interest Income": 261.0,
        "Normalized Income": -863203.0,
        "Net Income From Continuing And Discontinued Operation": -884207.0,
        "Total Expenses": 2616891.0,
        "Total Operating Income As Reported": 580746.0,
        "Diluted Average Shares": 3834443.0,
        "Basic Average Shares": 3834443.0,
        "Diluted EPS": -0.23,
        "Basic EPS": -0.23,
        "Diluted NI Availto Com Stockholders": -884207.0,
        "Net Income Common Stockholders": -884207.0,
        "Net Income": -884207.0,
        "Minority Interests": -443.0,
        "Net Income Including Noncontrolling Interests": -883764.0,
        "Net Income Discontinuous Operations": -23129.0,
        "Net Income Continuous Operations": -860635.0,
        "Tax Provision": 0.0,
        "Pretax Income": -860635.0,
        "Other Income Expense": -1406343.0,
        "Other Non Operating Income Expenses": -1408468.0,
        "Special Income Charges": 0.0,
        "Gain On Sale Of Business": NaN,
        "Impairment Of Capital Assets": 0.0,
        "Gain On Sale Of Security": 2125.0,
        "Net Non Operating Interest Income Expense": -35038.0,
        "Interest Expense Non Operating": 35299.0,
        "Interest Income Non Operating": 261.0,
        "Operating Income": 580746.0,
        "Operating Expense": 1109495.0,
        "Selling General And Administration": 1109495.0,
        "Selling And Marketing Expense": 256158.0,
        "General And Administrative Expense": 853337.0,
        "Other Gand A": 853337.0,
        "Gross Profit": 1690241.0,
        "Cost Of Revenue": 1507396.0,
        "Total Revenue": 3197637.0,
        "Operating Revenue": 3197637.0
    },
    "2022-12-31": {
        "Tax Effect Of Unusual Items": -11779.63511,
        "Tax Rate For Calcs": 0.002183,
        "Normalized EBITDA": -2482196.0,
        "Total Unusual Items": -5396382.0,
        "Total Unusual Items Excluding Goodwill": -5396382.0,
        "Net Income From Continuing Operation Net Minority Interest": -11106500.0,
        "Reconciled Depreciation": 58319.0,
        "Reconciled Cost Of Revenue": -3112875.0,
        "EBITDA": -7878578.0,
        "EBIT": -7936897.0,
        "Net Interest Income": -3054246.0,
        "Interest Expense": 3114576.0,
        "Interest Income": 91.0,
        "Normalized Income": -5721897.63511,
        "Net Income From Continuing And Discontinued Operation": -11796150.0,
        "Total Expenses": -3406651.0,
        "Total Operating Income As Reported": -7410732.0,
        "Diluted Average Shares": NaN,
        "Basic Average Shares": NaN,
        "Diluted EPS": NaN,
        "Basic EPS": NaN,
        "Diluted NI Availto Com Stockholders": -11796150.0,
        "Net Income Common Stockholders": -11796150.0,
        "Net Income": -11796150.0,
        "Minority Interests": -79151.0,
        "Net Income Including Noncontrolling Interests": -11716999.0,
        "Net Income Discontinuous Operations": NaN,
        "Net Income Continuous Operations": -11027349.0,
        "Tax Provision": -24124.0,
        "Pretax Income": -11051473.0,
        "Other Income Expense": -5972306.0,
        "Other Non Operating Income Expenses": -575924.0,
        "Special Income Charges": NaN,
        "Gain On Sale Of Business": NaN,
        "Impairment Of Capital Assets": NaN,
        "Gain On Sale Of Security": -10571.0,
        "Net Non Operating Interest Income Expense": -3054246.0,
        "Interest Expense Non Operating": 3114576.0,
        "Interest Income Non Operating": 91.0,
        "Operating Income": -2024921.0,
        "Operating Expense": -293776.0,
        "Selling General And Administration": -293776.0,
        "Selling And Marketing Expense": -1261174.0,
        "General And Administrative Expense": 967398.0,
        "Other Gand A": 967398.0,
        "Gross Profit": -2318697.0,
        "Cost Of Revenue": -3112875.0,
        "Total Revenue": -5431572.0,
        "Operating Revenue": -5431572.0
    },
    "2022-09-30": {
        "Tax Effect Of Unusual Items": 2.273172,
        "Tax Rate For Calcs": 0.000306,
        "Normalized EBITDA": -2301876.0,
        "Total Unusual Items": 7427.0,
        "Total Unusual Items Excluding Goodwill": 7427.0,
        "Net Income From Continuing Operation Net Minority Interest": -3098212.0,
        "Reconciled Depreciation": -39670.0,
        "Reconciled Cost Of Revenue": 4229316.0,
        "EBITDA": -2294449.0,
        "EBIT": -2294449.0,
        "Net Interest Income": -805899.0,
        "Interest Expense": 806162.0,
        "Interest Income": 263.0,
        "Normalized Income": -3105636.726828,
        "Net Income From Continuing And Discontinued Operation": -3883605.0,
        "Total Expenses": 7345002.0,
        "Total Operating Income As Reported": -2412523.0,
        "Diluted Average Shares": 9493630.0,
        "Basic Average Shares": 9493630.0,
        "Diluted EPS": -0.421707,
        "Basic EPS": -0.421707,
        "Diluted NI Availto Com Stockholders": -3883605.0,
        "Net Income Common Stockholders": -3883605.0,
        "Net Income": -3883605.0,
        "Minority Interests": 1450.0,
        "Net Income Including Noncontrolling Interests": -3885055.0,
        "Net Income Discontinuous Operations": -785393.0,
        "Net Income Continuous Operations": -3099662.0,
        "Tax Provision": -949.0,
        "Pretax Income": -3100611.0,
        "Other Income Expense": 117811.0,
        "Other Non Operating Income Expenses": 110384.0,
        "Special Income Charges": 0.0,
        "Gain On Sale Of Business": 0.0,
        "Impairment Of Capital Assets": NaN,
        "Gain On Sale Of Security": 7427.0,
        "Net Non Operating Interest Income Expense": -805899.0,
        "Total Other Finance Cost": 60269.0,
        "Interest Expense Non Operating": 806162.0,
        "Interest Income Non Operating": 263.0,
        "Operating Income": -2412523.0,
        "Operating Expense": 3115686.0,
        "Selling General And Administration": 3115686.0,
        "Selling And Marketing Expense": 310475.0,
        "General And Administrative Expense": 2805211.0,
        "Other Gand A": 2805211.0,
        "Gross Profit": 703163.0,
        "Cost Of Revenue": 4229316.0,
        "Total Revenue": 4932479.0,
        "Operating Revenue": 4932479.0
    },
    "2022-06-30": {
        "Tax Effect Of Unusual Items": 1146.0,
        "Tax Rate For Calcs": 0.4,
        "Normalized EBITDA": -3992817.0,
        "Total Unusual Items": 2865.0,
        "Total Unusual Items Excluding Goodwill": 2865.0,
        "Net Income From Continuing Operation Net Minority Interest": -4144928.0,
        "Reconciled Depreciation": 36622.0,
        "Reconciled Cost Of Revenue": 3701901.0,
        "EBITDA": -3989952.0,
        "EBIT": -4026574.0,
        "Net Interest Income": -111353.0,
        "Interest Expense": 111560.0,
        "Interest Income": 207.0,
        "Normalized Income": -4146647.0,
        "Net Income From Continuing And Discontinued Operation": -4144928.0,
        "Total Expenses": 7206256.0,
        "Total Operating Income As Reported": -2278895.0,
        "Diluted Average Shares": 2285926.0,
        "Basic Average Shares": 2285926.0,
        "Diluted EPS": -1.8,
        "Basic EPS": -1.8,
        "Diluted NI Availto Com Stockholders": -4144928.0,
        "Net Income Common Stockholders": -4144928.0,
        "Net Income": -4144928.0,
        "Minority Interests": 1416.0,
        "Net Income Including Noncontrolling Interests": -4146344.0,
        "Net Income Discontinuous Operations": NaN,
        "Net Income Continuous Operations": -4146344.0,
        "Tax Provision": 8210.0,
        "Pretax Income": -4138134.0,
        "Other Income Expense": -1747886.0,
        "Other Non Operating Income Expenses": -1750751.0,
        "Special Income Charges": NaN,
        "Impairment Of Capital Assets": NaN,
        "Gain On Sale Of Security": 2865.0,
        "Net Non Operating Interest Income Expense": -111353.0,
        "Total Other Finance Cost": NaN,
        "Interest Expense Non Operating": 111560.0,
        "Interest Income Non Operating": 207.0,
        "Operating Income": -2278895.0,
        "Operating Expense": 3504355.0,
        "Selling General And Administration": 3504355.0,
        "Selling And Marketing Expense": 704528.0,
        "General And Administrative Expense": 2799827.0,
        "Other Gand A": 2799827.0,
        "Gross Profit": 1225460.0,
        "Cost Of Revenue": 3701901.0,
        "Total Revenue": 4927361.0,
        "Operating Revenue": 4927361.0
    },
    "2022-03-31": {
        "Diluted EPS": -0.29,
        "Total Revenue": 3,
        "Gross Profit": 0,
        "Operating Income": -2,
        "EBIT": -1,
        "Net Income": -3
    },
    "2021-12-31": {
        "Diluted EPS": -54.02,
        "Total Revenue": -4,
        "Gross Profit": -2,
        "Operating Income": -27,
        "EBIT": -26,
        "Net Income": -30
    },
    "2021-09-30": {
        "Diluted EPS": -0.6,
        "Total Revenue": 14,
        "Gross Profit": 2,
        "Operating Income": -2,
        "EBIT": -2,
        "Net Income": -2
    },
    "2021-06-30": {
        "Diluted EPS": -0.6,
        "Total Revenue": 9,
        "Gross Profit": 2,
        "Operating Income": 0,
        "EBIT": 0,
        "Net Income": 0
    },
    "2021-03-31": {
        "Diluted EPS": -9.9,
        "Total Revenue": 2,
        "Gross Profit": 1,
        "Operating Income": -3,
        "EBIT": -2,
        "Net Income": -3
    },
    "2020-12-31": {
        "Diluted EPS": -10.8,
        "Total Revenue": 6,
        "Gross Profit": 1,
        "Operating Income": 1,
        "EBIT": 1,
        "Net Income": -3
    },
    "2020-09-30": {
        "Diluted EPS": -9.5,
        "Total Revenue": 3,
        "Gross Profit": 0,
        "Operating Income": -1,
        "EBIT": 0,
        "Net Income": -2
    },
    "2020-06-30": {
        "Diluted EPS": 23.5,
        "Total Revenue": 4,
        "Gross Profit": 1,
        "Operating Income": -2,
        "EBIT": -1,
        "Net Income": 5
    },
    "2020-03-31": {
        "Diluted EPS": -12.0,
        "Total Revenue": 0,
        "Gross Profit": 0,
        "Operating Income": -1,
        "EBIT": -1,
        "Net Income": -2
    },
    "2019-12-31": {
        "Diluted EPS": -15.0,
        "Total Revenue": NaN,
        "Gross Profit": NaN,
        "Operating Income": 1,
        "EBIT": 0,
        "Net Income": -2
    },
    "2019-09-30": {
        "Diluted EPS": -3.5,
        "Total Revenue": 0,
        "Gross Profit": 0,
        "Operating Income": 0,
        "EBIT": 0,
        "Net Income": -1
    },
    "2019-06-30": {
        "Diluted EPS": -5.5,
        "Total Revenue": 0,
        "Gross Profit": 0,
        "Operating Income": -1,
        "EBIT": -1,
        "Net Income": -1
    },
    "2019-03-31": {
        "Diluted EPS": -3.5,
        "Total Revenue": NaN,
        "Gross Profit": NaN,
        "Operating Income": 0,
        "EBIT": 0,
        "Net Income": -1
    },
    "2018-12-31": {
        "Diluted EPS": -95.5,
        "Total Revenue": NaN,
        "Gross Profit": NaN,
        "Operating Income": 4,
        "EBIT": 4,
        "Net Income": -14
    },
    "2018-09-30": {
        "Diluted EPS": -2.0,
        "Total Revenue": 1,
        "Gross Profit": 0,
        "Operating Income": 0,
        "EBIT": 0,
        "Net Income": 0
    },
    "2018-06-30": {
        "Diluted EPS": -11.0,
        "Total Revenue": 1,
        "Gross Profit": 0,
        "Operating Income": -2,
        "EBIT": -1,
        "Net Income": -2
    },
    "2018-03-31": {
        "Diluted EPS": -3.5,
        "Total Revenue": 0,
        "Gross Profit": 0,
        "Operating Income": 0,
        "EBIT": 0,
        "Net Income": -1
    },
    "2017-12-31": {
        "Diluted EPS": -3.0,
        "Total Revenue": 5,
        "Gross Profit": 0,
        "Operating Income": 0,
        "EBIT": 0,
        "Net Income": 0
    },
    "2017-09-30": {
        "Diluted EPS": -3.0,
        "Total Revenue": 1,
        "Gross Profit": 0,
        "Operating Income": 0,
        "EBIT": 0,
        "Net Income": 0
    },
    "2017-06-30": {
        "Diluted EPS": -2.0,
        "Total Revenue": 2,
        "Gross Profit": 0,
        "Operating Income": 0,
        "EBIT": 0,
        "Net Income": 0
    },
    "2017-03-31": {
        "Diluted EPS": -3.0,
        "Total Revenue": 1,
        "Gross Profit": 0,
        "Operating Income": 0,
        "EBIT": 0,
        "Net Income": 0
    },
    "2016-12-31": {
        "Diluted EPS": -5.0,
        "Total Revenue": 2,
        "Gross Profit": 0,
        "Operating Income": -1,
        "EBIT": 0,
        "Net Income": -1
    },
    "2016-09-30": {
        "Diluted EPS": -3.0,
        "Total Revenue": 1,
        "Gross Profit": 0,
        "Operating Income": 0,
        "EBIT": 0,
        "Net Income": 0
    },
    "2016-06-30": {
        "Diluted EPS": -2.0,
        "Total Revenue": 1,
        "Gross Profit": 0,
        "Operating Income": 0,
        "EBIT": 0,
        "Net Income": 0
    },
    "2016-03-31": {
        "Diluted EPS": -4.0,
        "Total Revenue": 2,
        "Gross Profit": 0,
        "Operating Income": 0,
        "EBIT": 0,
        "Net Income": -1
    },
    "2015-12-31": {
        "Diluted EPS": -5.5,
        "Total Revenue": 2,
        "Gross Profit": 0,
        "Operating Income": -1,
        "EBIT": 0,
        "Net Income": -1
    },
    "2015-09-30": {
        "Diluted EPS": 0.0,
        "Total Revenue": 3,
        "Gross Profit": 0,
        "Operating Income": 0,
        "EBIT": 0,
        "Net Income": 0
    },
    "2015-06-30": {
        "Diluted EPS": -1.0,
        "Total Revenue": 1,
        "Gross Profit": 0,
        "Operating Income": 0,
        "EBIT": 0,
        "Net Income": 0
    },
    "2015-03-31": {
        "Diluted EPS": -1.0,
        "Total Revenue": 1,
        "Gross Profit": 0,
        "Operating Income": 0,
        "EBIT": 0,
        "Net Income": 0
    },
    "2014-12-31": {
        "Diluted EPS": -4.0,
        "Total Revenue": 4,
        "Gross Profit": 0,
        "Operating Income": -1,
        "EBIT": 0,
        "Net Income": 0
    },
    "2014-09-30": {
        "Diluted EPS": 3.0,
        "Total Revenue": 3,
        "Gross Profit": 1,
        "Operating Income": 0,
        "EBIT": 1,
        "Net Income": 0
    },
    "2014-06-30": {
        "Diluted EPS": -3.5,
        "Total Revenue": 2,
        "Gross Profit": 0,
        "Operating Income": 0,
        "EBIT": 0,
        "Net Income": 0
    },
    "2014-03-31": {
        "Diluted EPS": -1.0,
        "Total Revenue": 2,
        "Gross Profit": 0,
        "Operating Income": 0,
        "EBIT": 0,
        "Net Income": 0
    },
    "2013-12-31": {
        "Diluted EPS": -2.0,
        "Total Revenue": 2,
        "Gross Profit": 0,
        "Operating Income": 0,
        "EBIT": 0,
        "Net Income": 0
    },
    "2013-09-30": {
        "Diluted EPS": 0.0,
        "Total Revenue": 1,
        "Gross Profit": 0,
        "Operating Income": 0,
        "EBIT": 0,
        "Net Income": 0
    },
    "2013-06-30": {
        "Diluted EPS": 0.5,
        "Total Revenue": 1,
        "Gross Profit": 0,
        "Operating Income": 0,
        "EBIT": 0,
        "Net Income": 0
    },
    "2013-03-31": {
        "Diluted EPS": 0.0,
        "Total Revenue": 1,
        "Gross Profit": 0,
        "Operating Income": 0,
        "EBIT": 0,
        "Net Income": 0
    },
    "2012-12-31": {
        "Diluted EPS": 0.0,
        "Total Revenue": 3,
        "Gross Profit": 1,
        "Operating Income": 0,
        "EBIT": 0,
        "Net Income": 0
    },
    "2012-09-30": {
        "Diluted EPS": 0.0,
        "Total Revenue": 2,
        "Gross Profit": 0,
        "Operating Income": 0,
        "EBIT": 0,
        "Net Income": 0
    },
    "2012-06-30": {
        "Diluted EPS": 0.0,
        "Total Revenue": 3,
        "Gross Profit": 1,
        "Operating Income": 0,
        "EBIT": 0,
        "Net Income": 0
    },
    "2012-03-31": {
        "Diluted EPS": 0.0,
        "Total Revenue": 1,
        "Gross Profit": 0,
        "Operating Income": 0,
        "EBIT": 0,
        "Net Income": 0
    },
    "2011-12-31": {
        "Diluted EPS": 11.0,
        "Total Revenue": 5,
        "Gross Profit": 2,
        "Operating Income": 1,
        "EBIT": 2,
        "Net Income": 1
    },
    "2011-09-30": {
        "Diluted EPS": 0.5,
        "Total Revenue": 3,
        "Gross Profit": 0,
        "Operating Income": 0,
        "EBIT": 0,
        "Net Income": 0
    },
    "2011-06-30": {
        "Diluted EPS": 4.5,
        "Total Revenue": 5,
        "Gross Profit": 1,
        "Operating Income": 1,
        "EBIT": 1,
        "Net Income": 0
    },
    "2011-03-31": {
        "Diluted EPS": 2.5,
        "Total Revenue": 3,
        "Gross Profit": 1,
        "Operating Income": 0,
        "EBIT": 1,
        "Net Income": 0
    },
    "2010-12-31": {
        "Diluted EPS": 4.5,
        "Total Revenue": 7,
        "Gross Profit": 1,
        "Operating Income": 1,
        "EBIT": 1,
        "Net Income": 1
    },
    "2010-09-30": {
        "Diluted EPS": 19.0,
        "Total Revenue": 8,
        "Gross Profit": 3,
        "Operating Income": 3,
        "EBIT": 3,
        "Net Income": 2
    },
    "2010-06-30": {
        "Diluted EPS": 0.0,
        "Total Revenue": 7,
        "Gross Profit": 2,
        "Operating Income": 2,
        "EBIT": 2,
        "Net Income": 1
    },
    "2010-03-31": {
        "Diluted EPS": 0.0,
        "Total Revenue": 3,
        "Gross Profit": 1,
        "Operating Income": 1,
        "EBIT": 1,
        "Net Income": 0
    },
    "2009-12-31": {
        "Diluted EPS": 0.0,
        "Total Revenue": 5,
        "Gross Profit": 2,
        "Operating Income": 2,
        "EBIT": 2,
        "Net Income": 1
    },
    "2009-09-30": {
        "Diluted EPS": 0.0,
        "Total Revenue": 8,
        "Gross Profit": 3,
        "Operating Income": 3,
        "EBIT": 3,
        "Net Income": 2
    },
    "2009-06-30": {
        "Diluted EPS": 0.0,
        "Total Revenue": 5,
        "Gross Profit": 2,
        "Operating Income": 1,
        "EBIT": 1,
        "Net Income": 1
    },
    "2009-03-31": {
        "Diluted EPS": 0.0,
        "Total Revenue": 2,
        "Gross Profit": 1,
        "Operating Income": 0,
        "EBIT": 1,
        "Net Income": 0
    },
    "2023-06-30": {
        "Tax Effect Of Unusual Items": 0.0,
        "Tax Rate For Calcs": 0.0,
        "Normalized EBITDA": 1348957.0,
        "Total Unusual Items": -65159.0,
        "Total Unusual Items Excluding Goodwill": -65159.0,
        "Net Income From Continuing Operation Net Minority Interest": 1173918.0,
        "Reconciled Depreciation": 74813.0,
        "Reconciled Cost Of Revenue": 2673586.0,
        "EBITDA": 1283798.0,
        "EBIT": 1208985.0,
        "Net Interest Income": -34547.0,
        "Interest Expense": 34615.0,
        "Interest Income": 68.0,
        "Normalized Income": 1239077.0,
        "Net Income From Continuing And Discontinued Operation": 1054125.0,
        "Total Expenses": 4258222.0,
        "Total Operating Income As Reported": 1299444.0,
        "Diluted Average Shares": 4596440.0,
        "Basic Average Shares": 4596440.0,
        "Diluted EPS": 0.23,
        "Basic EPS": 0.23,
        "Diluted NI Availto Com Stockholders": 1054125.0,
        "Net Income Common Stockholders": 1054125.0,
        "Net Income": 1054125.0,
        "Minority Interests": -272.0,
        "Net Income Including Noncontrolling Interests": 1054397.0,
        "Net Income Discontinuous Operations": -119793.0,
        "Net Income Continuous Operations": 1174370.0,
        "Tax Provision": 0.0,
        "Pretax Income": 1174370.0,
        "Other Income Expense": -90527.0,
        "Other Non Operating Income Expenses": -25368.0,
        "Special Income Charges": NaN,
        "Gain On Sale Of Business": NaN,
        "Impairment Of Capital Assets": NaN,
        "Gain On Sale Of Security": -65159.0,
        "Net Non Operating Interest Income Expense": -34547.0,
        "Interest Expense Non Operating": 34615.0,
        "Interest Income Non Operating": 68.0,
        "Operating Income": 1299444.0,
        "Operating Expense": 1584636.0,
        "Selling General And Administration": 1584636.0,
        "Selling And Marketing Expense": 236155.0,
        "General And Administrative Expense": 1348481.0,
        "Other Gand A": 1348481.0,
        "Gross Profit": 2884080.0,
        "Cost Of Revenue": 2673586.0,
        "Total Revenue": 5557666.0,
        "Operating Revenue": 5557666.0
    },
    "2023-09-30": {
        "Tax Effect Of Unusual Items": 0.0,
        "Tax Rate For Calcs": 0.0,
        "Normalized EBITDA": -3203958.0,
        "Total Unusual Items": 105763.0,
        "Total Unusual Items Excluding Goodwill": 105763.0,
        "Net Income From Continuing Operation Net Minority Interest": -3012527.0,
        "Reconciled Depreciation": -17361.0,
        "Reconciled Cost Of Revenue": 2408038.0,
        "EBITDA": -3098195.0,
        "EBIT": -3098195.0,
        "Net Interest Income": -35824.0,
        "Interest Expense": 35877.0,
        "Interest Income": 53.0,
        "Normalized Income": -3118290.0,
        "Net Income From Continuing And Discontinued Operation": -3129245.0,
        "Total Expenses": 5672889.0,
        "Total Operating Income As Reported": -3149696.0,
        "Diluted Average Shares": 6429980.0,
        "Basic Average Shares": 6429980.0,
        "Diluted EPS": -0.51,
        "Basic EPS": -0.51,
        "Diluted NI Availto Com Stockholders": -3129245.0,
        "Net Income Common Stockholders": -3129245.0,
        "Net Income": -3129245.0,
        "Minority Interests": 121545.0,
        "Net Income Including Noncontrolling Interests": -3250790.0,
        "Net Income Discontinuous Operations": -116718.0,
        "Net Income Continuous Operations": -3134072.0,
        "Tax Provision": 0.0,
        "Pretax Income": -3134072.0,
        "Other Income Expense": 51448.0,
        "Other Non Operating Income Expenses": -54315.0,
        "Special Income Charges": 107101.0,
        "Gain On Sale Of Business": 107101.0,
        "Impairment Of Capital Assets": NaN,
        "Gain On Sale Of Security": -1338.0,
        "Net Non Operating Interest Income Expense": -35824.0,
        "Interest Expense Non Operating": 35877.0,
        "Interest Income Non Operating": 53.0,
        "Operating Income": -3149696.0,
        "Operating Expense": 3264851.0,
        "Selling General And Administration": 3264851.0,
        "Selling And Marketing Expense": 171763.0,
        "General And Administrative Expense": 3093088.0,
        "Other Gand A": 3093088.0,
        "Gross Profit": 115155.0,
        "Cost Of Revenue": 2408038.0,
        "Total Revenue": 2523193.0,
        "Operating Revenue": 2523193.0
    }
}