{
    "2023-03-31": {
        "Tax Effect Of Unusual Items": NaN,
        "Tax Rate For Calcs": NaN,
        "Normalized EBITDA": NaN,
        "Total Unusual Items": NaN,
        "Total Unusual Items Excluding Goodwill": NaN,
        "Net Income From Continuing Operation Net Minority Interest": NaN,
        "Reconciled Depreciation": NaN,
        "Reconciled Cost Of Revenue": NaN,
        "EBITDA": NaN,
        "EBIT": NaN,
        "Net Interest Income": NaN,
        "Interest Expense": NaN,
        "Normalized Income": NaN,
        "Net Income From Continuing And Discontinued Operation": NaN,
        "Total Expenses": NaN,
        "Diluted Average Shares": 110604400.0,
        "Basic Average Shares": 110604400.0,
        "Diluted EPS": -2.721411,
        "Basic EPS": -2.721411,
        "Diluted NI Availto Com Stockholders": NaN,
        "Net Income Common Stockholders": NaN,
        "Net Income": NaN,
        "Minority Interests": NaN,
        "Net Income Including Noncontrolling Interests": NaN,
        "Net Income Continuous Operations": NaN,
        "Tax Provision": NaN,
        "Pretax Income": NaN,
        "Other Income Expense": NaN,
        "Other Non Operating Income Expenses": NaN,
        "Earnings From Equity Interest": NaN,
        "Gain On Sale Of Security": NaN,
        "Net Non Operating Interest Income Expense": NaN,
        "Interest Expense Non Operating": NaN,
        "Operating Income": NaN,
        "Operating Expense": NaN,
        "Selling General And Administration": NaN,
        "General And Administrative Expense": NaN,
        "Other Gand A": NaN,
        "Gross Profit": NaN,
        "Cost Of Revenue": NaN,
        "Total Revenue": NaN,
        "Operating Revenue": NaN
    },
    "2022-12-31": {
        "Tax Effect Of Unusual Items": NaN,
        "Tax Rate For Calcs": NaN,
        "Normalized EBITDA": NaN,
        "Total Unusual Items": NaN,
        "Total Unusual Items Excluding Goodwill": NaN,
        "Net Income From Continuing Operation Net Minority Interest": NaN,
        "Reconciled Depreciation": NaN,
        "Reconciled Cost Of Revenue": NaN,
        "EBITDA": NaN,
        "EBIT": NaN,
        "Net Interest Income": NaN,
        "Interest Expense": NaN,
        "Normalized Income": NaN,
        "Net Income From Continuing And Discontinued Operation": NaN,
        "Total Expenses": NaN,
        "Diluted Average Shares": 110567671.0,
        "Basic Average Shares": 110567671.0,
        "Diluted EPS": 5.109993,
        "Basic EPS": 5.109993,
        "Diluted NI Availto Com Stockholders": NaN,
        "Net Income Common Stockholders": NaN,
        "Net Income": NaN,
        "Minority Interests": NaN,
        "Net Income Including Noncontrolling Interests": NaN,
        "Net Income Continuous Operations": NaN,
        "Tax Provision": NaN,
        "Pretax Income": NaN,
        "Other Income Expense": NaN,
        "Other Non Operating Income Expenses": NaN,
        "Earnings From Equity Interest": NaN,
        "Gain On Sale Of Security": NaN,
        "Net Non Operating Interest Income Expense": NaN,
        "Interest Expense Non Operating": NaN,
        "Operating Income": NaN,
        "Operating Expense": NaN,
        "Selling General And Administration": NaN,
        "General And Administrative Expense": NaN,
        "Other Gand A": NaN,
        "Gross Profit": NaN,
        "Cost Of Revenue": NaN,
        "Total Revenue": NaN,
        "Operating Revenue": NaN
    },
    "2022-09-30": {
        "Tax Effect Of Unusual Items": -7771144.278607,
        "Tax Rate For Calcs": 0.176617,
        "Normalized EBITDA": 644000000.0,
        "Total Unusual Items": -44000000.0,
        "Total Unusual Items Excluding Goodwill": -44000000.0,
        "Net Income From Continuing Operation Net Minority Interest": 229000000.0,
        "Reconciled Depreciation": 51000000.0,
        "Reconciled Cost Of Revenue": 121000000.0,
        "EBITDA": 600000000.0,
        "EBIT": 549000000.0,
        "Net Interest Income": -147000000.0,
        "Interest Expense": 147000000.0,
        "Normalized Income": 265228855.721393,
        "Net Income From Continuing And Discontinued Operation": 229000000.0,
        "Total Expenses": 138000000.0,
        "Diluted Average Shares": 110513085.0,
        "Basic Average Shares": 110513085.0,
        "Diluted EPS": 2.072153,
        "Basic EPS": 2.072153,
        "Diluted NI Availto Com Stockholders": 229000000.0,
        "Net Income Common Stockholders": 229000000.0,
        "Net Income": 229000000.0,
        "Minority Interests": -102000000.0,
        "Net Income Including Noncontrolling Interests": 331000000.0,
        "Net Income Continuous Operations": 331000000.0,
        "Tax Provision": 71000000.0,
        "Pretax Income": 402000000.0,
        "Other Income Expense": 233000000.0,
        "Other Non Operating Income Expenses": 269000000.0,
        "Earnings From Equity Interest": 8000000.0,
        "Gain On Sale Of Security": -44000000.0,
        "Net Non Operating Interest Income Expense": -147000000.0,
        "Interest Expense Non Operating": 147000000.0,
        "Operating Income": 316000000.0,
        "Operating Expense": 17000000.0,
        "Selling General And Administration": 17000000.0,
        "General And Administrative Expense": 17000000.0,
        "Other Gand A": 17000000.0,
        "Gross Profit": 333000000.0,
        "Cost Of Revenue": 121000000.0,
        "Total Revenue": 454000000.0,
        "Operating Revenue": 448000000.0
    },
    "2022-06-30": {
        "Tax Effect Of Unusual Items": -2000000.0,
        "Tax Rate For Calcs": 0.4,
        "Normalized EBITDA": 1043000000.0,
        "Total Unusual Items": -5000000.0,
        "Total Unusual Items Excluding Goodwill": -5000000.0,
        "Net Income From Continuing Operation Net Minority Interest": 673000000.0,
        "Reconciled Depreciation": 54000000.0,
        "Reconciled Cost Of Revenue": 131000000.0,
        "EBITDA": 1038000000.0,
        "EBIT": 984000000.0,
        "Net Interest Income": -143000000.0,
        "Interest Expense": 143000000.0,
        "Normalized Income": 676000000.0,
        "Net Income From Continuing And Discontinued Operation": 673000000.0,
        "Total Expenses": 148000000.0,
        "Diluted Average Shares": 110468803.0,
        "Basic Average Shares": 110468803.0,
        "Diluted EPS": 6.092218,
        "Basic EPS": 6.092218,
        "Diluted NI Availto Com Stockholders": 673000000.0,
        "Net Income Common Stockholders": 673000000.0,
        "Net Income": 673000000.0,
        "Minority Interests": -169000000.0,
        "Net Income Including Noncontrolling Interests": 842000000.0,
        "Net Income Continuous Operations": 842000000.0,
        "Tax Provision": -1000000.0,
        "Pretax Income": 841000000.0,
        "Other Income Expense": 653000000.0,
        "Other Non Operating Income Expenses": 656000000.0,
        "Earnings From Equity Interest": 2000000.0,
        "Gain On Sale Of Security": -5000000.0,
        "Net Non Operating Interest Income Expense": -143000000.0,
        "Interest Expense Non Operating": 143000000.0,
        "Operating Income": 331000000.0,
        "Operating Expense": 17000000.0,
        "Selling General And Administration": 17000000.0,
        "General And Administrative Expense": 17000000.0,
        "Other Gand A": 17000000.0,
        "Gross Profit": 348000000.0,
        "Cost Of Revenue": 131000000.0,
        "Total Revenue": 479000000.0,
        "Operating Revenue": 474000000.0
    },
    "2023-06-30": {
        "Tax Effect Of Unusual Items": NaN,
        "Tax Rate For Calcs": NaN,
        "Normalized EBITDA": NaN,
        "Total Unusual Items": NaN,
        "Total Unusual Items Excluding Goodwill": NaN,
        "Net Income From Continuing Operation Net Minority Interest": NaN,
        "Reconciled Depreciation": NaN,
        "Reconciled Cost Of Revenue": NaN,
        "EBITDA": NaN,
        "EBIT": NaN,
        "Net Interest Income": NaN,
        "Interest Expense": NaN,
        "Normalized Income": NaN,
        "Net Income From Continuing And Discontinued Operation": NaN,
        "Total Expenses": NaN,
        "Diluted Average Shares": 110683830.0,
        "Basic Average Shares": 110683830.0,
        "Diluted EPS": -2.47552,
        "Basic EPS": -2.47552,
        "Diluted NI Availto Com Stockholders": NaN,
        "Net Income Common Stockholders": NaN,
        "Net Income": NaN,
        "Minority Interests": NaN,
        "Net Income Including Noncontrolling Interests": NaN,
        "Net Income Continuous Operations": NaN,
        "Tax Provision": NaN,
        "Pretax Income": NaN,
        "Other Income Expense": NaN,
        "Other Non Operating Income Expenses": NaN,
        "Earnings From Equity Interest": NaN,
        "Gain On Sale Of Security": NaN,
        "Net Non Operating Interest Income Expense": NaN,
        "Interest Expense Non Operating": NaN,
        "Operating Income": NaN,
        "Operating Expense": NaN,
        "Selling General And Administration": NaN,
        "General And Administrative Expense": NaN,
        "Other Gand A": NaN,
        "Gross Profit": NaN,
        "Cost Of Revenue": NaN,
        "Total Revenue": NaN,
        "Operating Revenue": NaN
    },
    "2023-09-30": {
        "Tax Effect Of Unusual Items": NaN,
        "Tax Rate For Calcs": NaN,
        "Normalized EBITDA": NaN,
        "Total Unusual Items": NaN,
        "Total Unusual Items Excluding Goodwill": NaN,
        "Net Income From Continuing Operation Net Minority Interest": NaN,
        "Reconciled Depreciation": NaN,
        "Reconciled Cost Of Revenue": NaN,
        "EBITDA": NaN,
        "EBIT": NaN,
        "Net Interest Income": NaN,
        "Interest Expense": NaN,
        "Normalized Income": NaN,
        "Net Income From Continuing And Discontinued Operation": NaN,
        "Total Expenses": NaN,
        "Diluted Average Shares": 131799687.0,
        "Basic Average Shares": 131799687.0,
        "Diluted EPS": 6.927179,
        "Basic EPS": 6.927179,
        "Diluted NI Availto Com Stockholders": NaN,
        "Net Income Common Stockholders": NaN,
        "Net Income": NaN,
        "Minority Interests": NaN,
        "Net Income Including Noncontrolling Interests": NaN,
        "Net Income Continuous Operations": NaN,
        "Tax Provision": NaN,
        "Pretax Income": NaN,
        "Other Income Expense": NaN,
        "Other Non Operating Income Expenses": NaN,
        "Earnings From Equity Interest": NaN,
        "Gain On Sale Of Security": NaN,
        "Net Non Operating Interest Income Expense": NaN,
        "Interest Expense Non Operating": NaN,
        "Operating Income": NaN,
        "Operating Expense": NaN,
        "Selling General And Administration": NaN,
        "General And Administrative Expense": NaN,
        "Other Gand A": NaN,
        "Gross Profit": NaN,
        "Cost Of Revenue": NaN,
        "Total Revenue": NaN,
        "Operating Revenue": NaN
    },
    "2023-12-31": {
        "Tax Effect Of Unusual Items": NaN,
        "Tax Rate For Calcs": NaN,
        "Normalized EBITDA": NaN,
        "Total Unusual Items": NaN,
        "Total Unusual Items Excluding Goodwill": NaN,
        "Net Income From Continuing Operation Net Minority Interest": NaN,
        "Reconciled Depreciation": NaN,
        "Reconciled Cost Of Revenue": NaN,
        "EBITDA": NaN,
        "EBIT": NaN,
        "Net Interest Income": NaN,
        "Interest Expense": NaN,
        "Normalized Income": NaN,
        "Net Income From Continuing And Discontinued Operation": NaN,
        "Total Expenses": NaN,
        "Diluted Average Shares": NaN,
        "Basic Average Shares": NaN,
        "Diluted EPS": NaN,
        "Basic EPS": NaN,
        "Diluted NI Availto Com Stockholders": NaN,
        "Net Income Common Stockholders": NaN,
        "Net Income": NaN,
        "Minority Interests": NaN,
        "Net Income Including Noncontrolling Interests": NaN,
        "Net Income Continuous Operations": NaN,
        "Tax Provision": NaN,
        "Pretax Income": NaN,
        "Other Income Expense": NaN,
        "Other Non Operating Income Expenses": NaN,
        "Earnings From Equity Interest": 0.0,
        "Gain On Sale Of Security": NaN,
        "Net Non Operating Interest Income Expense": NaN,
        "Interest Expense Non Operating": NaN,
        "Operating Income": NaN,
        "Operating Expense": NaN,
        "Selling General And Administration": NaN,
        "General And Administrative Expense": NaN,
        "Other Gand A": NaN,
        "Gross Profit": NaN,
        "Cost Of Revenue": NaN,
        "Total Revenue": NaN,
        "Operating Revenue": NaN
    },
    "2024-03-31": {
        "Tax Effect Of Unusual Items": NaN,
        "Tax Rate For Calcs": NaN,
        "Normalized EBITDA": NaN,
        "Total Unusual Items": NaN,
        "Total Unusual Items Excluding Goodwill": NaN,
        "Net Income From Continuing Operation Net Minority Interest": NaN,
        "Reconciled Depreciation": NaN,
        "Reconciled Cost Of Revenue": NaN,
        "EBITDA": NaN,
        "EBIT": NaN,
        "Net Interest Income": NaN,
        "Interest Expense": NaN,
        "Normalized Income": NaN,
        "Net Income From Continuing And Discontinued Operation": NaN,
        "Total Expenses": NaN,
        "Diluted Average Shares": 131909617.0,
        "Basic Average Shares": 131909617.0,
        "Diluted EPS": 0.212267,
        "Basic EPS": 0.212267,
        "Diluted NI Availto Com Stockholders": NaN,
        "Net Income Common Stockholders": NaN,
        "Net Income": NaN,
        "Minority Interests": NaN,
        "Net Income Including Noncontrolling Interests": NaN,
        "Net Income Continuous Operations": NaN,
        "Tax Provision": NaN,
        "Pretax Income": NaN,
        "Other Income Expense": NaN,
        "Other Non Operating Income Expenses": NaN,
        "Earnings From Equity Interest": 0.0,
        "Gain On Sale Of Security": NaN,
        "Net Non Operating Interest Income Expense": NaN,
        "Interest Expense Non Operating": NaN,
        "Operating Income": NaN,
        "Operating Expense": NaN,
        "Selling General And Administration": NaN,
        "General And Administrative Expense": NaN,
        "Other Gand A": NaN,
        "Gross Profit": NaN,
        "Cost Of Revenue": NaN,
        "Total Revenue": NaN,
        "Operating Revenue": NaN
    },
    "2024-06-30": {
        "Tax Effect Of Unusual Items": -2001347.708895,
        "Tax Rate For Calcs": 0.133423,
        "Normalized EBITDA": 1207000000.0,
        "Total Unusual Items": -15000000.0,
        "Total Unusual Items Excluding Goodwill": -15000000.0,
        "Net Income From Continuing Operation Net Minority Interest": 491000000.0,
        "Reconciled Depreciation": 191000000.0,
        "Reconciled Cost Of Revenue": 329000000.0,
        "EBITDA": 1192000000.0,
        "EBIT": 1001000000.0,
        "Net Interest Income": -259000000.0,
        "Interest Expense": 259000000.0,
        "Normalized Income": 503998652.291105,
        "Net Income From Continuing And Discontinued Operation": 491000000.0,
        "Total Expenses": 346000000.0,
        "Diluted Average Shares": 131991112.0,
        "Basic Average Shares": 131991112.0,
        "Diluted EPS": 3.719947,
        "Basic EPS": 3.719947,
        "Diluted NI Availto Com Stockholders": 491000000.0,
        "Net Income Common Stockholders": 491000000.0,
        "Net Income": 491000000.0,
        "Minority Interests": -152000000.0,
        "Net Income Including Noncontrolling Interests": 643000000.0,
        "Net Income Continuous Operations": 643000000.0,
        "Tax Provision": 99000000.0,
        "Pretax Income": 742000000.0,
        "Other Income Expense": 439000000.0,
        "Other Non Operating Income Expenses": 454000000.0,
        "Earnings From Equity Interest": 0.0,
        "Gain On Sale Of Security": -15000000.0,
        "Net Non Operating Interest Income Expense": -259000000.0,
        "Interest Expense Non Operating": 259000000.0,
        "Operating Income": 562000000.0,
        "Operating Expense": 17000000.0,
        "Selling General And Administration": 17000000.0,
        "General And Administrative Expense": 17000000.0,
        "Other Gand A": 17000000.0,
        "Gross Profit": 579000000.0,
        "Cost Of Revenue": 329000000.0,
        "Total Revenue": 908000000.0,
        "Operating Revenue": 908000000.0
    },
    "2024-09-30": {
        "Tax Effect Of Unusual Items": 6460000.0,
        "Tax Rate For Calcs": 0.34,
        "Normalized EBITDA": -279000000.0,
        "Total Unusual Items": 19000000.0,
        "Total Unusual Items Excluding Goodwill": 19000000.0,
        "Net Income From Continuing Operation Net Minority Interest": -977000000.0,
        "Reconciled Depreciation": 194000000.0,
        "Reconciled Cost Of Revenue": 339000000.0,
        "EBITDA": -260000000.0,
        "EBIT": -454000000.0,
        "Net Interest Income": -269000000.0,
        "Interest Expense": 269000000.0,
        "Normalized Income": -989540000.0,
        "Net Income From Continuing And Discontinued Operation": -977000000.0,
        "Total Expenses": 360000000.0,
        "Diluted Average Shares": 132023562.0,
        "Basic Average Shares": 132023562.0,
        "Diluted EPS": -7.400194,
        "Basic EPS": -7.400194,
        "Diluted NI Availto Com Stockholders": -977000000.0,
        "Net Income Common Stockholders": -977000000.0,
        "Net Income": -977000000.0,
        "Minority Interests": -169000000.0,
        "Net Income Including Noncontrolling Interests": -808000000.0,
        "Net Income Continuous Operations": -808000000.0,
        "Tax Provision": 85000000.0,
        "Pretax Income": -723000000.0,
        "Other Income Expense": -1006000000.0,
        "Other Non Operating Income Expenses": -1025000000.0,
        "Earnings From Equity Interest": 0.0,
        "Gain On Sale Of Security": 19000000.0,
        "Net Non Operating Interest Income Expense": -269000000.0,
        "Interest Expense Non Operating": 269000000.0,
        "Operating Income": 552000000.0,
        "Operating Expense": 21000000.0,
        "Selling General And Administration": 21000000.0,
        "General And Administrative Expense": 21000000.0,
        "Other Gand A": 21000000.0,
        "Gross Profit": 573000000.0,
        "Cost Of Revenue": 339000000.0,
        "Total Revenue": 912000000.0,
        "Operating Revenue": 912000000.0
    },
    "2024-12-31": {
        "Tax Effect Of Unusual Items": -33660000.0,
        "Tax Rate For Calcs": 0.34,
        "Normalized EBITDA": 714000000.0,
        "Total Unusual Items": -99000000.0,
        "Total Unusual Items Excluding Goodwill": -99000000.0,
        "Net Income From Continuing Operation Net Minority Interest": -150000000.0,
        "Reconciled Depreciation": 195000000.0,
        "Reconciled Cost Of Revenue": 371000000.0,
        "EBITDA": 615000000.0,
        "EBIT": 420000000.0,
        "Net Interest Income": -298000000.0,
        "Interest Expense": 298000000.0,
        "Normalized Income": -84660000.0,
        "Net Income From Continuing And Discontinued Operation": -150000000.0,
        "Total Expenses": 390000000.0,
        "Diluted Average Shares": NaN,
        "Basic Average Shares": NaN,
        "Diluted EPS": NaN,
        "Basic EPS": NaN,
        "Diluted NI Availto Com Stockholders": -150000000.0,
        "Net Income Common Stockholders": -150000000.0,
        "Net Income": -150000000.0,
        "Minority Interests": -190000000.0,
        "Net Income Including Noncontrolling Interests": 40000000.0,
        "Net Income Continuous Operations": 40000000.0,
        "Tax Provision": 82000000.0,
        "Pretax Income": 122000000.0,
        "Other Income Expense": -134000000.0,
        "Other Non Operating Income Expenses": -35000000.0,
        "Earnings From Equity Interest": 0.0,
        "Gain On Sale Of Security": -99000000.0,
        "Net Non Operating Interest Income Expense": -298000000.0,
        "Interest Expense Non Operating": 298000000.0,
        "Operating Income": 554000000.0,
        "Operating Expense": 19000000.0,
        "Selling General And Administration": 19000000.0,
        "General And Administrative Expense": 19000000.0,
        "Other Gand A": 19000000.0,
        "Gross Profit": 573000000.0,
        "Cost Of Revenue": 371000000.0,
        "Total Revenue": 944000000.0,
        "Operating Revenue": 907000000.0
    },
    "2025-03-31": {
        "Tax Effect Of Unusual Items": -110851.808635,
        "Tax Rate For Calcs": 0.110852,
        "Normalized EBITDA": 1326000000.0,
        "Total Unusual Items": -1000000.0,
        "Total Unusual Items Excluding Goodwill": -1000000.0,
        "Net Income From Continuing Operation Net Minority Interest": 389000000.0,
        "Reconciled Depreciation": 195000000.0,
        "Reconciled Cost Of Revenue": 355000000.0,
        "EBITDA": 1325000000.0,
        "EBIT": 1130000000.0,
        "Net Interest Income": -273000000.0,
        "Interest Expense": 273000000.0,
        "Normalized Income": 389889148.191365,
        "Net Income From Continuing And Discontinued Operation": 389000000.0,
        "Total Expenses": 374000000.0,
        "Diluted Average Shares": 119024080.0,
        "Basic Average Shares": 119024080.0,
        "Diluted EPS": 3.268246,
        "Basic EPS": 3.268246,
        "Diluted NI Availto Com Stockholders": 389000000.0,
        "Net Income Common Stockholders": 389000000.0,
        "Net Income": 389000000.0,
        "Minority Interests": -373000000.0,
        "Net Income Including Noncontrolling Interests": 762000000.0,
        "Net Income Continuous Operations": 762000000.0,
        "Tax Provision": 95000000.0,
        "Pretax Income": 857000000.0,
        "Other Income Expense": 575000000.0,
        "Other Non Operating Income Expenses": 576000000.0,
        "Earnings From Equity Interest": NaN,
        "Gain On Sale Of Security": -1000000.0,
        "Net Non Operating Interest Income Expense": -273000000.0,
        "Interest Expense Non Operating": 273000000.0,
        "Operating Income": 555000000.0,
        "Operating Expense": 19000000.0,
        "Selling General And Administration": 19000000.0,
        "General And Administrative Expense": 19000000.0,
        "Other Gand A": 19000000.0,
        "Gross Profit": 574000000.0,
        "Cost Of Revenue": 355000000.0,
        "Total Revenue": 929000000.0,
        "Operating Revenue": 920000000.0
    },
    "2025-06-30": {
        "Tax Effect Of Unusual Items": 24140000.0,
        "Tax Rate For Calcs": 0.34,
        "Normalized EBITDA": 142000000.0,
        "Total Unusual Items": 71000000.0,
        "Total Unusual Items Excluding Goodwill": 71000000.0,
        "Net Income From Continuing Operation Net Minority Interest": -477000000.0,
        "Reconciled Depreciation": 153000000.0,
        "Reconciled Cost Of Revenue": 303000000.0,
        "EBITDA": 213000000.0,
        "EBIT": 60000000.0,
        "Net Interest Income": -267000000.0,
        "Interest Expense": 267000000.0,
        "Normalized Income": -523860000.0,
        "Net Income From Continuing And Discontinued Operation": -477000000.0,
        "Total Expenses": 323000000.0,
        "Diluted Average Shares": 119051449.0,
        "Basic Average Shares": 119051449.0,
        "Diluted EPS": -4.006671,
        "Basic EPS": -4.006671,
        "Diluted NI Availto Com Stockholders": -477000000.0,
        "Net Income Common Stockholders": -477000000.0,
        "Net Income": -477000000.0,
        "Minority Interests": -168000000.0,
        "Net Income Including Noncontrolling Interests": -309000000.0,
        "Net Income Continuous Operations": -309000000.0,
        "Tax Provision": 102000000.0,
        "Pretax Income": -207000000.0,
        "Other Income Expense": -483000000.0,
        "Other Non Operating Income Expenses": -564000000.0,
        "Earnings From Equity Interest": 10000000.0,
        "Gain On Sale Of Security": 71000000.0,
        "Net Non Operating Interest Income Expense": -267000000.0,
        "Interest Expense Non Operating": 267000000.0,
        "Operating Income": 543000000.0,
        "Operating Expense": 20000000.0,
        "Selling General And Administration": 20000000.0,
        "General And Administrative Expense": 20000000.0,
        "Other Gand A": 20000000.0,
        "Gross Profit": 563000000.0,
        "Cost Of Revenue": 303000000.0,
        "Total Revenue": 866000000.0,
        "Operating Revenue": 866000000.0
    }
}