{
    "2023-03-31": {
        "Tax Effect Of Unusual Items": NaN,
        "Tax Rate For Calcs": NaN,
        "Normalized EBITDA": NaN,
        "Total Unusual Items": NaN,
        "Total Unusual Items Excluding Goodwill": NaN,
        "Net Income From Continuing Operation Net Minority Interest": NaN,
        "Reconciled Depreciation": NaN,
        "Reconciled Cost Of Revenue": NaN,
        "EBITDA": NaN,
        "EBIT": NaN,
        "Net Interest Income": NaN,
        "Interest Expense": NaN,
        "Interest Income": NaN,
        "Normalized Income": NaN,
        "Net Income From Continuing And Discontinued Operation": NaN,
        "Total Expenses": NaN,
        "Total Operating Income As Reported": NaN,
        "Diluted Average Shares": NaN,
        "Basic Average Shares": NaN,
        "Diluted EPS": NaN,
        "Basic EPS": NaN,
        "Diluted NI Availto Com Stockholders": NaN,
        "Net Income Common Stockholders": NaN,
        "Net Income": NaN,
        "Net Income Including Noncontrolling Interests": NaN,
        "Net Income Continuous Operations": NaN,
        "Tax Provision": NaN,
        "Pretax Income": NaN,
        "Other Income Expense": NaN,
        "Other Non Operating Income Expenses": 2695000.0,
        "Special Income Charges": NaN,
        "Gain On Sale Of Ppe": NaN,
        "Other Special Charges": -12835000.0,
        "Write Off": NaN,
        "Impairment Of Capital Assets": NaN,
        "Gain On Sale Of Security": NaN,
        "Net Non Operating Interest Income Expense": NaN,
        "Total Other Finance Cost": NaN,
        "Interest Expense Non Operating": NaN,
        "Interest Income Non Operating": NaN,
        "Operating Income": NaN,
        "Operating Expense": NaN,
        "Other Operating Expenses": NaN,
        "Other Taxes": NaN,
        "Selling General And Administration": NaN,
        "Selling And Marketing Expense": NaN,
        "General And Administrative Expense": NaN,
        "Other Gand A": NaN,
        "Insurance And Claims": NaN,
        "Salaries And Wages": NaN,
        "Gross Profit": NaN,
        "Cost Of Revenue": NaN,
        "Total Revenue": NaN,
        "Operating Revenue": NaN
    },
    "2022-12-31": {
        "Tax Effect Of Unusual Items": NaN,
        "Tax Rate For Calcs": NaN,
        "Normalized EBITDA": NaN,
        "Total Unusual Items": NaN,
        "Total Unusual Items Excluding Goodwill": NaN,
        "Net Income From Continuing Operation Net Minority Interest": NaN,
        "Reconciled Depreciation": NaN,
        "Reconciled Cost Of Revenue": NaN,
        "EBITDA": NaN,
        "EBIT": NaN,
        "Net Interest Income": NaN,
        "Interest Expense": NaN,
        "Interest Income": NaN,
        "Normalized Income": NaN,
        "Net Income From Continuing And Discontinued Operation": NaN,
        "Total Expenses": NaN,
        "Total Operating Income As Reported": NaN,
        "Diluted Average Shares": NaN,
        "Basic Average Shares": NaN,
        "Diluted EPS": NaN,
        "Basic EPS": NaN,
        "Diluted NI Availto Com Stockholders": NaN,
        "Net Income Common Stockholders": NaN,
        "Net Income": NaN,
        "Net Income Including Noncontrolling Interests": NaN,
        "Net Income Continuous Operations": NaN,
        "Tax Provision": NaN,
        "Pretax Income": NaN,
        "Other Income Expense": NaN,
        "Other Non Operating Income Expenses": NaN,
        "Special Income Charges": NaN,
        "Gain On Sale Of Ppe": NaN,
        "Other Special Charges": NaN,
        "Impairment Of Capital Assets": -8903000.0,
        "Gain On Sale Of Security": NaN,
        "Net Non Operating Interest Income Expense": NaN,
        "Total Other Finance Cost": NaN,
        "Interest Expense Non Operating": NaN,
        "Interest Income Non Operating": NaN,
        "Operating Income": NaN,
        "Operating Expense": NaN,
        "Other Operating Expenses": NaN,
        "Other Taxes": NaN,
        "Selling General And Administration": NaN,
        "Selling And Marketing Expense": NaN,
        "General And Administrative Expense": NaN,
        "Other Gand A": NaN,
        "Insurance And Claims": NaN,
        "Salaries And Wages": NaN,
        "Gross Profit": NaN,
        "Cost Of Revenue": NaN,
        "Total Revenue": NaN,
        "Operating Revenue": NaN
    },
    "2022-09-30": {
        "Tax Effect Of Unusual Items": NaN,
        "Tax Rate For Calcs": NaN,
        "Normalized EBITDA": NaN,
        "Total Unusual Items": NaN,
        "Total Unusual Items Excluding Goodwill": NaN,
        "Net Income From Continuing Operation Net Minority Interest": NaN,
        "Reconciled Depreciation": NaN,
        "Reconciled Cost Of Revenue": NaN,
        "EBITDA": NaN,
        "EBIT": NaN,
        "Net Interest Income": NaN,
        "Interest Expense": NaN,
        "Interest Income": NaN,
        "Normalized Income": NaN,
        "Net Income From Continuing And Discontinued Operation": NaN,
        "Total Expenses": NaN,
        "Total Operating Income As Reported": NaN,
        "Diluted Average Shares": NaN,
        "Basic Average Shares": NaN,
        "Diluted EPS": NaN,
        "Basic EPS": NaN,
        "Diluted NI Availto Com Stockholders": NaN,
        "Net Income Common Stockholders": NaN,
        "Net Income": NaN,
        "Net Income Including Noncontrolling Interests": NaN,
        "Net Income Continuous Operations": NaN,
        "Tax Provision": NaN,
        "Pretax Income": NaN,
        "Other Income Expense": NaN,
        "Other Non Operating Income Expenses": NaN,
        "Special Income Charges": NaN,
        "Gain On Sale Of Ppe": NaN,
        "Other Special Charges": NaN,
        "Impairment Of Capital Assets": 84116000.0,
        "Gain On Sale Of Security": NaN,
        "Net Non Operating Interest Income Expense": NaN,
        "Total Other Finance Cost": NaN,
        "Interest Expense Non Operating": NaN,
        "Interest Income Non Operating": NaN,
        "Operating Income": NaN,
        "Operating Expense": NaN,
        "Other Operating Expenses": NaN,
        "Selling General And Administration": NaN,
        "Selling And Marketing Expense": NaN,
        "General And Administrative Expense": NaN,
        "Other Gand A": NaN,
        "Insurance And Claims": NaN,
        "Salaries And Wages": NaN,
        "Gross Profit": NaN,
        "Cost Of Revenue": NaN,
        "Total Revenue": NaN,
        "Operating Revenue": NaN
    },
    "2022-06-30": {
        "Tax Effect Of Unusual Items": -19287.966558,
        "Tax Rate For Calcs": 0.119801,
        "Normalized EBITDA": -138670000.0,
        "Total Unusual Items": -161000.0,
        "Total Unusual Items Excluding Goodwill": -161000.0,
        "Net Income From Continuing Operation Net Minority Interest": -141918000.0,
        "Reconciled Depreciation": 17857000.0,
        "Reconciled Cost Of Revenue": 42202000.0,
        "EBITDA": -138831000.0,
        "EBIT": -156688000.0,
        "Net Interest Income": -4739000.0,
        "Interest Expense": 4546000.0,
        "Normalized Income": -141776287.966558,
        "Net Income From Continuing And Discontinued Operation": -141918000.0,
        "Total Expenses": 120269000.0,
        "Total Operating Income As Reported": -173091000.0,
        "Diluted Average Shares": 203503000.0,
        "Basic Average Shares": 203503000.0,
        "Diluted EPS": -0.7,
        "Basic EPS": -0.7,
        "Diluted NI Availto Com Stockholders": -141918000.0,
        "Net Income Common Stockholders": -141918000.0,
        "Net Income": -141918000.0,
        "Net Income Including Noncontrolling Interests": -141918000.0,
        "Net Income Continuous Operations": -141918000.0,
        "Tax Provision": -19316000.0,
        "Pretax Income": -161234000.0,
        "Other Income Expense": -161000.0,
        "Special Income Charges": -18848000.0,
        "Gain On Sale Of Ppe": -948000.0,
        "Other Special Charges": NaN,
        "Impairment Of Capital Assets": 17900000.0,
        "Gain On Sale Of Security": 18687000.0,
        "Net Non Operating Interest Income Expense": -4739000.0,
        "Total Other Finance Cost": 193000.0,
        "Interest Expense Non Operating": 4546000.0,
        "Operating Income": -156334000.0,
        "Operating Expense": 78067000.0,
        "Other Operating Expenses": 72566000.0,
        "Selling General And Administration": 5501000.0,
        "Selling And Marketing Expense": 69000.0,
        "General And Administrative Expense": 5432000.0,
        "Other Gand A": 3038000.0,
        "Insurance And Claims": 2394000.0,
        "Salaries And Wages": 9891000.0,
        "Gross Profit": -78267000.0,
        "Cost Of Revenue": 42202000.0,
        "Total Revenue": -36065000.0,
        "Operating Revenue": -36065000.0
    },
    "2022-03-31": {
        "Diluted EPS": 0.02,
        "Total Revenue": 40,
        "Gross Profit": 17,
        "Operating Income": 7,
        "EBIT": 20,
        "Net Income": 5
    },
    "2021-12-31": {
        "Diluted EPS": 0.08,
        "Total Revenue": 60,
        "Gross Profit": 39,
        "Operating Income": 15,
        "EBIT": 25,
        "Net Income": 10
    },
    "2021-09-30": {
        "Diluted EPS": 0.13,
        "Total Revenue": 45,
        "Gross Profit": 29,
        "Operating Income": 34,
        "EBIT": 40,
        "Net Income": 24
    },
    "2021-06-30": {
        "Diluted EPS": -0.02,
        "Total Revenue": 37,
        "Gross Profit": 23,
        "Operating Income": -2,
        "EBIT": 3,
        "Net Income": -4
    },
    "2021-03-31": {
        "Diluted EPS": -0.06,
        "Total Revenue": 28,
        "Gross Profit": 19,
        "Operating Income": 17,
        "EBIT": 20,
        "Net Income": -8
    },
    "2020-12-31": {
        "Diluted EPS": -0.06,
        "Total Revenue": 11,
        "Gross Profit": 3,
        "Operating Income": -1,
        "EBIT": 2,
        "Net Income": -5
    },
    "2020-09-30": {
        "Diluted EPS": -0.06,
        "Total Revenue": 7,
        "Gross Profit": -1,
        "Operating Income": -3,
        "EBIT": 0,
        "Net Income": -5
    },
    "2020-06-30": {
        "Diluted EPS": -0.04,
        "Total Revenue": 7,
        "Gross Profit": 0,
        "Operating Income": -1,
        "EBIT": 1,
        "Net Income": -4
    },
    "2020-03-31": {
        "Diluted EPS": -0.03,
        "Total Revenue": 9,
        "Gross Profit": 1,
        "Operating Income": -2,
        "EBIT": 1,
        "Net Income": -2
    },
    "2019-12-31": {
        "Diluted EPS": 0.02,
        "Total Revenue": 11,
        "Gross Profit": 3,
        "Operating Income": 0,
        "EBIT": 3,
        "Net Income": 1
    },
    "2019-09-30": {
        "Diluted EPS": 0.05,
        "Total Revenue": 10,
        "Gross Profit": 4,
        "Operating Income": 2,
        "EBIT": 4,
        "Net Income": 4
    },
    "2019-06-30": {
        "Diluted EPS": -0.01,
        "Total Revenue": 9,
        "Gross Profit": 4,
        "Operating Income": 1,
        "EBIT": 2,
        "Net Income": -1
    },
    "2019-03-31": {
        "Diluted EPS": -0.02,
        "Total Revenue": 4,
        "Gross Profit": 0,
        "Operating Income": -2,
        "EBIT": 0,
        "Net Income": -1
    },
    "2018-12-31": {
        "Diluted EPS": 0.0,
        "Total Revenue": NaN,
        "Gross Profit": NaN,
        "Operating Income": NaN,
        "EBIT": NaN,
        "Net Income": NaN
    },
    "2023-06-30": {
        "Tax Effect Of Unusual Items": NaN,
        "Tax Rate For Calcs": NaN,
        "Normalized EBITDA": NaN,
        "Total Unusual Items": NaN,
        "Total Unusual Items Excluding Goodwill": NaN,
        "Net Income From Continuing Operation Net Minority Interest": NaN,
        "Reconciled Depreciation": NaN,
        "Reconciled Cost Of Revenue": NaN,
        "EBITDA": NaN,
        "EBIT": NaN,
        "Net Interest Income": NaN,
        "Interest Expense": NaN,
        "Interest Income": 177000.0,
        "Normalized Income": NaN,
        "Net Income From Continuing And Discontinued Operation": NaN,
        "Total Expenses": NaN,
        "Total Operating Income As Reported": NaN,
        "Diluted Average Shares": 246129000.0,
        "Basic Average Shares": 246129000.0,
        "Diluted EPS": -0.11,
        "Basic EPS": -0.11,
        "Diluted NI Availto Com Stockholders": NaN,
        "Net Income Common Stockholders": NaN,
        "Net Income": NaN,
        "Net Income Including Noncontrolling Interests": NaN,
        "Net Income Continuous Operations": NaN,
        "Tax Provision": NaN,
        "Pretax Income": NaN,
        "Other Income Expense": NaN,
        "Special Income Charges": NaN,
        "Gain On Sale Of Ppe": NaN,
        "Other Special Charges": NaN,
        "Write Off": NaN,
        "Impairment Of Capital Assets": 9982000.0,
        "Gain On Sale Of Security": NaN,
        "Net Non Operating Interest Income Expense": NaN,
        "Total Other Finance Cost": NaN,
        "Interest Expense Non Operating": NaN,
        "Interest Income Non Operating": 177000.0,
        "Operating Income": NaN,
        "Operating Expense": NaN,
        "Other Operating Expenses": 693000.0,
        "Other Taxes": 0.0,
        "Selling General And Administration": NaN,
        "Selling And Marketing Expense": NaN,
        "General And Administrative Expense": NaN,
        "Other Gand A": NaN,
        "Insurance And Claims": NaN,
        "Salaries And Wages": NaN,
        "Gross Profit": NaN,
        "Cost Of Revenue": NaN,
        "Total Revenue": NaN,
        "Operating Revenue": NaN
    },
    "2023-09-30": {
        "Tax Effect Of Unusual Items": NaN,
        "Tax Rate For Calcs": NaN,
        "Normalized EBITDA": NaN,
        "Total Unusual Items": NaN,
        "Total Unusual Items Excluding Goodwill": NaN,
        "Net Income From Continuing Operation Net Minority Interest": NaN,
        "Reconciled Depreciation": NaN,
        "Reconciled Cost Of Revenue": NaN,
        "EBITDA": NaN,
        "EBIT": NaN,
        "Net Interest Income": NaN,
        "Interest Expense": NaN,
        "Interest Income": NaN,
        "Normalized Income": NaN,
        "Net Income From Continuing And Discontinued Operation": NaN,
        "Total Expenses": NaN,
        "Total Operating Income As Reported": NaN,
        "Diluted Average Shares": 273906752.0,
        "Basic Average Shares": 273906752.0,
        "Diluted EPS": -0.06,
        "Basic EPS": -0.06,
        "Diluted NI Availto Com Stockholders": NaN,
        "Net Income Common Stockholders": NaN,
        "Net Income": NaN,
        "Net Income Including Noncontrolling Interests": NaN,
        "Net Income Continuous Operations": NaN,
        "Tax Provision": NaN,
        "Pretax Income": NaN,
        "Other Income Expense": NaN,
        "Special Income Charges": NaN,
        "Gain On Sale Of Ppe": NaN,
        "Other Special Charges": NaN,
        "Write Off": 0.0,
        "Impairment Of Capital Assets": 0.0,
        "Gain On Sale Of Security": NaN,
        "Net Non Operating Interest Income Expense": NaN,
        "Total Other Finance Cost": NaN,
        "Interest Expense Non Operating": NaN,
        "Interest Income Non Operating": NaN,
        "Operating Income": NaN,
        "Operating Expense": NaN,
        "Other Operating Expenses": 2229000.0,
        "Other Taxes": 0.0,
        "Selling General And Administration": NaN,
        "Selling And Marketing Expense": NaN,
        "General And Administrative Expense": NaN,
        "Other Gand A": NaN,
        "Insurance And Claims": NaN,
        "Salaries And Wages": NaN,
        "Gross Profit": NaN,
        "Cost Of Revenue": NaN,
        "Total Revenue": NaN,
        "Operating Revenue": NaN
    },
    "2023-12-31": {
        "Tax Effect Of Unusual Items": NaN,
        "Tax Rate For Calcs": NaN,
        "Normalized EBITDA": NaN,
        "Total Unusual Items": NaN,
        "Total Unusual Items Excluding Goodwill": NaN,
        "Net Income From Continuing Operation Net Minority Interest": NaN,
        "Reconciled Depreciation": NaN,
        "Reconciled Cost Of Revenue": NaN,
        "EBITDA": NaN,
        "EBIT": NaN,
        "Net Interest Income": NaN,
        "Interest Expense": NaN,
        "Interest Income": NaN,
        "Normalized Income": NaN,
        "Net Income From Continuing And Discontinued Operation": NaN,
        "Total Expenses": NaN,
        "Total Operating Income As Reported": NaN,
        "Diluted Average Shares": NaN,
        "Basic Average Shares": NaN,
        "Diluted EPS": NaN,
        "Basic EPS": NaN,
        "Diluted NI Availto Com Stockholders": NaN,
        "Net Income Common Stockholders": NaN,
        "Net Income": NaN,
        "Net Income Including Noncontrolling Interests": NaN,
        "Net Income Continuous Operations": NaN,
        "Tax Provision": NaN,
        "Pretax Income": NaN,
        "Other Income Expense": NaN,
        "Special Income Charges": NaN,
        "Gain On Sale Of Ppe": NaN,
        "Other Special Charges": 0.0,
        "Write Off": NaN,
        "Impairment Of Capital Assets": 2270000.0,
        "Gain On Sale Of Security": NaN,
        "Net Non Operating Interest Income Expense": NaN,
        "Total Other Finance Cost": NaN,
        "Interest Expense Non Operating": NaN,
        "Interest Income Non Operating": NaN,
        "Operating Income": NaN,
        "Operating Expense": NaN,
        "Other Operating Expenses": 4720000.0,
        "Other Taxes": NaN,
        "Selling General And Administration": NaN,
        "Selling And Marketing Expense": NaN,
        "General And Administrative Expense": NaN,
        "Other Gand A": NaN,
        "Insurance And Claims": NaN,
        "Salaries And Wages": NaN,
        "Gross Profit": NaN,
        "Cost Of Revenue": NaN,
        "Total Revenue": NaN,
        "Operating Revenue": NaN
    },
    "2024-03-31": {
        "Tax Effect Of Unusual Items": NaN,
        "Tax Rate For Calcs": NaN,
        "Normalized EBITDA": NaN,
        "Total Unusual Items": NaN,
        "Total Unusual Items Excluding Goodwill": NaN,
        "Net Income From Continuing Operation Net Minority Interest": NaN,
        "Reconciled Depreciation": NaN,
        "Reconciled Cost Of Revenue": NaN,
        "EBITDA": NaN,
        "EBIT": NaN,
        "Net Interest Income": NaN,
        "Interest Expense": NaN,
        "Interest Income": NaN,
        "Normalized Income": NaN,
        "Net Income From Continuing And Discontinued Operation": NaN,
        "Total Expenses": NaN,
        "Total Operating Income As Reported": NaN,
        "Diluted Average Shares": NaN,
        "Basic Average Shares": NaN,
        "Diluted EPS": NaN,
        "Basic EPS": NaN,
        "Diluted NI Availto Com Stockholders": NaN,
        "Net Income Common Stockholders": NaN,
        "Net Income": NaN,
        "Net Income Including Noncontrolling Interests": NaN,
        "Net Income Discontinuous Operations": NaN,
        "Net Income Continuous Operations": NaN,
        "Tax Provision": NaN,
        "Pretax Income": NaN,
        "Other Income Expense": NaN,
        "Special Income Charges": NaN,
        "Gain On Sale Of Ppe": NaN,
        "Other Special Charges": NaN,
        "Write Off": 0.0,
        "Impairment Of Capital Assets": 0.0,
        "Gain On Sale Of Security": NaN,
        "Net Non Operating Interest Income Expense": NaN,
        "Total Other Finance Cost": NaN,
        "Interest Expense Non Operating": NaN,
        "Interest Income Non Operating": NaN,
        "Operating Income": NaN,
        "Operating Expense": NaN,
        "Other Operating Expenses": 65000.0,
        "Other Taxes": NaN,
        "Selling General And Administration": NaN,
        "Selling And Marketing Expense": NaN,
        "General And Administrative Expense": NaN,
        "Other Gand A": NaN,
        "Insurance And Claims": NaN,
        "Salaries And Wages": NaN,
        "Gross Profit": NaN,
        "Cost Of Revenue": NaN,
        "Total Revenue": NaN,
        "Operating Revenue": NaN
    },
    "2024-06-30": {
        "Tax Effect Of Unusual Items": NaN,
        "Tax Rate For Calcs": NaN,
        "Normalized EBITDA": NaN,
        "Total Unusual Items": NaN,
        "Total Unusual Items Excluding Goodwill": NaN,
        "Net Income From Continuing Operation Net Minority Interest": NaN,
        "Reconciled Depreciation": NaN,
        "Reconciled Cost Of Revenue": NaN,
        "EBITDA": NaN,
        "EBIT": NaN,
        "Net Interest Income": NaN,
        "Interest Expense": NaN,
        "Interest Income": NaN,
        "Normalized Income": NaN,
        "Net Income From Continuing And Discontinued Operation": NaN,
        "Total Expenses": NaN,
        "Total Operating Income As Reported": NaN,
        "Diluted Average Shares": 401238798.0,
        "Basic Average Shares": 401238798.0,
        "Diluted EPS": -0.07,
        "Basic EPS": -0.07,
        "Diluted NI Availto Com Stockholders": NaN,
        "Net Income Common Stockholders": NaN,
        "Net Income": NaN,
        "Net Income Including Noncontrolling Interests": NaN,
        "Net Income Discontinuous Operations": NaN,
        "Net Income Continuous Operations": NaN,
        "Tax Provision": NaN,
        "Pretax Income": NaN,
        "Other Income Expense": NaN,
        "Special Income Charges": NaN,
        "Gain On Sale Of Ppe": NaN,
        "Other Special Charges": -1389000.0,
        "Write Off": NaN,
        "Impairment Of Capital Assets": 0.0,
        "Gain On Sale Of Security": NaN,
        "Net Non Operating Interest Income Expense": NaN,
        "Total Other Finance Cost": NaN,
        "Interest Expense Non Operating": NaN,
        "Interest Income Non Operating": NaN,
        "Operating Income": NaN,
        "Operating Expense": NaN,
        "Other Operating Expenses": -65000.0,
        "Other Taxes": 4942000.0,
        "Selling General And Administration": NaN,
        "Selling And Marketing Expense": NaN,
        "General And Administrative Expense": NaN,
        "Other Gand A": NaN,
        "Insurance And Claims": NaN,
        "Salaries And Wages": NaN,
        "Gross Profit": NaN,
        "Cost Of Revenue": NaN,
        "Total Revenue": NaN,
        "Operating Revenue": NaN
    },
    "2024-09-30": {
        "Tax Effect Of Unusual Items": 8505.107549,
        "Tax Rate For Calcs": 0.004069,
        "Normalized EBITDA": 3072000.0,
        "Total Unusual Items": 2090000.0,
        "Total Unusual Items Excluding Goodwill": 2090000.0,
        "Net Income From Continuing Operation Net Minority Interest": -23984000.0,
        "Reconciled Depreciation": 28829000.0,
        "Reconciled Cost Of Revenue": 29072000.0,
        "EBITDA": 5162000.0,
        "EBIT": -23667000.0,
        "Net Interest Income": 1138000.0,
        "Interest Expense": 415000.0,
        "Interest Income": 2452000.0,
        "Normalized Income": -26065494.892451,
        "Net Income From Continuing And Discontinued Operation": -36649000.0,
        "Total Expenses": 54382000.0,
        "Total Operating Income As Reported": -30950000.0,
        "Diluted Average Shares": 448711912.0,
        "Basic Average Shares": 448711912.0,
        "Diluted EPS": -0.08,
        "Basic EPS": -0.08,
        "Diluted NI Availto Com Stockholders": -36649000.0,
        "Net Income Common Stockholders": -36649000.0,
        "Net Income": -36649000.0,
        "Net Income Including Noncontrolling Interests": -36649000.0,
        "Net Income Discontinuous Operations": -12665000.0,
        "Net Income Continuous Operations": -23984000.0,
        "Tax Provision": -98000.0,
        "Pretax Income": -24082000.0,
        "Other Income Expense": 2090000.0,
        "Special Income Charges": -3640000.0,
        "Gain On Sale Of Ppe": -12000.0,
        "Other Special Charges": NaN,
        "Write Off": 3628000.0,
        "Impairment Of Capital Assets": NaN,
        "Gain On Sale Of Security": 5730000.0,
        "Net Non Operating Interest Income Expense": 1138000.0,
        "Total Other Finance Cost": 899000.0,
        "Interest Expense Non Operating": 415000.0,
        "Interest Income Non Operating": 2452000.0,
        "Operating Income": -27310000.0,
        "Operating Expense": 25310000.0,
        "Other Operating Expenses": NaN,
        "Other Taxes": 0.0,
        "Selling General And Administration": 25310000.0,
        "Selling And Marketing Expense": 321000.0,
        "General And Administrative Expense": 24989000.0,
        "Other Gand A": 11733000.0,
        "Insurance And Claims": 1514000.0,
        "Salaries And Wages": 11742000.0,
        "Gross Profit": -2000000.0,
        "Cost Of Revenue": 29072000.0,
        "Total Revenue": 27072000.0,
        "Operating Revenue": 27072000.0
    },
    "2024-12-31": {
        "Tax Effect Of Unusual Items": 3697350.0,
        "Tax Rate For Calcs": 0.15,
        "Normalized EBITDA": 5966000.0,
        "Total Unusual Items": 24649000.0,
        "Total Unusual Items Excluding Goodwill": 24649000.0,
        "Net Income From Continuing Operation Net Minority Interest": 15165000.0,
        "Reconciled Depreciation": 24584000.0,
        "Reconciled Cost Of Revenue": 54776000.0,
        "EBITDA": 30615000.0,
        "EBIT": 6031000.0,
        "Net Interest Income": -2536000.0,
        "Interest Expense": 573000.0,
        "Interest Income": 863000.0,
        "Normalized Income": -5786650.0,
        "Net Income From Continuing And Discontinued Operation": 15165000.0,
        "Total Expenses": 72818000.0,
        "Total Operating Income As Reported": -16385000.0,
        "Diluted Average Shares": NaN,
        "Basic Average Shares": NaN,
        "Diluted EPS": NaN,
        "Basic EPS": NaN,
        "Diluted NI Availto Com Stockholders": 15165000.0,
        "Net Income Common Stockholders": 15165000.0,
        "Net Income": 15165000.0,
        "Net Income Including Noncontrolling Interests": 15165000.0,
        "Net Income Discontinuous Operations": NaN,
        "Net Income Continuous Operations": 15165000.0,
        "Tax Provision": -9707000.0,
        "Pretax Income": 5458000.0,
        "Other Income Expense": 24649000.0,
        "Special Income Charges": 270000.0,
        "Gain On Sale Of Ppe": 270000.0,
        "Other Special Charges": NaN,
        "Write Off": 0.0,
        "Impairment Of Capital Assets": NaN,
        "Gain On Sale Of Security": 24379000.0,
        "Net Non Operating Interest Income Expense": -2536000.0,
        "Total Other Finance Cost": 2826000.0,
        "Interest Expense Non Operating": 573000.0,
        "Interest Income Non Operating": 863000.0,
        "Operating Income": -16655000.0,
        "Operating Expense": 18042000.0,
        "Other Operating Expenses": NaN,
        "Other Taxes": 0.0,
        "Selling General And Administration": 18042000.0,
        "Selling And Marketing Expense": 108000.0,
        "General And Administrative Expense": 17934000.0,
        "Other Gand A": 5792000.0,
        "Insurance And Claims": 2617000.0,
        "Salaries And Wages": 9525000.0,
        "Gross Profit": 1387000.0,
        "Cost Of Revenue": 54776000.0,
        "Total Revenue": 56163000.0,
        "Operating Revenue": 56163000.0
    },
    "2025-03-31": {
        "Tax Effect Of Unusual Items": -1426800.0,
        "Tax Rate For Calcs": 0.15,
        "Normalized EBITDA": 9601000.0,
        "Total Unusual Items": -9512000.0,
        "Total Unusual Items Excluding Goodwill": -9512000.0,
        "Net Income From Continuing Operation Net Minority Interest": -35875000.0,
        "Reconciled Depreciation": 29693000.0,
        "Reconciled Cost Of Revenue": 67390000.0,
        "EBITDA": 89000.0,
        "EBIT": -29604000.0,
        "Net Interest Income": -22000.0,
        "Interest Expense": 645000.0,
        "Interest Income": 950000.0,
        "Normalized Income": -27789800.0,
        "Net Income From Continuing And Discontinued Operation": -35875000.0,
        "Total Expenses": 87563000.0,
        "Total Operating Income As Reported": -32359000.0,
        "Diluted Average Shares": 500163441.0,
        "Basic Average Shares": 500163441.0,
        "Diluted EPS": -0.07,
        "Basic EPS": -0.07,
        "Diluted NI Availto Com Stockholders": -35875000.0,
        "Net Income Common Stockholders": -35875000.0,
        "Net Income": -35875000.0,
        "Net Income Including Noncontrolling Interests": -35875000.0,
        "Net Income Discontinuous Operations": NaN,
        "Net Income Continuous Operations": -35875000.0,
        "Tax Provision": 5626000.0,
        "Pretax Income": -30249000.0,
        "Other Income Expense": -9512000.0,
        "Special Income Charges": -11644000.0,
        "Gain On Sale Of Ppe": 5586000.0,
        "Other Special Charges": NaN,
        "Write Off": NaN,
        "Impairment Of Capital Assets": 17230000.0,
        "Gain On Sale Of Security": 2132000.0,
        "Net Non Operating Interest Income Expense": -22000.0,
        "Total Other Finance Cost": 327000.0,
        "Interest Expense Non Operating": 645000.0,
        "Interest Income Non Operating": 950000.0,
        "Operating Income": -20715000.0,
        "Operating Expense": 20173000.0,
        "Other Operating Expenses": NaN,
        "Other Taxes": NaN,
        "Selling General And Administration": 20173000.0,
        "Selling And Marketing Expense": 118000.0,
        "General And Administrative Expense": 20055000.0,
        "Other Gand A": 6344000.0,
        "Insurance And Claims": 3104000.0,
        "Salaries And Wages": 10607000.0,
        "Gross Profit": -542000.0,
        "Cost Of Revenue": 67390000.0,
        "Total Revenue": 66848000.0,
        "Operating Revenue": 66848000.0
    },
    "2025-06-30": {
        "Tax Effect Of Unusual Items": -2066233.62591,
        "Tax Rate For Calcs": 0.230478,
        "Normalized EBITDA": 10640000.0,
        "Total Unusual Items": -8965000.0,
        "Total Unusual Items Excluding Goodwill": -8965000.0,
        "Net Income From Continuing Operation Net Minority Interest": -28844000.0,
        "Reconciled Depreciation": 37008000.0,
        "Reconciled Cost Of Revenue": 83280000.0,
        "EBITDA": 1675000.0,
        "EBIT": -35333000.0,
        "Net Interest Income": -1615000.0,
        "Interest Expense": 2150000.0,
        "Interest Income": 460000.0,
        "Normalized Income": -21945233.62591,
        "Net Income From Continuing And Discontinued Operation": -28844000.0,
        "Total Expenses": 104703000.0,
        "Total Operating Income As Reported": -39626000.0,
        "Diluted Average Shares": 555843347.0,
        "Basic Average Shares": 555843347.0,
        "Diluted EPS": -0.05,
        "Basic EPS": -0.05,
        "Diluted NI Availto Com Stockholders": -28844000.0,
        "Net Income Common Stockholders": -28844000.0,
        "Net Income": -28844000.0,
        "Net Income Including Noncontrolling Interests": -28844000.0,
        "Net Income Discontinuous Operations": NaN,
        "Net Income Continuous Operations": -28844000.0,
        "Tax Provision": -8639000.0,
        "Pretax Income": -37483000.0,
        "Other Income Expense": -8965000.0,
        "Special Income Charges": -12723000.0,
        "Gain On Sale Of Ppe": 1897000.0,
        "Other Special Charges": NaN,
        "Write Off": NaN,
        "Impairment Of Capital Assets": 14620000.0,
        "Gain On Sale Of Security": 3758000.0,
        "Net Non Operating Interest Income Expense": -1615000.0,
        "Total Other Finance Cost": -75000.0,
        "Interest Expense Non Operating": 2150000.0,
        "Interest Income Non Operating": 460000.0,
        "Operating Income": -26903000.0,
        "Operating Expense": 21423000.0,
        "Other Operating Expenses": NaN,
        "Other Taxes": 4291000.0,
        "Selling General And Administration": 17132000.0,
        "Selling And Marketing Expense": 1092000.0,
        "General And Administrative Expense": 16040000.0,
        "Other Gand A": 877000.0,
        "Insurance And Claims": 3441000.0,
        "Salaries And Wages": 11722000.0,
        "Gross Profit": -5480000.0,
        "Cost Of Revenue": 83280000.0,
        "Total Revenue": 77800000.0,
        "Operating Revenue": 77800000.0
    },
    "2025-09-30": {
        "Tax Effect Of Unusual Items": -1132093.714638,
        "Tax Rate For Calcs": 0.048287,
        "Normalized EBITDA": 10202000.0,
        "Total Unusual Items": -23445000.0,
        "Total Unusual Items Excluding Goodwill": -23445000.0,
        "Net Income From Continuing Operation Net Minority Interest": -46258000.0,
        "Reconciled Depreciation": 33478000.0,
        "Reconciled Cost Of Revenue": 72127000.0,
        "EBITDA": -13243000.0,
        "EBIT": -46721000.0,
        "Net Interest Income": -5242000.0,
        "Interest Expense": 1884000.0,
        "Interest Income": 585000.0,
        "Normalized Income": -23945093.714638,
        "Net Income From Continuing And Discontinued Operation": -80769000.0,
        "Total Expenses": 89163000.0,
        "Total Operating Income As Reported": -28956000.0,
        "Diluted Average Shares": 556539628.0,
        "Basic Average Shares": 556539628.0,
        "Diluted EPS": -0.15,
        "Basic EPS": -0.15,
        "Diluted NI Availto Com Stockholders": -80769000.0,
        "Net Income Common Stockholders": -80769000.0,
        "Net Income": -80769000.0,
        "Net Income Including Noncontrolling Interests": -80769000.0,
        "Net Income Discontinuous Operations": -34511000.0,
        "Net Income Continuous Operations": -46258000.0,
        "Tax Provision": -2347000.0,
        "Pretax Income": -48605000.0,
        "Other Income Expense": -23445000.0,
        "Special Income Charges": -9038000.0,
        "Gain On Sale Of Ppe": 64000.0,
        "Other Special Charges": NaN,
        "Write Off": 9102000.0,
        "Impairment Of Capital Assets": NaN,
        "Gain On Sale Of Security": -14407000.0,
        "Net Non Operating Interest Income Expense": -5242000.0,
        "Total Other Finance Cost": 3943000.0,
        "Interest Expense Non Operating": 1884000.0,
        "Interest Income Non Operating": 585000.0,
        "Operating Income": -19918000.0,
        "Operating Expense": 17036000.0,
        "Other Operating Expenses": NaN,
        "Other Taxes": 0.0,
        "Selling General And Administration": 17036000.0,
        "Selling And Marketing Expense": 313000.0,
        "General And Administrative Expense": 16723000.0,
        "Other Gand A": 4373000.0,
        "Insurance And Claims": 2507000.0,
        "Salaries And Wages": 9843000.0,
        "Gross Profit": -2882000.0,
        "Cost Of Revenue": 72127000.0,
        "Total Revenue": 69245000.0,
        "Operating Revenue": 69245000.0
    }
}