{
    "2023-03-31": {
        "Tax Effect Of Unusual Items": NaN,
        "Tax Rate For Calcs": NaN,
        "Normalized EBITDA": NaN,
        "Total Unusual Items": NaN,
        "Total Unusual Items Excluding Goodwill": NaN,
        "Net Income From Continuing Operation Net Minority Interest": NaN,
        "Reconciled Depreciation": NaN,
        "EBITDA": NaN,
        "EBIT": NaN,
        "Net Interest Income": NaN,
        "Interest Expense": NaN,
        "Interest Income": NaN,
        "Normalized Income": NaN,
        "Net Income From Continuing And Discontinued Operation": NaN,
        "Total Expenses": NaN,
        "Total Operating Income As Reported": NaN,
        "Diluted Average Shares": 3532558.0,
        "Basic Average Shares": 3532558.0,
        "Diluted EPS": -4.3,
        "Basic EPS": -4.3,
        "Diluted NI Availto Com Stockholders": NaN,
        "Net Income Common Stockholders": NaN,
        "Otherunder Preferred Stock Dividend": 0.0,
        "Net Income": NaN,
        "Net Income Including Noncontrolling Interests": NaN,
        "Net Income Continuous Operations": NaN,
        "Pretax Income": NaN,
        "Other Income Expense": NaN,
        "Gain On Sale Of Security": NaN,
        "Net Non Operating Interest Income Expense": NaN,
        "Interest Expense Non Operating": NaN,
        "Interest Income Non Operating": NaN,
        "Operating Income": NaN,
        "Operating Expense": NaN,
        "Depreciation Amortization Depletion Income Statement": NaN,
        "Depreciation And Amortization In Income Statement": NaN,
        "Amortization": NaN,
        "Amortization Of Intangibles Income Statement": NaN,
        "Research And Development": NaN,
        "Selling General And Administration": NaN,
        "Total Revenue": NaN,
        "Operating Revenue": NaN
    },
    "2022-12-31": {
        "Tax Effect Of Unusual Items": NaN,
        "Tax Rate For Calcs": NaN,
        "Normalized EBITDA": NaN,
        "Total Unusual Items": NaN,
        "Total Unusual Items Excluding Goodwill": NaN,
        "Net Income From Continuing Operation Net Minority Interest": NaN,
        "Reconciled Depreciation": NaN,
        "EBITDA": NaN,
        "EBIT": NaN,
        "Net Interest Income": NaN,
        "Interest Expense": NaN,
        "Interest Income": NaN,
        "Normalized Income": NaN,
        "Net Income From Continuing And Discontinued Operation": NaN,
        "Total Expenses": NaN,
        "Total Operating Income As Reported": NaN,
        "Diluted Average Shares": 31168826.0,
        "Basic Average Shares": 31168826.0,
        "Diluted EPS": -0.5,
        "Basic EPS": -0.5,
        "Diluted NI Availto Com Stockholders": NaN,
        "Net Income Common Stockholders": NaN,
        "Otherunder Preferred Stock Dividend": NaN,
        "Net Income": NaN,
        "Net Income Including Noncontrolling Interests": NaN,
        "Net Income Continuous Operations": NaN,
        "Pretax Income": NaN,
        "Other Income Expense": NaN,
        "Gain On Sale Of Security": NaN,
        "Net Non Operating Interest Income Expense": NaN,
        "Interest Expense Non Operating": NaN,
        "Interest Income Non Operating": NaN,
        "Operating Income": NaN,
        "Operating Expense": NaN,
        "Depreciation Amortization Depletion Income Statement": NaN,
        "Depreciation And Amortization In Income Statement": NaN,
        "Amortization": NaN,
        "Amortization Of Intangibles Income Statement": NaN,
        "Research And Development": NaN,
        "Selling General And Administration": NaN,
        "Total Revenue": NaN,
        "Operating Revenue": NaN
    },
    "2022-09-30": {
        "Tax Effect Of Unusual Items": 0.0,
        "Tax Rate For Calcs": 0.0,
        "Normalized EBITDA": -8726426.0,
        "Total Unusual Items": -566542.0,
        "Total Unusual Items Excluding Goodwill": -566542.0,
        "Net Income From Continuing Operation Net Minority Interest": -10415711.0,
        "Reconciled Depreciation": 66327.0,
        "EBITDA": -9292968.0,
        "EBIT": -9359295.0,
        "Net Interest Income": -1014831.0,
        "Interest Expense": 1056416.0,
        "Interest Income": 41585.0,
        "Normalized Income": -9849169.0,
        "Net Income From Continuing And Discontinued Operation": -10415711.0,
        "Total Expenses": 8834338.0,
        "Total Operating Income As Reported": -8834338.0,
        "Diluted Average Shares": 27212445.0,
        "Basic Average Shares": 27212445.0,
        "Diluted EPS": -0.38,
        "Basic EPS": -0.38,
        "Diluted NI Availto Com Stockholders": -10415711.0,
        "Net Income Common Stockholders": -10415711.0,
        "Net Income": -10415711.0,
        "Net Income Including Noncontrolling Interests": -10415711.0,
        "Net Income Continuous Operations": -10415711.0,
        "Pretax Income": -10415711.0,
        "Other Income Expense": -566542.0,
        "Gain On Sale Of Security": -566542.0,
        "Net Non Operating Interest Income Expense": -1014831.0,
        "Interest Expense Non Operating": 1056416.0,
        "Interest Income Non Operating": 41585.0,
        "Operating Income": -8834338.0,
        "Operating Expense": 8834338.0,
        "Depreciation Amortization Depletion Income Statement": 57344.0,
        "Depreciation And Amortization In Income Statement": 57344.0,
        "Amortization": 57344.0,
        "Amortization Of Intangibles Income Statement": 57344.0,
        "Research And Development": 6769932.0,
        "Selling General And Administration": 2007062.0,
        "Total Revenue": 0.0,
        "Operating Revenue": 0.0
    },
    "2022-06-30": {
        "Tax Effect Of Unusual Items": 0.0,
        "Tax Rate For Calcs": 0.0,
        "Normalized EBITDA": -9223047.0,
        "Total Unusual Items": 2118614.0,
        "Total Unusual Items Excluding Goodwill": 2118614.0,
        "Net Income From Continuing Operation Net Minority Interest": -8088757.0,
        "Reconciled Depreciation": 57345.0,
        "EBITDA": -7104433.0,
        "EBIT": -7161778.0,
        "Net Interest Income": -915520.0,
        "Interest Expense": 926979.0,
        "Interest Income": 11459.0,
        "Normalized Income": -10207371.0,
        "Net Income From Continuing And Discontinued Operation": -8088757.0,
        "Total Expenses": 9291851.0,
        "Total Operating Income As Reported": -9291851.0,
        "Diluted Average Shares": 24984082.0,
        "Basic Average Shares": 24984082.0,
        "Diluted EPS": -0.33,
        "Basic EPS": -0.33,
        "Diluted NI Availto Com Stockholders": -8088757.0,
        "Net Income Common Stockholders": -8088757.0,
        "Otherunder Preferred Stock Dividend": 0.0,
        "Net Income": -8088757.0,
        "Net Income Including Noncontrolling Interests": -8088757.0,
        "Net Income Continuous Operations": -8088757.0,
        "Pretax Income": -8088757.0,
        "Other Income Expense": 2118614.0,
        "Gain On Sale Of Security": 2118614.0,
        "Net Non Operating Interest Income Expense": -915520.0,
        "Interest Expense Non Operating": 926979.0,
        "Interest Income Non Operating": 11459.0,
        "Operating Income": -9291851.0,
        "Operating Expense": 9291851.0,
        "Depreciation Amortization Depletion Income Statement": 57345.0,
        "Depreciation And Amortization In Income Statement": 57345.0,
        "Amortization": 57345.0,
        "Amortization Of Intangibles Income Statement": 57345.0,
        "Research And Development": 5872755.0,
        "Selling General And Administration": 3361751.0,
        "Total Revenue": 0.0,
        "Operating Revenue": 0.0
    },
    "2022-03-31": {
        "Diluted EPS": -0.28,
        "Total Revenue": NaN,
        "Gross Profit": NaN,
        "Operating Income": -6,
        "EBIT": -6,
        "Net Income": -7
    },
    "2021-12-31": {
        "Diluted EPS": -0.22,
        "Total Revenue": NaN,
        "Gross Profit": NaN,
        "Operating Income": -7,
        "EBIT": -7,
        "Net Income": -5
    },
    "2021-09-30": {
        "Diluted EPS": -0.23,
        "Total Revenue": NaN,
        "Gross Profit": NaN,
        "Operating Income": -6,
        "EBIT": -5,
        "Net Income": -6
    },
    "2021-06-30": {
        "Diluted EPS": -6.63,
        "Total Revenue": NaN,
        "Gross Profit": NaN,
        "Operating Income": -132,
        "EBIT": -132,
        "Net Income": -132
    },
    "2021-03-31": {
        "Diluted EPS": -0.22,
        "Total Revenue": NaN,
        "Gross Profit": NaN,
        "Operating Income": -3,
        "EBIT": -3,
        "Net Income": -3
    },
    "2020-12-31": {
        "Diluted EPS": -0.22,
        "Total Revenue": NaN,
        "Gross Profit": NaN,
        "Operating Income": -3,
        "EBIT": -3,
        "Net Income": -3
    },
    "2020-09-30": {
        "Diluted EPS": -7.75,
        "Total Revenue": NaN,
        "Gross Profit": NaN,
        "Operating Income": 0,
        "EBIT": 0,
        "Net Income": -46
    },
    "2020-06-30": {
        "Diluted EPS": -3.01,
        "Total Revenue": NaN,
        "Gross Profit": NaN,
        "Operating Income": -1,
        "EBIT": -1,
        "Net Income": -19
    },
    "2020-03-31": {
        "Diluted EPS": -0.07,
        "Total Revenue": NaN,
        "Gross Profit": NaN,
        "Operating Income": -1,
        "EBIT": -1,
        "Net Income": 0
    },
    "2019-12-31": {
        "Diluted EPS": 1.29,
        "Total Revenue": NaN,
        "Gross Profit": NaN,
        "Operating Income": -1,
        "EBIT": -1,
        "Net Income": 7
    },
    "2019-09-30": {
        "Diluted EPS": -5.06,
        "Total Revenue": NaN,
        "Gross Profit": NaN,
        "Operating Income": -1,
        "EBIT": -1,
        "Net Income": -21
    },
    "2019-06-30": {
        "Diluted EPS": -0.44,
        "Total Revenue": NaN,
        "Gross Profit": NaN,
        "Operating Income": -1,
        "EBIT": -1,
        "Net Income": -1
    },
    "2019-03-31": {
        "Diluted EPS": -0.34,
        "Total Revenue": NaN,
        "Gross Profit": NaN,
        "Operating Income": -1,
        "EBIT": -1,
        "Net Income": -1
    },
    "2018-12-31": {
        "Diluted EPS": -0.2,
        "Total Revenue": NaN,
        "Gross Profit": NaN,
        "Operating Income": -1,
        "EBIT": 0,
        "Net Income": -1
    },
    "2018-09-30": {
        "Diluted EPS": 0.0,
        "Total Revenue": NaN,
        "Gross Profit": NaN,
        "Operating Income": 0,
        "EBIT": 0,
        "Net Income": 0
    },
    "2018-06-30": {
        "Diluted EPS": 0.0,
        "Total Revenue": NaN,
        "Gross Profit": NaN,
        "Operating Income": NaN,
        "EBIT": NaN,
        "Net Income": NaN
    },
    "2018-03-31": {
        "Diluted EPS": -0.01,
        "Total Revenue": NaN,
        "Gross Profit": NaN,
        "Operating Income": -1,
        "EBIT": -1,
        "Net Income": -1
    },
    "2017-12-31": {
        "Diluted EPS": -0.01,
        "Total Revenue": NaN,
        "Gross Profit": NaN,
        "Operating Income": 0,
        "EBIT": 0,
        "Net Income": -1
    },
    "2017-09-30": {
        "Diluted EPS": -0.01,
        "Total Revenue": NaN,
        "Gross Profit": NaN,
        "Operating Income": -1,
        "EBIT": -1,
        "Net Income": -1
    },
    "2017-06-30": {
        "Diluted EPS": 0.0,
        "Total Revenue": NaN,
        "Gross Profit": NaN,
        "Operating Income": NaN,
        "EBIT": NaN,
        "Net Income": NaN
    },
    "2017-03-31": {
        "Diluted EPS": 0.0,
        "Total Revenue": NaN,
        "Gross Profit": NaN,
        "Operating Income": NaN,
        "EBIT": NaN,
        "Net Income": NaN
    },
    "2016-12-31": {
        "Diluted EPS": 0.0,
        "Total Revenue": NaN,
        "Gross Profit": NaN,
        "Operating Income": 0,
        "EBIT": 0,
        "Net Income": 0
    },
    "2016-09-30": {
        "Diluted EPS": 0.0,
        "Total Revenue": NaN,
        "Gross Profit": NaN,
        "Operating Income": 0,
        "EBIT": 0,
        "Net Income": 0
    },
    "2016-06-30": {
        "Diluted EPS": 0.0,
        "Total Revenue": NaN,
        "Gross Profit": NaN,
        "Operating Income": NaN,
        "EBIT": NaN,
        "Net Income": NaN
    },
    "2016-03-31": {
        "Diluted EPS": 0.0,
        "Total Revenue": NaN,
        "Gross Profit": NaN,
        "Operating Income": NaN,
        "EBIT": NaN,
        "Net Income": NaN
    },
    "2015-12-31": {
        "Diluted EPS": 0.0,
        "Total Revenue": NaN,
        "Gross Profit": NaN,
        "Operating Income": 0,
        "EBIT": 0,
        "Net Income": 0
    },
    "2015-09-30": {
        "Diluted EPS": 0.0,
        "Total Revenue": NaN,
        "Gross Profit": NaN,
        "Operating Income": 0,
        "EBIT": 0,
        "Net Income": 0
    },
    "2015-06-30": {
        "Diluted EPS": 0.0,
        "Total Revenue": NaN,
        "Gross Profit": NaN,
        "Operating Income": 0,
        "EBIT": 0,
        "Net Income": 0
    },
    "2015-03-31": {
        "Diluted EPS": 0.0,
        "Total Revenue": NaN,
        "Gross Profit": NaN,
        "Operating Income": 0,
        "EBIT": 0,
        "Net Income": 0
    },
    "2014-12-31": {
        "Diluted EPS": 0.0,
        "Total Revenue": NaN,
        "Gross Profit": NaN,
        "Operating Income": 0,
        "EBIT": 0,
        "Net Income": 0
    },
    "2014-09-30": {
        "Diluted EPS": 0.0,
        "Total Revenue": NaN,
        "Gross Profit": NaN,
        "Operating Income": 0,
        "EBIT": 0,
        "Net Income": 0
    },
    "2014-06-30": {
        "Diluted EPS": 0.0,
        "Total Revenue": NaN,
        "Gross Profit": NaN,
        "Operating Income": 0,
        "EBIT": 0,
        "Net Income": 0
    },
    "2014-03-31": {
        "Diluted EPS": 0.0,
        "Total Revenue": NaN,
        "Gross Profit": NaN,
        "Operating Income": 0,
        "EBIT": 0,
        "Net Income": 0
    },
    "2013-12-31": {
        "Diluted EPS": 0.0,
        "Total Revenue": NaN,
        "Gross Profit": NaN,
        "Operating Income": 0,
        "EBIT": 0,
        "Net Income": 0
    },
    "2013-09-30": {
        "Diluted EPS": 0.0,
        "Total Revenue": NaN,
        "Gross Profit": NaN,
        "Operating Income": 0,
        "EBIT": 0,
        "Net Income": 0
    },
    "2013-06-30": {
        "Diluted EPS": 0.0,
        "Total Revenue": NaN,
        "Gross Profit": NaN,
        "Operating Income": 0,
        "EBIT": 0,
        "Net Income": 0
    },
    "2013-03-31": {
        "Diluted EPS": 0.0,
        "Total Revenue": NaN,
        "Gross Profit": NaN,
        "Operating Income": 0,
        "EBIT": 0,
        "Net Income": 0
    },
    "2012-12-31": {
        "Diluted EPS": 0.0,
        "Total Revenue": NaN,
        "Gross Profit": NaN,
        "Operating Income": NaN,
        "EBIT": NaN,
        "Net Income": NaN
    },
    "2012-09-30": {
        "Diluted EPS": 0.0,
        "Total Revenue": NaN,
        "Gross Profit": NaN,
        "Operating Income": 0,
        "EBIT": 0,
        "Net Income": 0
    },
    "2023-06-30": {
        "Tax Effect Of Unusual Items": 0.0,
        "Tax Rate For Calcs": 0.0,
        "Normalized EBITDA": -10664240.0,
        "Total Unusual Items": 2717164.0,
        "Total Unusual Items Excluding Goodwill": 2717164.0,
        "Net Income From Continuing Operation Net Minority Interest": -9111939.0,
        "Reconciled Depreciation": 57344.0,
        "EBITDA": -7947076.0,
        "EBIT": -8004420.0,
        "Net Interest Income": -852310.0,
        "Interest Expense": 1107519.0,
        "Interest Income": 255209.0,
        "Normalized Income": -11829103.0,
        "Net Income From Continuing And Discontinued Operation": -9111939.0,
        "Total Expenses": 10976793.0,
        "Total Operating Income As Reported": -10976793.0,
        "Diluted Average Shares": NaN,
        "Basic Average Shares": NaN,
        "Diluted EPS": NaN,
        "Basic EPS": NaN,
        "Diluted NI Availto Com Stockholders": -9111939.0,
        "Net Income Common Stockholders": -9111939.0,
        "Otherunder Preferred Stock Dividend": NaN,
        "Net Income": -9111939.0,
        "Net Income Including Noncontrolling Interests": -9111939.0,
        "Net Income Continuous Operations": -9111939.0,
        "Pretax Income": -9111939.0,
        "Other Income Expense": 2717164.0,
        "Gain On Sale Of Security": 2717164.0,
        "Net Non Operating Interest Income Expense": -852310.0,
        "Interest Expense Non Operating": 1107519.0,
        "Interest Income Non Operating": 255209.0,
        "Operating Income": -10976793.0,
        "Operating Expense": 10976793.0,
        "Depreciation Amortization Depletion Income Statement": 57344.0,
        "Depreciation And Amortization In Income Statement": 57344.0,
        "Amortization": 57344.0,
        "Amortization Of Intangibles Income Statement": 57344.0,
        "Research And Development": 8299838.0,
        "Selling General And Administration": 2619611.0,
        "Total Revenue": 0.0,
        "Operating Revenue": 0.0
    },
    "2023-09-30": {
        "Tax Effect Of Unusual Items": NaN,
        "Tax Rate For Calcs": NaN,
        "Normalized EBITDA": NaN,
        "Total Unusual Items": NaN,
        "Total Unusual Items Excluding Goodwill": NaN,
        "Net Income From Continuing Operation Net Minority Interest": NaN,
        "Reconciled Depreciation": NaN,
        "EBITDA": NaN,
        "EBIT": NaN,
        "Net Interest Income": NaN,
        "Interest Expense": NaN,
        "Interest Income": NaN,
        "Normalized Income": NaN,
        "Net Income From Continuing And Discontinued Operation": NaN,
        "Total Expenses": NaN,
        "Total Operating Income As Reported": NaN,
        "Diluted Average Shares": 3672490.0,
        "Basic Average Shares": 3672490.0,
        "Diluted EPS": -2.92,
        "Basic EPS": -2.92,
        "Diluted NI Availto Com Stockholders": NaN,
        "Net Income Common Stockholders": NaN,
        "Otherunder Preferred Stock Dividend": NaN,
        "Net Income": NaN,
        "Net Income Including Noncontrolling Interests": NaN,
        "Net Income Continuous Operations": NaN,
        "Pretax Income": NaN,
        "Other Income Expense": NaN,
        "Gain On Sale Of Security": NaN,
        "Net Non Operating Interest Income Expense": NaN,
        "Interest Expense Non Operating": NaN,
        "Interest Income Non Operating": NaN,
        "Operating Income": NaN,
        "Operating Expense": NaN,
        "Depreciation Amortization Depletion Income Statement": NaN,
        "Depreciation And Amortization In Income Statement": NaN,
        "Amortization": NaN,
        "Amortization Of Intangibles Income Statement": NaN,
        "Research And Development": NaN,
        "Selling General And Administration": NaN,
        "Total Revenue": NaN,
        "Operating Revenue": NaN
    },
    "2023-12-31": {
        "Tax Effect Of Unusual Items": 0.0,
        "Tax Rate For Calcs": 0.0,
        "Normalized EBITDA": -8506035.0,
        "Total Unusual Items": 982534.0,
        "Total Unusual Items Excluding Goodwill": 982534.0,
        "Net Income From Continuing Operation Net Minority Interest": -8401445.0,
        "Reconciled Depreciation": 57344.0,
        "EBITDA": -7523501.0,
        "EBIT": -7580845.0,
        "Net Interest Income": -602571.0,
        "Interest Expense": 820600.0,
        "Interest Income": 218029.0,
        "Normalized Income": -9383979.0,
        "Net Income From Continuing And Discontinued Operation": -8401445.0,
        "Total Expenses": 8781408.0,
        "Total Operating Income As Reported": -8781408.0,
        "Diluted Average Shares": 3817077.0,
        "Basic Average Shares": 3817077.0,
        "Diluted EPS": -2.2,
        "Basic EPS": -2.2,
        "Diluted NI Availto Com Stockholders": -8401445.0,
        "Net Income Common Stockholders": -8401445.0,
        "Otherunder Preferred Stock Dividend": 0.0,
        "Net Income": -8401445.0,
        "Net Income Including Noncontrolling Interests": -8401445.0,
        "Net Income Continuous Operations": -8401445.0,
        "Pretax Income": -8401445.0,
        "Other Income Expense": 982534.0,
        "Gain On Sale Of Security": 982534.0,
        "Net Non Operating Interest Income Expense": -602571.0,
        "Interest Expense Non Operating": 820600.0,
        "Interest Income Non Operating": 218029.0,
        "Operating Income": -8781408.0,
        "Operating Expense": 8781408.0,
        "Depreciation Amortization Depletion Income Statement": 57344.0,
        "Depreciation And Amortization In Income Statement": 57344.0,
        "Amortization": 57344.0,
        "Amortization Of Intangibles Income Statement": 57344.0,
        "Research And Development": 6470262.0,
        "Selling General And Administration": 2253802.0,
        "Total Revenue": 0.0,
        "Operating Revenue": 0.0
    },
    "2024-03-31": {
        "Tax Effect Of Unusual Items": 0.0,
        "Tax Rate For Calcs": 0.0,
        "Normalized EBITDA": -7490777.0,
        "Total Unusual Items": 109003.0,
        "Total Unusual Items Excluding Goodwill": 109003.0,
        "Net Income From Continuing Operation Net Minority Interest": -8067830.0,
        "Reconciled Depreciation": 57345.0,
        "EBITDA": -7381774.0,
        "EBIT": -7439119.0,
        "Net Interest Income": -444778.0,
        "Interest Expense": 628711.0,
        "Interest Income": 183933.0,
        "Normalized Income": -8176833.0,
        "Net Income From Continuing And Discontinued Operation": -8067830.0,
        "Total Expenses": 7732055.0,
        "Total Operating Income As Reported": -7732055.0,
        "Diluted Average Shares": 4480108.0,
        "Basic Average Shares": 4480108.0,
        "Diluted EPS": -2.0,
        "Basic EPS": -2.0,
        "Diluted NI Availto Com Stockholders": -8954253.0,
        "Net Income Common Stockholders": -8954253.0,
        "Otherunder Preferred Stock Dividend": 886423.0,
        "Net Income": -8067830.0,
        "Net Income Including Noncontrolling Interests": -8067830.0,
        "Net Income Continuous Operations": -8067830.0,
        "Pretax Income": -8067830.0,
        "Other Income Expense": 109003.0,
        "Gain On Sale Of Security": 109003.0,
        "Net Non Operating Interest Income Expense": -444778.0,
        "Interest Expense Non Operating": 628711.0,
        "Interest Income Non Operating": 183933.0,
        "Operating Income": -7732055.0,
        "Operating Expense": 7732055.0,
        "Depreciation Amortization Depletion Income Statement": 57344.0,
        "Depreciation And Amortization In Income Statement": 57344.0,
        "Amortization": 57344.0,
        "Amortization Of Intangibles Income Statement": 57344.0,
        "Research And Development": 5700447.0,
        "Selling General And Administration": 1974264.0,
        "Total Revenue": 0.0,
        "Operating Revenue": 0.0
    },
    "2024-06-30": {
        "Tax Effect Of Unusual Items": 0.0,
        "Tax Rate For Calcs": 0.0,
        "Normalized EBITDA": -4460439.0,
        "Total Unusual Items": 16932.0,
        "Total Unusual Items Excluding Goodwill": 16932.0,
        "Net Income From Continuing Operation Net Minority Interest": -4940794.0,
        "Reconciled Depreciation": 57344.0,
        "EBITDA": -4443507.0,
        "EBIT": -4500851.0,
        "Net Interest Income": -167426.0,
        "Interest Expense": 439943.0,
        "Interest Income": 272517.0,
        "Normalized Income": -4957726.0,
        "Net Income From Continuing And Discontinued Operation": -4940794.0,
        "Total Expenses": 4790300.0,
        "Total Operating Income As Reported": -4790300.0,
        "Diluted Average Shares": NaN,
        "Basic Average Shares": NaN,
        "Diluted EPS": NaN,
        "Basic EPS": NaN,
        "Diluted NI Availto Com Stockholders": -4940794.0,
        "Net Income Common Stockholders": -4940794.0,
        "Otherunder Preferred Stock Dividend": 0.0,
        "Net Income": -4940794.0,
        "Net Income Including Noncontrolling Interests": -4940794.0,
        "Net Income Continuous Operations": -4940794.0,
        "Pretax Income": -4940794.0,
        "Other Income Expense": 16932.0,
        "Gain On Sale Of Security": 16932.0,
        "Net Non Operating Interest Income Expense": -167426.0,
        "Interest Expense Non Operating": 439943.0,
        "Interest Income Non Operating": 272517.0,
        "Operating Income": -4790300.0,
        "Operating Expense": 4790300.0,
        "Depreciation Amortization Depletion Income Statement": 57344.0,
        "Depreciation And Amortization In Income Statement": 57344.0,
        "Amortization": 57344.0,
        "Amortization Of Intangibles Income Statement": 57344.0,
        "Research And Development": 2054025.0,
        "Selling General And Administration": 2678931.0,
        "Total Revenue": 0.0,
        "Operating Revenue": 0.0
    },
    "2024-09-30": {
        "Tax Effect Of Unusual Items": 0.0,
        "Tax Rate For Calcs": 0.0,
        "Normalized EBITDA": -3841181.0,
        "Total Unusual Items": 2517.0,
        "Total Unusual Items Excluding Goodwill": 2517.0,
        "Net Income From Continuing Operation Net Minority Interest": -4152032.0,
        "Reconciled Depreciation": 57344.0,
        "EBITDA": -3838664.0,
        "EBIT": -3896008.0,
        "Net Interest Income": -32467.0,
        "Interest Expense": 256024.0,
        "Interest Income": 223557.0,
        "Normalized Income": -4154549.0,
        "Net Income From Continuing And Discontinued Operation": -4152032.0,
        "Total Expenses": 4122082.0,
        "Total Operating Income As Reported": -4122082.0,
        "Diluted Average Shares": 6398360.0,
        "Basic Average Shares": 6398360.0,
        "Diluted EPS": -0.7,
        "Basic EPS": -0.7,
        "Diluted NI Availto Com Stockholders": -4477073.0,
        "Net Income Common Stockholders": -4477073.0,
        "Otherunder Preferred Stock Dividend": 325041.0,
        "Net Income": -4152032.0,
        "Net Income Including Noncontrolling Interests": -4152032.0,
        "Net Income Continuous Operations": -4152032.0,
        "Pretax Income": -4152032.0,
        "Other Income Expense": 2517.0,
        "Gain On Sale Of Security": 2517.0,
        "Net Non Operating Interest Income Expense": -32467.0,
        "Interest Expense Non Operating": 256024.0,
        "Interest Income Non Operating": 223557.0,
        "Operating Income": -4122082.0,
        "Operating Expense": 4122082.0,
        "Depreciation Amortization Depletion Income Statement": 57344.0,
        "Depreciation And Amortization In Income Statement": 57344.0,
        "Amortization": 57344.0,
        "Amortization Of Intangibles Income Statement": 57344.0,
        "Research And Development": 1990198.0,
        "Selling General And Administration": 2074540.0,
        "Total Revenue": 0.0,
        "Operating Revenue": 0.0
    },
    "2024-12-31": {
        "Tax Effect Of Unusual Items": 0.0,
        "Tax Rate For Calcs": 0.0,
        "Normalized EBITDA": -6982449.0,
        "Total Unusual Items": -6036.0,
        "Total Unusual Items Excluding Goodwill": -6036.0,
        "Net Income From Continuing Operation Net Minority Interest": -7112529.0,
        "Reconciled Depreciation": 57344.0,
        "EBITDA": -6988485.0,
        "EBIT": -7045829.0,
        "Net Interest Income": 186336.0,
        "Interest Expense": 66700.0,
        "Interest Income": 253036.0,
        "Normalized Income": -7106493.0,
        "Net Income From Continuing And Discontinued Operation": -7112529.0,
        "Total Expenses": 7292829.0,
        "Total Operating Income As Reported": -7292829.0,
        "Diluted Average Shares": 15717247.0,
        "Basic Average Shares": 15717247.0,
        "Diluted EPS": -0.46,
        "Basic EPS": -0.46,
        "Diluted NI Availto Com Stockholders": -7156953.0,
        "Net Income Common Stockholders": -7156953.0,
        "Otherunder Preferred Stock Dividend": 44424.0,
        "Net Income": -7112529.0,
        "Net Income Including Noncontrolling Interests": -7112529.0,
        "Net Income Continuous Operations": -7112529.0,
        "Pretax Income": -7112529.0,
        "Other Income Expense": -6036.0,
        "Gain On Sale Of Security": -6036.0,
        "Net Non Operating Interest Income Expense": 186336.0,
        "Interest Expense Non Operating": 66700.0,
        "Interest Income Non Operating": 253036.0,
        "Operating Income": -7292829.0,
        "Operating Expense": 7292829.0,
        "Depreciation Amortization Depletion Income Statement": 57344.0,
        "Depreciation And Amortization In Income Statement": 57344.0,
        "Amortization": 57344.0,
        "Amortization Of Intangibles Income Statement": 57344.0,
        "Research And Development": 4704806.0,
        "Selling General And Administration": 2530679.0,
        "Total Revenue": 0.0,
        "Operating Revenue": 0.0
    }
}