{
    "2023-04-30": {
        "Tax Effect Of Unusual Items": NaN,
        "Tax Rate For Calcs": NaN,
        "Normalized EBITDA": NaN,
        "Total Unusual Items": NaN,
        "Total Unusual Items Excluding Goodwill": NaN,
        "Net Income From Continuing Operation Net Minority Interest": NaN,
        "Reconciled Depreciation": NaN,
        "Reconciled Cost Of Revenue": NaN,
        "EBITDA": NaN,
        "EBIT": NaN,
        "Net Interest Income": NaN,
        "Interest Expense": NaN,
        "Normalized Income": NaN,
        "Net Income From Continuing And Discontinued Operation": NaN,
        "Total Expenses": NaN,
        "Total Operating Income As Reported": NaN,
        "Diluted Average Shares": NaN,
        "Basic Average Shares": NaN,
        "Diluted EPS": NaN,
        "Basic EPS": NaN,
        "Diluted NI Availto Com Stockholders": NaN,
        "Net Income Common Stockholders": NaN,
        "Net Income": NaN,
        "Net Income Including Noncontrolling Interests": NaN,
        "Net Income Discontinuous Operations": 89000.0,
        "Net Income Continuous Operations": NaN,
        "Tax Provision": NaN,
        "Pretax Income": NaN,
        "Other Income Expense": NaN,
        "Special Income Charges": NaN,
        "Other Special Charges": NaN,
        "Net Non Operating Interest Income Expense": NaN,
        "Interest Expense Non Operating": NaN,
        "Operating Income": NaN,
        "Operating Expense": NaN,
        "Other Operating Expenses": 3894000.0,
        "Selling General And Administration": NaN,
        "Gross Profit": NaN,
        "Cost Of Revenue": NaN,
        "Total Revenue": NaN,
        "Operating Revenue": NaN
    },
    "2023-01-31": {
        "Tax Effect Of Unusual Items": NaN,
        "Tax Rate For Calcs": NaN,
        "Normalized EBITDA": NaN,
        "Total Unusual Items": NaN,
        "Total Unusual Items Excluding Goodwill": NaN,
        "Net Income From Continuing Operation Net Minority Interest": NaN,
        "Reconciled Depreciation": NaN,
        "Reconciled Cost Of Revenue": NaN,
        "EBITDA": NaN,
        "EBIT": NaN,
        "Net Interest Income": NaN,
        "Interest Expense": NaN,
        "Normalized Income": NaN,
        "Net Income From Continuing And Discontinued Operation": NaN,
        "Total Expenses": NaN,
        "Total Operating Income As Reported": NaN,
        "Diluted Average Shares": NaN,
        "Basic Average Shares": NaN,
        "Diluted EPS": NaN,
        "Basic EPS": NaN,
        "Diluted NI Availto Com Stockholders": NaN,
        "Net Income Common Stockholders": NaN,
        "Net Income": NaN,
        "Net Income Including Noncontrolling Interests": NaN,
        "Net Income Discontinuous Operations": NaN,
        "Net Income Continuous Operations": NaN,
        "Tax Provision": NaN,
        "Pretax Income": NaN,
        "Other Income Expense": NaN,
        "Special Income Charges": NaN,
        "Other Special Charges": NaN,
        "Net Non Operating Interest Income Expense": NaN,
        "Interest Expense Non Operating": NaN,
        "Operating Income": NaN,
        "Operating Expense": NaN,
        "Other Operating Expenses": 3425000.0,
        "Selling General And Administration": NaN,
        "Gross Profit": NaN,
        "Cost Of Revenue": NaN,
        "Total Revenue": NaN,
        "Operating Revenue": NaN
    },
    "2022-10-31": {
        "Tax Effect Of Unusual Items": NaN,
        "Tax Rate For Calcs": NaN,
        "Normalized EBITDA": NaN,
        "Total Unusual Items": NaN,
        "Total Unusual Items Excluding Goodwill": NaN,
        "Net Income From Continuing Operation Net Minority Interest": NaN,
        "Reconciled Depreciation": NaN,
        "Reconciled Cost Of Revenue": NaN,
        "EBITDA": NaN,
        "EBIT": NaN,
        "Net Interest Income": NaN,
        "Interest Expense": NaN,
        "Normalized Income": NaN,
        "Net Income From Continuing And Discontinued Operation": NaN,
        "Total Expenses": NaN,
        "Total Operating Income As Reported": NaN,
        "Diluted Average Shares": NaN,
        "Basic Average Shares": NaN,
        "Diluted EPS": NaN,
        "Basic EPS": NaN,
        "Diluted NI Availto Com Stockholders": NaN,
        "Net Income Common Stockholders": NaN,
        "Net Income": NaN,
        "Net Income Including Noncontrolling Interests": NaN,
        "Net Income Discontinuous Operations": NaN,
        "Net Income Continuous Operations": NaN,
        "Tax Provision": NaN,
        "Pretax Income": NaN,
        "Other Income Expense": NaN,
        "Special Income Charges": NaN,
        "Other Special Charges": NaN,
        "Net Non Operating Interest Income Expense": NaN,
        "Interest Expense Non Operating": NaN,
        "Operating Income": NaN,
        "Operating Expense": NaN,
        "Other Operating Expenses": 10706000.0,
        "Selling General And Administration": NaN,
        "Gross Profit": NaN,
        "Cost Of Revenue": NaN,
        "Total Revenue": NaN,
        "Operating Revenue": NaN
    },
    "2022-07-31": {
        "Tax Effect Of Unusual Items": 0.0,
        "Tax Rate For Calcs": 0.26569,
        "Normalized EBITDA": 252894000.0,
        "Net Income From Continuing Operation Net Minority Interest": 141014000.0,
        "Reconciled Depreciation": 49984000.0,
        "Reconciled Cost Of Revenue": 4243769000.0,
        "EBITDA": 252894000.0,
        "EBIT": 202910000.0,
        "Net Interest Income": -10874000.0,
        "Interest Expense": 10874000.0,
        "Normalized Income": 141014000.0,
        "Net Income From Continuing And Discontinued Operation": 141007000.0,
        "Total Expenses": 4900906000.0,
        "Total Operating Income As Reported": 202910000.0,
        "Diluted Average Shares": 136567000.0,
        "Basic Average Shares": 134341000.0,
        "Diluted EPS": 1.03,
        "Basic EPS": 1.05,
        "Diluted NI Availto Com Stockholders": 141007000.0,
        "Net Income Common Stockholders": 141007000.0,
        "Net Income": 141007000.0,
        "Net Income Including Noncontrolling Interests": 141007000.0,
        "Net Income Discontinuous Operations": -7000.0,
        "Net Income Continuous Operations": 141014000.0,
        "Tax Provision": 51022000.0,
        "Pretax Income": 192036000.0,
        "Net Non Operating Interest Income Expense": -10874000.0,
        "Interest Expense Non Operating": 10874000.0,
        "Operating Income": 202910000.0,
        "Operating Expense": 657137000.0,
        "Other Operating Expenses": 5901000.0,
        "Selling General And Administration": 651236000.0,
        "Gross Profit": 860047000.0,
        "Cost Of Revenue": 4243769000.0,
        "Total Revenue": 5103816000.0,
        "Operating Revenue": 5103816000.0
    },
    "2023-07-31": {
        "Tax Effect Of Unusual Items": NaN,
        "Tax Rate For Calcs": NaN,
        "Normalized EBITDA": NaN,
        "Total Unusual Items": NaN,
        "Total Unusual Items Excluding Goodwill": NaN,
        "Net Income From Continuing Operation Net Minority Interest": NaN,
        "Reconciled Depreciation": NaN,
        "Reconciled Cost Of Revenue": NaN,
        "EBITDA": NaN,
        "EBIT": NaN,
        "Net Interest Income": NaN,
        "Interest Expense": NaN,
        "Normalized Income": NaN,
        "Net Income From Continuing And Discontinued Operation": NaN,
        "Total Expenses": NaN,
        "Total Operating Income As Reported": NaN,
        "Diluted Average Shares": NaN,
        "Basic Average Shares": NaN,
        "Diluted EPS": NaN,
        "Basic EPS": NaN,
        "Diluted NI Availto Com Stockholders": NaN,
        "Net Income Common Stockholders": NaN,
        "Net Income": NaN,
        "Net Income Including Noncontrolling Interests": NaN,
        "Net Income Discontinuous Operations": 0.0,
        "Net Income Continuous Operations": NaN,
        "Tax Provision": NaN,
        "Pretax Income": NaN,
        "Other Income Expense": NaN,
        "Special Income Charges": NaN,
        "Other Special Charges": NaN,
        "Net Non Operating Interest Income Expense": NaN,
        "Interest Expense Non Operating": NaN,
        "Operating Income": NaN,
        "Operating Expense": NaN,
        "Other Operating Expenses": 1584000.0,
        "Selling General And Administration": NaN,
        "Gross Profit": NaN,
        "Cost Of Revenue": NaN,
        "Total Revenue": NaN,
        "Operating Revenue": NaN
    },
    "2023-10-31": {
        "Tax Effect Of Unusual Items": NaN,
        "Tax Rate For Calcs": NaN,
        "Normalized EBITDA": NaN,
        "Total Unusual Items": NaN,
        "Total Unusual Items Excluding Goodwill": NaN,
        "Net Income From Continuing Operation Net Minority Interest": NaN,
        "Reconciled Depreciation": NaN,
        "Reconciled Cost Of Revenue": NaN,
        "EBITDA": NaN,
        "EBIT": NaN,
        "Net Interest Income": NaN,
        "Interest Expense": NaN,
        "Normalized Income": NaN,
        "Net Income From Continuing And Discontinued Operation": NaN,
        "Total Expenses": NaN,
        "Total Operating Income As Reported": NaN,
        "Diluted Average Shares": NaN,
        "Basic Average Shares": NaN,
        "Diluted EPS": NaN,
        "Basic EPS": NaN,
        "Diluted NI Availto Com Stockholders": NaN,
        "Net Income Common Stockholders": NaN,
        "Net Income": NaN,
        "Net Income Including Noncontrolling Interests": NaN,
        "Net Income Discontinuous Operations": 0.0,
        "Net Income Continuous Operations": NaN,
        "Tax Provision": NaN,
        "Pretax Income": NaN,
        "Other Income Expense": NaN,
        "Special Income Charges": NaN,
        "Other Special Charges": NaN,
        "Net Non Operating Interest Income Expense": NaN,
        "Interest Expense Non Operating": NaN,
        "Operating Income": NaN,
        "Operating Expense": NaN,
        "Selling General And Administration": NaN,
        "Gross Profit": NaN,
        "Cost Of Revenue": NaN,
        "Total Revenue": NaN,
        "Operating Revenue": NaN
    },
    "2024-01-31": {
        "Tax Effect Of Unusual Items": NaN,
        "Tax Rate For Calcs": NaN,
        "Normalized EBITDA": NaN,
        "Total Unusual Items": NaN,
        "Total Unusual Items Excluding Goodwill": NaN,
        "Net Income From Continuing Operation Net Minority Interest": NaN,
        "Reconciled Depreciation": NaN,
        "Reconciled Cost Of Revenue": NaN,
        "EBITDA": NaN,
        "EBIT": NaN,
        "Net Interest Income": NaN,
        "Interest Expense": NaN,
        "Normalized Income": NaN,
        "Net Income From Continuing And Discontinued Operation": NaN,
        "Total Expenses": NaN,
        "Total Operating Income As Reported": NaN,
        "Diluted Average Shares": NaN,
        "Basic Average Shares": NaN,
        "Diluted EPS": NaN,
        "Basic EPS": NaN,
        "Diluted NI Availto Com Stockholders": NaN,
        "Net Income Common Stockholders": NaN,
        "Net Income": NaN,
        "Net Income Including Noncontrolling Interests": NaN,
        "Net Income Discontinuous Operations": 0.0,
        "Net Income Continuous Operations": NaN,
        "Tax Provision": NaN,
        "Pretax Income": NaN,
        "Other Income Expense": NaN,
        "Special Income Charges": NaN,
        "Other Special Charges": NaN,
        "Net Non Operating Interest Income Expense": NaN,
        "Interest Expense Non Operating": NaN,
        "Operating Income": NaN,
        "Operating Expense": NaN,
        "Selling General And Administration": NaN,
        "Gross Profit": NaN,
        "Cost Of Revenue": NaN,
        "Total Revenue": NaN,
        "Operating Revenue": NaN
    },
    "2024-04-30": {
        "Tax Effect Of Unusual Items": NaN,
        "Tax Rate For Calcs": NaN,
        "Normalized EBITDA": NaN,
        "Total Unusual Items": NaN,
        "Total Unusual Items Excluding Goodwill": NaN,
        "Net Income From Continuing Operation Net Minority Interest": NaN,
        "Reconciled Depreciation": NaN,
        "Reconciled Cost Of Revenue": NaN,
        "EBITDA": NaN,
        "EBIT": NaN,
        "Net Interest Income": NaN,
        "Interest Expense": NaN,
        "Normalized Income": NaN,
        "Net Income From Continuing And Discontinued Operation": NaN,
        "Total Expenses": NaN,
        "Total Operating Income As Reported": NaN,
        "Diluted Average Shares": NaN,
        "Basic Average Shares": NaN,
        "Diluted EPS": NaN,
        "Basic EPS": NaN,
        "Diluted NI Availto Com Stockholders": NaN,
        "Net Income Common Stockholders": NaN,
        "Net Income": NaN,
        "Net Income Including Noncontrolling Interests": NaN,
        "Net Income Discontinuous Operations": 0.0,
        "Net Income Continuous Operations": NaN,
        "Tax Provision": NaN,
        "Pretax Income": NaN,
        "Other Income Expense": NaN,
        "Special Income Charges": NaN,
        "Other Special Charges": NaN,
        "Net Non Operating Interest Income Expense": NaN,
        "Interest Expense Non Operating": NaN,
        "Operating Income": NaN,
        "Operating Expense": NaN,
        "Selling General And Administration": NaN,
        "Gross Profit": NaN,
        "Cost Of Revenue": NaN,
        "Total Revenue": NaN,
        "Operating Revenue": NaN
    },
    "2024-07-31": {
        "Tax Effect Of Unusual Items": -620221.537817,
        "Tax Rate For Calcs": 0.240582,
        "Normalized EBITDA": 271390000.0,
        "Total Unusual Items": -2578000.0,
        "Total Unusual Items Excluding Goodwill": -2578000.0,
        "Net Income From Continuing Operation Net Minority Interest": 144988000.0,
        "Reconciled Depreciation": 65137000.0,
        "Reconciled Cost Of Revenue": 4248819000.0,
        "EBITDA": 268812000.0,
        "EBIT": 203675000.0,
        "Net Interest Income": -12755000.0,
        "Interest Expense": 12755000.0,
        "Normalized Income": 146945778.462183,
        "Net Income From Continuing And Discontinued Operation": 144988000.0,
        "Total Expenses": 4999142000.0,
        "Total Operating Income As Reported": 203675000.0,
        "Diluted Average Shares": 133849000.0,
        "Basic Average Shares": 132431000.0,
        "Diluted EPS": 1.08,
        "Basic EPS": 1.09,
        "Diluted NI Availto Com Stockholders": 144988000.0,
        "Net Income Common Stockholders": 144988000.0,
        "Net Income": 144988000.0,
        "Net Income Including Noncontrolling Interests": 144988000.0,
        "Net Income Discontinuous Operations": NaN,
        "Net Income Continuous Operations": 144988000.0,
        "Tax Provision": 45932000.0,
        "Pretax Income": 190920000.0,
        "Other Income Expense": -2578000.0,
        "Special Income Charges": -2578000.0,
        "Other Special Charges": 2578000.0,
        "Net Non Operating Interest Income Expense": -12755000.0,
        "Interest Expense Non Operating": 12755000.0,
        "Operating Income": 206253000.0,
        "Operating Expense": 750323000.0,
        "Selling General And Administration": 750323000.0,
        "Gross Profit": 956576000.0,
        "Cost Of Revenue": 4248819000.0,
        "Total Revenue": 5205395000.0,
        "Operating Revenue": 5205395000.0
    },
    "2024-10-31": {
        "Tax Effect Of Unusual Items": -3528666.0,
        "Tax Rate For Calcs": 0.282,
        "Normalized EBITDA": 307575000.0,
        "Total Unusual Items": -12513000.0,
        "Total Unusual Items Excluding Goodwill": -12513000.0,
        "Net Income From Continuing Operation Net Minority Interest": 155748000.0,
        "Reconciled Depreciation": 65679000.0,
        "Reconciled Cost Of Revenue": 4123888000.0,
        "EBITDA": 295062000.0,
        "EBIT": 229383000.0,
        "Net Interest Income": -12593000.0,
        "Interest Expense": 12593000.0,
        "Normalized Income": 164732334.0,
        "Net Income From Continuing And Discontinued Operation": 155748000.0,
        "Total Expenses": 4857468000.0,
        "Total Operating Income As Reported": 229383000.0,
        "Diluted Average Shares": 133333000.0,
        "Basic Average Shares": 132083000.0,
        "Diluted EPS": 1.17,
        "Basic EPS": 1.18,
        "Diluted NI Availto Com Stockholders": 155748000.0,
        "Net Income Common Stockholders": 155748000.0,
        "Net Income": 155748000.0,
        "Net Income Including Noncontrolling Interests": 155748000.0,
        "Net Income Discontinuous Operations": NaN,
        "Net Income Continuous Operations": 155748000.0,
        "Tax Provision": 61042000.0,
        "Pretax Income": 216790000.0,
        "Other Income Expense": -12513000.0,
        "Special Income Charges": -12513000.0,
        "Other Special Charges": 12513000.0,
        "Net Non Operating Interest Income Expense": -12593000.0,
        "Interest Expense Non Operating": 12593000.0,
        "Operating Income": 241896000.0,
        "Operating Expense": 733580000.0,
        "Selling General And Administration": 733580000.0,
        "Gross Profit": 975476000.0,
        "Cost Of Revenue": 4123888000.0,
        "Total Revenue": 5099364000.0,
        "Operating Revenue": 5099364000.0
    },
    "2025-01-31": {
        "Tax Effect Of Unusual Items": -3479334.179026,
        "Tax Rate For Calcs": 0.262552,
        "Normalized EBITDA": 257665000.0,
        "Total Unusual Items": -13252000.0,
        "Total Unusual Items Excluding Goodwill": -13252000.0,
        "Net Income From Continuing Operation Net Minority Interest": 122662000.0,
        "Reconciled Depreciation": 67830000.0,
        "Reconciled Cost Of Revenue": 4329542000.0,
        "EBITDA": 244413000.0,
        "EBIT": 176583000.0,
        "Net Interest Income": -11190000.0,
        "Interest Expense": 10250000.0,
        "Normalized Income": 132434665.820974,
        "Net Income From Continuing And Discontinued Operation": 122662000.0,
        "Total Expenses": 5087751000.0,
        "Total Operating Income As Reported": 178393000.0,
        "Diluted Average Shares": 133128000.0,
        "Basic Average Shares": 131690000.0,
        "Diluted EPS": 0.92,
        "Basic EPS": 0.93,
        "Diluted NI Availto Com Stockholders": 122662000.0,
        "Net Income Common Stockholders": 122662000.0,
        "Net Income": 122662000.0,
        "Net Income Including Noncontrolling Interests": 122662000.0,
        "Net Income Discontinuous Operations": 0.0,
        "Net Income Continuous Operations": 122662000.0,
        "Tax Provision": 43671000.0,
        "Pretax Income": 166333000.0,
        "Other Income Expense": -13252000.0,
        "Special Income Charges": -13252000.0,
        "Other Special Charges": 13252000.0,
        "Net Non Operating Interest Income Expense": -11190000.0,
        "Interest Expense Non Operating": 10250000.0,
        "Operating Income": 190775000.0,
        "Operating Expense": 758209000.0,
        "Selling General And Administration": 758209000.0,
        "Gross Profit": 948984000.0,
        "Cost Of Revenue": 4329542000.0,
        "Total Revenue": 5278526000.0,
        "Operating Revenue": 5278526000.0
    },
    "2025-04-30": {
        "Tax Effect Of Unusual Items": -1104228.0,
        "Tax Rate For Calcs": 0.222,
        "Normalized EBITDA": 278284000.0,
        "Total Unusual Items": -4974000.0,
        "Total Unusual Items Excluding Goodwill": -4974000.0,
        "Net Income From Continuing Operation Net Minority Interest": 149768000.0,
        "Reconciled Depreciation": 69665000.0,
        "Reconciled Cost Of Revenue": 4183984000.0,
        "EBITDA": 273310000.0,
        "EBIT": 203645000.0,
        "Net Interest Income": -11099000.0,
        "Interest Expense": 11099000.0,
        "Normalized Income": 153637772.0,
        "Net Income From Continuing And Discontinued Operation": 149768000.0,
        "Total Expenses": 4944864000.0,
        "Total Operating Income As Reported": 203645000.0,
        "Diluted Average Shares": 132749000.0,
        "Basic Average Shares": 131569000.0,
        "Diluted EPS": 1.13,
        "Basic EPS": 1.14,
        "Diluted NI Availto Com Stockholders": 149768000.0,
        "Net Income Common Stockholders": 149768000.0,
        "Net Income": 149768000.0,
        "Net Income Including Noncontrolling Interests": 149768000.0,
        "Net Income Discontinuous Operations": NaN,
        "Net Income Continuous Operations": 149768000.0,
        "Tax Provision": 42778000.0,
        "Pretax Income": 192546000.0,
        "Other Income Expense": -4974000.0,
        "Special Income Charges": -4974000.0,
        "Other Special Charges": 4974000.0,
        "Net Non Operating Interest Income Expense": -11099000.0,
        "Interest Expense Non Operating": 11099000.0,
        "Operating Income": 208619000.0,
        "Operating Expense": 760880000.0,
        "Selling General And Administration": 760880000.0,
        "Gross Profit": 969499000.0,
        "Cost Of Revenue": 4183984000.0,
        "Total Revenue": 5153483000.0,
        "Operating Revenue": 5153483000.0
    },
    "2025-07-31": {
        "Tax Effect Of Unusual Items": -883902.375605,
        "Tax Rate For Calcs": 0.268909,
        "Normalized EBITDA": 291750000.0,
        "Total Unusual Items": -3287000.0,
        "Total Unusual Items Excluding Goodwill": -3287000.0,
        "Net Income From Continuing Operation Net Minority Interest": 150705000.0,
        "Reconciled Depreciation": 71933000.0,
        "Reconciled Cost Of Revenue": 4374065000.0,
        "EBITDA": 288463000.0,
        "EBIT": 216530000.0,
        "Net Interest Income": -10393000.0,
        "Interest Expense": 10393000.0,
        "Normalized Income": 153108097.624395,
        "Net Income From Continuing And Discontinued Operation": 150705000.0,
        "Total Expenses": 5160423000.0,
        "Total Operating Income As Reported": 216530000.0,
        "Diluted Average Shares": 132517000.0,
        "Basic Average Shares": 131799000.0,
        "Diluted EPS": 1.14,
        "Basic EPS": 1.14,
        "Diluted NI Availto Com Stockholders": 150705000.0,
        "Net Income Common Stockholders": 150705000.0,
        "Net Income": 150705000.0,
        "Net Income Including Noncontrolling Interests": 150705000.0,
        "Net Income Discontinuous Operations": NaN,
        "Net Income Continuous Operations": 150705000.0,
        "Tax Provision": 55432000.0,
        "Pretax Income": 206137000.0,
        "Other Income Expense": -3287000.0,
        "Special Income Charges": -3287000.0,
        "Other Special Charges": 3287000.0,
        "Net Non Operating Interest Income Expense": -10393000.0,
        "Interest Expense Non Operating": 10393000.0,
        "Operating Income": 219817000.0,
        "Operating Expense": 786358000.0,
        "Selling General And Administration": 786358000.0,
        "Gross Profit": 1006175000.0,
        "Cost Of Revenue": 4374065000.0,
        "Total Revenue": 5380240000.0,
        "Operating Revenue": 5380240000.0
    }
}