{
    "2023-06-30": {
        "Tax Effect Of Unusual Items": NaN,
        "Tax Rate For Calcs": NaN,
        "Total Unusual Items": NaN,
        "Total Unusual Items Excluding Goodwill": NaN,
        "Net Income From Continuing Operation Net Minority Interest": NaN,
        "Reconciled Depreciation": NaN,
        "Net Interest Income": NaN,
        "Interest Expense": NaN,
        "Interest Income": NaN,
        "Normalized Income": NaN,
        "Net Income From Continuing And Discontinued Operation": NaN,
        "Diluted Average Shares": NaN,
        "Basic Average Shares": NaN,
        "Diluted EPS": NaN,
        "Basic EPS": NaN,
        "Diluted NI Availto Com Stockholders": NaN,
        "Net Income Common Stockholders": NaN,
        "Preferred Stock Dividends": NaN,
        "Net Income": NaN,
        "Minority Interests": NaN,
        "Net Income Including Noncontrolling Interests": NaN,
        "Net Income Continuous Operations": NaN,
        "Tax Provision": NaN,
        "Pretax Income": NaN,
        "Special Income Charges": NaN,
        "Gain On Sale Of Business": -1000000.0,
        "Other Special Charges": NaN,
        "Impairment Of Capital Assets": NaN,
        "Restructuring And Mergern Acquisition": NaN,
        "Gain On Sale Of Security": NaN,
        "Depreciation Amortization Depletion Income Statement": NaN,
        "Depreciation And Amortization In Income Statement": NaN,
        "Amortization": NaN,
        "Amortization Of Intangibles Income Statement": NaN,
        "Selling General And Administration": NaN,
        "General And Administrative Expense": NaN,
        "Salaries And Wages": NaN,
        "Total Revenue": NaN,
        "Operating Revenue": NaN,
        "Occupancy And Equipment": NaN,
        "Professional Expense And Contract Services Expense": NaN,
        "Other Non Interest Expense": NaN
    },
    "2023-03-31": {
        "Tax Effect Of Unusual Items": NaN,
        "Tax Rate For Calcs": NaN,
        "Total Unusual Items": -7000000.0,
        "Total Unusual Items Excluding Goodwill": -7000000.0,
        "Net Income From Continuing Operation Net Minority Interest": NaN,
        "Reconciled Depreciation": NaN,
        "Net Interest Income": NaN,
        "Interest Expense": NaN,
        "Interest Income": NaN,
        "Normalized Income": NaN,
        "Net Income From Continuing And Discontinued Operation": NaN,
        "Diluted Average Shares": NaN,
        "Basic Average Shares": NaN,
        "Diluted EPS": NaN,
        "Basic EPS": NaN,
        "Diluted NI Availto Com Stockholders": NaN,
        "Net Income Common Stockholders": NaN,
        "Preferred Stock Dividends": NaN,
        "Net Income": NaN,
        "Minority Interests": NaN,
        "Net Income Including Noncontrolling Interests": NaN,
        "Net Income Continuous Operations": NaN,
        "Tax Provision": NaN,
        "Pretax Income": NaN,
        "Special Income Charges": -7000000.0,
        "Gain On Sale Of Business": -1000000.0,
        "Other Special Charges": 6000000.0,
        "Impairment Of Capital Assets": NaN,
        "Restructuring And Mergern Acquisition": 0.0,
        "Gain On Sale Of Security": NaN,
        "Depreciation Amortization Depletion Income Statement": NaN,
        "Depreciation And Amortization In Income Statement": NaN,
        "Amortization": NaN,
        "Amortization Of Intangibles Income Statement": NaN,
        "Selling General And Administration": NaN,
        "General And Administrative Expense": NaN,
        "Salaries And Wages": NaN,
        "Total Revenue": NaN,
        "Operating Revenue": NaN,
        "Occupancy And Equipment": NaN,
        "Professional Expense And Contract Services Expense": NaN,
        "Other Non Interest Expense": NaN
    },
    "2022-12-31": {
        "Tax Effect Of Unusual Items": NaN,
        "Tax Rate For Calcs": NaN,
        "Total Unusual Items": NaN,
        "Total Unusual Items Excluding Goodwill": NaN,
        "Net Income From Continuing Operation Net Minority Interest": NaN,
        "Reconciled Depreciation": NaN,
        "Net Interest Income": NaN,
        "Interest Expense": NaN,
        "Interest Income": NaN,
        "Normalized Income": NaN,
        "Net Income From Continuing And Discontinued Operation": NaN,
        "Diluted Average Shares": NaN,
        "Basic Average Shares": NaN,
        "Diluted EPS": NaN,
        "Basic EPS": NaN,
        "Diluted NI Availto Com Stockholders": NaN,
        "Net Income Common Stockholders": NaN,
        "Preferred Stock Dividends": NaN,
        "Net Income": NaN,
        "Minority Interests": NaN,
        "Net Income Including Noncontrolling Interests": NaN,
        "Net Income Continuous Operations": NaN,
        "Tax Provision": NaN,
        "Pretax Income": NaN,
        "Special Income Charges": NaN,
        "Gain On Sale Of Business": NaN,
        "Other Special Charges": NaN,
        "Impairment Of Capital Assets": 0.0,
        "Restructuring And Mergern Acquisition": NaN,
        "Gain On Sale Of Security": NaN,
        "Depreciation Amortization Depletion Income Statement": NaN,
        "Depreciation And Amortization In Income Statement": NaN,
        "Amortization": NaN,
        "Amortization Of Intangibles Income Statement": NaN,
        "Selling General And Administration": NaN,
        "General And Administrative Expense": NaN,
        "Salaries And Wages": NaN,
        "Total Revenue": NaN,
        "Operating Revenue": NaN,
        "Occupancy And Equipment": NaN,
        "Professional Expense And Contract Services Expense": NaN,
        "Other Non Interest Expense": NaN
    },
    "2022-09-30": {
        "Tax Effect Of Unusual Items": NaN,
        "Tax Rate For Calcs": NaN,
        "Total Unusual Items": NaN,
        "Total Unusual Items Excluding Goodwill": NaN,
        "Net Income From Continuing Operation Net Minority Interest": NaN,
        "Reconciled Depreciation": NaN,
        "Net Interest Income": NaN,
        "Interest Expense": NaN,
        "Interest Income": NaN,
        "Normalized Income": NaN,
        "Net Income From Continuing And Discontinued Operation": NaN,
        "Diluted Average Shares": NaN,
        "Basic Average Shares": NaN,
        "Diluted EPS": NaN,
        "Basic EPS": NaN,
        "Diluted NI Availto Com Stockholders": NaN,
        "Net Income Common Stockholders": NaN,
        "Preferred Stock Dividends": NaN,
        "Net Income": NaN,
        "Minority Interests": NaN,
        "Net Income Including Noncontrolling Interests": NaN,
        "Net Income Continuous Operations": NaN,
        "Tax Provision": NaN,
        "Pretax Income": NaN,
        "Special Income Charges": NaN,
        "Gain On Sale Of Business": 37000000.0,
        "Other Special Charges": 2000000.0,
        "Impairment Of Capital Assets": 680000000.0,
        "Restructuring And Mergern Acquisition": 32000000.0,
        "Gain On Sale Of Security": NaN,
        "Depreciation Amortization Depletion Income Statement": NaN,
        "Depreciation And Amortization In Income Statement": NaN,
        "Amortization": NaN,
        "Amortization Of Intangibles Income Statement": NaN,
        "Selling General And Administration": NaN,
        "General And Administrative Expense": NaN,
        "Salaries And Wages": NaN,
        "Total Revenue": NaN,
        "Operating Revenue": NaN
    },
    "2022-06-30": {
        "Tax Effect Of Unusual Items": 0.0,
        "Tax Rate For Calcs": 0.211,
        "Total Unusual Items": NaN,
        "Total Unusual Items Excluding Goodwill": NaN,
        "Net Income From Continuing Operation Net Minority Interest": 869000000.0,
        "Reconciled Depreciation": 17000000.0,
        "Net Interest Income": 824000000.0,
        "Interest Expense": 335000000.0,
        "Interest Income": 1159000000.0,
        "Normalized Income": 869000000.0,
        "Net Income From Continuing And Discontinued Operation": 869000000.0,
        "Diluted Average Shares": 813590000.0,
        "Basic Average Shares": 810903000.0,
        "Diluted EPS": 1.03,
        "Basic EPS": 1.03,
        "Diluted NI Availto Com Stockholders": 835000000.0,
        "Net Income Common Stockholders": 835000000.0,
        "Preferred Stock Dividends": 34000000.0,
        "Net Income": 869000000.0,
        "Minority Interests": 5000000.0,
        "Net Income Including Noncontrolling Interests": 864000000.0,
        "Net Income Continuous Operations": 864000000.0,
        "Tax Provision": 231000000.0,
        "Pretax Income": 1095000000.0,
        "Special Income Charges": NaN,
        "Other Special Charges": NaN,
        "Impairment Of Capital Assets": NaN,
        "Gain On Sale Of Security": 91000000.0,
        "Depreciation Amortization Depletion Income Statement": 17000000.0,
        "Depreciation And Amortization In Income Statement": 17000000.0,
        "Amortization": 17000000.0,
        "Amortization Of Intangibles Income Statement": 17000000.0,
        "Selling General And Administration": 1623000000.0,
        "General And Administrative Expense": 1623000000.0,
        "Salaries And Wages": 1623000000.0,
        "Total Revenue": 4164000000.0,
        "Operating Revenue": 4164000000.0
    },
    "2023-09-30": {
        "Tax Effect Of Unusual Items": NaN,
        "Tax Rate For Calcs": NaN,
        "Total Unusual Items": NaN,
        "Total Unusual Items Excluding Goodwill": NaN,
        "Net Income From Continuing Operation Net Minority Interest": NaN,
        "Reconciled Depreciation": NaN,
        "Net Interest Income": NaN,
        "Interest Expense": NaN,
        "Interest Income": NaN,
        "Normalized Income": NaN,
        "Net Income From Continuing And Discontinued Operation": NaN,
        "Diluted Average Shares": NaN,
        "Basic Average Shares": NaN,
        "Diluted EPS": NaN,
        "Basic EPS": NaN,
        "Diluted NI Availto Com Stockholders": NaN,
        "Net Income Common Stockholders": NaN,
        "Preferred Stock Dividends": NaN,
        "Net Income": NaN,
        "Minority Interests": NaN,
        "Net Income Including Noncontrolling Interests": NaN,
        "Net Income Continuous Operations": NaN,
        "Tax Provision": NaN,
        "Pretax Income": NaN,
        "Special Income Charges": NaN,
        "Gain On Sale Of Business": 0.0,
        "Other Special Charges": NaN,
        "Impairment Of Capital Assets": 0.0,
        "Restructuring And Mergern Acquisition": NaN,
        "Gain On Sale Of Security": NaN,
        "Depreciation Amortization Depletion Income Statement": NaN,
        "Depreciation And Amortization In Income Statement": NaN,
        "Amortization": NaN,
        "Amortization Of Intangibles Income Statement": NaN,
        "Selling General And Administration": NaN,
        "General And Administrative Expense": NaN,
        "Salaries And Wages": NaN,
        "Total Revenue": NaN,
        "Operating Revenue": NaN,
        "Occupancy And Equipment": NaN,
        "Professional Expense And Contract Services Expense": NaN,
        "Other Non Interest Expense": NaN
    },
    "2023-12-31": {
        "Tax Effect Of Unusual Items": NaN,
        "Tax Rate For Calcs": NaN,
        "Total Unusual Items": NaN,
        "Total Unusual Items Excluding Goodwill": NaN,
        "Net Income From Continuing Operation Net Minority Interest": NaN,
        "Reconciled Depreciation": NaN,
        "Net Interest Income": NaN,
        "Interest Expense": NaN,
        "Interest Income": NaN,
        "Normalized Income": NaN,
        "Net Income From Continuing And Discontinued Operation": NaN,
        "Diluted Average Shares": NaN,
        "Basic Average Shares": NaN,
        "Diluted EPS": NaN,
        "Basic EPS": NaN,
        "Diluted NI Availto Com Stockholders": NaN,
        "Net Income Common Stockholders": NaN,
        "Preferred Stock Dividends": NaN,
        "Net Income": NaN,
        "Minority Interests": NaN,
        "Net Income Including Noncontrolling Interests": NaN,
        "Net Income Continuous Operations": NaN,
        "Tax Provision": NaN,
        "Pretax Income": NaN,
        "Special Income Charges": NaN,
        "Gain On Sale Of Business": NaN,
        "Other Special Charges": NaN,
        "Impairment Of Capital Assets": 0.0,
        "Restructuring And Mergern Acquisition": NaN,
        "Gain On Sale Of Security": NaN,
        "Depreciation Amortization Depletion Income Statement": NaN,
        "Depreciation And Amortization In Income Statement": NaN,
        "Amortization": NaN,
        "Amortization Of Intangibles Income Statement": NaN,
        "Selling General And Administration": NaN,
        "General And Administrative Expense": NaN,
        "Salaries And Wages": NaN,
        "Total Revenue": NaN,
        "Operating Revenue": NaN,
        "Occupancy And Equipment": NaN,
        "Professional Expense And Contract Services Expense": NaN,
        "Other Non Interest Expense": NaN
    },
    "2024-03-31": {
        "Tax Effect Of Unusual Items": NaN,
        "Tax Rate For Calcs": NaN,
        "Total Unusual Items": NaN,
        "Total Unusual Items Excluding Goodwill": NaN,
        "Net Income From Continuing Operation Net Minority Interest": NaN,
        "Reconciled Depreciation": NaN,
        "Net Interest Income": NaN,
        "Interest Expense": NaN,
        "Interest Income": NaN,
        "Normalized Income": NaN,
        "Net Income From Continuing And Discontinued Operation": NaN,
        "Diluted Average Shares": NaN,
        "Basic Average Shares": NaN,
        "Diluted EPS": NaN,
        "Basic EPS": NaN,
        "Diluted NI Availto Com Stockholders": NaN,
        "Net Income Common Stockholders": NaN,
        "Preferred Stock Dividends": NaN,
        "Net Income": NaN,
        "Minority Interests": NaN,
        "Net Income Including Noncontrolling Interests": NaN,
        "Net Income Continuous Operations": NaN,
        "Tax Provision": NaN,
        "Pretax Income": NaN,
        "Special Income Charges": NaN,
        "Gain On Sale Of Business": 0.0,
        "Other Special Charges": NaN,
        "Restructuring And Mergern Acquisition": NaN,
        "Gain On Sale Of Security": NaN,
        "Depreciation Amortization Depletion Income Statement": NaN,
        "Depreciation And Amortization In Income Statement": NaN,
        "Amortization": NaN,
        "Amortization Of Intangibles Income Statement": NaN,
        "Selling General And Administration": NaN,
        "General And Administrative Expense": NaN,
        "Salaries And Wages": NaN,
        "Total Revenue": NaN,
        "Operating Revenue": NaN,
        "Occupancy And Equipment": NaN,
        "Professional Expense And Contract Services Expense": NaN,
        "Other Non Interest Expense": NaN
    },
    "2024-06-30": {
        "Tax Effect Of Unusual Items": NaN,
        "Tax Rate For Calcs": NaN,
        "Total Unusual Items": NaN,
        "Total Unusual Items Excluding Goodwill": NaN,
        "Net Income From Continuing Operation Net Minority Interest": NaN,
        "Reconciled Depreciation": NaN,
        "Net Interest Income": NaN,
        "Interest Expense": NaN,
        "Interest Income": NaN,
        "Normalized Income": NaN,
        "Net Income From Continuing And Discontinued Operation": NaN,
        "Diluted Average Shares": NaN,
        "Basic Average Shares": NaN,
        "Diluted EPS": NaN,
        "Basic EPS": NaN,
        "Diluted NI Availto Com Stockholders": NaN,
        "Net Income Common Stockholders": NaN,
        "Preferred Stock Dividends": NaN,
        "Net Income": NaN,
        "Minority Interests": NaN,
        "Net Income Including Noncontrolling Interests": NaN,
        "Net Income Continuous Operations": NaN,
        "Tax Provision": NaN,
        "Pretax Income": NaN,
        "Special Income Charges": NaN,
        "Gain On Sale Of Business": 0.0,
        "Other Special Charges": NaN,
        "Restructuring And Mergern Acquisition": NaN,
        "Gain On Sale Of Security": NaN,
        "Depreciation Amortization Depletion Income Statement": NaN,
        "Depreciation And Amortization In Income Statement": NaN,
        "Amortization": NaN,
        "Amortization Of Intangibles Income Statement": NaN,
        "Selling General And Administration": NaN,
        "General And Administrative Expense": NaN,
        "Salaries And Wages": NaN,
        "Total Revenue": NaN,
        "Operating Revenue": NaN,
        "Occupancy And Equipment": NaN,
        "Professional Expense And Contract Services Expense": NaN,
        "Other Non Interest Expense": NaN
    },
    "2024-09-30": {
        "Tax Effect Of Unusual Items": -5500000.0,
        "Tax Rate For Calcs": 0.22,
        "Total Unusual Items": -25000000.0,
        "Total Unusual Items Excluding Goodwill": -25000000.0,
        "Net Income From Continuing Operation Net Minority Interest": 1182000000.0,
        "Reconciled Depreciation": 451000000.0,
        "Net Interest Income": 1048000000.0,
        "Interest Expense": 5604000000.0,
        "Interest Income": 6652000000.0,
        "Normalized Income": 1201500000.0,
        "Net Income From Continuing And Discontinued Operation": 1182000000.0,
        "Diluted Average Shares": NaN,
        "Basic Average Shares": NaN,
        "Diluted EPS": NaN,
        "Basic EPS": NaN,
        "Diluted NI Availto Com Stockholders": 1110000000.0,
        "Net Income Common Stockholders": 1110000000.0,
        "Preferred Stock Dividends": 72000000.0,
        "Net Income": 1182000000.0,
        "Minority Interests": -7000000.0,
        "Net Income Including Noncontrolling Interests": 1189000000.0,
        "Net Income Continuous Operations": 1189000000.0,
        "Tax Provision": 336000000.0,
        "Pretax Income": 1525000000.0,
        "Special Income Charges": -25000000.0,
        "Gain On Sale Of Business": 0.0,
        "Other Special Charges": -15000000.0,
        "Restructuring And Mergern Acquisition": 40000000.0,
        "Gain On Sale Of Security": 32000000.0,
        "Depreciation Amortization Depletion Income Statement": 12000000.0,
        "Depreciation And Amortization In Income Statement": 12000000.0,
        "Amortization": 12000000.0,
        "Amortization Of Intangibles Income Statement": 12000000.0,
        "Selling General And Administration": 1696000000.0,
        "General And Administrative Expense": 1696000000.0,
        "Salaries And Wages": 1696000000.0,
        "Total Revenue": 4558000000.0,
        "Operating Revenue": 4558000000.0,
        "Occupancy And Equipment": 621000000.0,
        "Professional Expense And Contract Services Expense": 370000000.0,
        "Other Non Interest Expense": 286000000.0
    },
    "2024-12-31": {
        "Tax Effect Of Unusual Items": -35309103.26087,
        "Tax Rate For Calcs": 0.213995,
        "Total Unusual Items": -165000000.0,
        "Total Unusual Items Excluding Goodwill": -165000000.0,
        "Net Income From Continuing Operation Net Minority Interest": 1155000000.0,
        "Reconciled Depreciation": 428000000.0,
        "Net Interest Income": 1194000000.0,
        "Interest Expense": 5273000000.0,
        "Interest Income": 6467000000.0,
        "Normalized Income": 1284690896.73913,
        "Net Income From Continuing And Discontinued Operation": 1155000000.0,
        "Diluted Average Shares": 733720000.0,
        "Basic Average Shares": 726568000.0,
        "Diluted EPS": 1.54,
        "Basic EPS": 1.56,
        "Diluted NI Availto Com Stockholders": 1130000000.0,
        "Net Income Common Stockholders": 1130000000.0,
        "Preferred Stock Dividends": 25000000.0,
        "Net Income": 1155000000.0,
        "Minority Interests": -2000000.0,
        "Net Income Including Noncontrolling Interests": 1157000000.0,
        "Net Income Continuous Operations": 1157000000.0,
        "Tax Provision": 315000000.0,
        "Pretax Income": 1472000000.0,
        "Special Income Charges": -165000000.0,
        "Gain On Sale Of Business": NaN,
        "Other Special Charges": 30000000.0,
        "Restructuring And Mergern Acquisition": 135000000.0,
        "Gain On Sale Of Security": -39000000.0,
        "Depreciation Amortization Depletion Income Statement": 13000000.0,
        "Depreciation And Amortization In Income Statement": 13000000.0,
        "Amortization": 13000000.0,
        "Amortization Of Intangibles Income Statement": 13000000.0,
        "Selling General And Administration": 1682000000.0,
        "General And Administrative Expense": 1682000000.0,
        "Salaries And Wages": 1682000000.0,
        "Total Revenue": 4760000000.0,
        "Operating Revenue": 4760000000.0,
        "Occupancy And Equipment": 669000000.0,
        "Professional Expense And Contract Services Expense": 410000000.0,
        "Other Non Interest Expense": 329000000.0
    },
    "2025-03-31": {
        "Tax Effect Of Unusual Items": 0.0,
        "Tax Rate For Calcs": 0.197,
        "Total Unusual Items": 0.0,
        "Total Unusual Items Excluding Goodwill": 0.0,
        "Net Income From Continuing Operation Net Minority Interest": 1220000000.0,
        "Reconciled Depreciation": 446000000.0,
        "Net Interest Income": 1159000000.0,
        "Interest Expense": 4964000000.0,
        "Interest Income": 6123000000.0,
        "Normalized Income": 1220000000.0,
        "Net Income From Continuing And Discontinued Operation": 1220000000.0,
        "Diluted Average Shares": 727398000.0,
        "Basic Average Shares": 720951000.0,
        "Diluted EPS": 1.58,
        "Basic EPS": 1.59,
        "Diluted NI Availto Com Stockholders": 1149000000.0,
        "Net Income Common Stockholders": 1149000000.0,
        "Preferred Stock Dividends": 71000000.0,
        "Net Income": 1220000000.0,
        "Minority Interests": -2000000.0,
        "Net Income Including Noncontrolling Interests": 1222000000.0,
        "Net Income Continuous Operations": 1222000000.0,
        "Tax Provision": 300000000.0,
        "Pretax Income": 1522000000.0,
        "Special Income Charges": 0.0,
        "Gain On Sale Of Business": 40000000.0,
        "Other Special Charges": 8000000.0,
        "Restructuring And Mergern Acquisition": 32000000.0,
        "Gain On Sale Of Security": 39000000.0,
        "Depreciation Amortization Depletion Income Statement": 11000000.0,
        "Depreciation And Amortization In Income Statement": 11000000.0,
        "Amortization": 11000000.0,
        "Amortization Of Intangibles Income Statement": 11000000.0,
        "Selling General And Administration": 1802000000.0,
        "General And Administrative Expense": 1802000000.0,
        "Salaries And Wages": 1802000000.0,
        "Total Revenue": 4687000000.0,
        "Operating Revenue": 4687000000.0,
        "Occupancy And Equipment": 649000000.0,
        "Professional Expense And Contract Services Expense": 366000000.0,
        "Other Non Interest Expense": 319000000.0
    },
    "2025-06-30": {
        "Tax Effect Of Unusual Items": -2636215.334421,
        "Tax Rate For Calcs": 0.219685,
        "Total Unusual Items": -12000000.0,
        "Total Unusual Items Excluding Goodwill": -12000000.0,
        "Net Income From Continuing Operation Net Minority Interest": 1423000000.0,
        "Reconciled Depreciation": 426000000.0,
        "Net Interest Income": 1203000000.0,
        "Interest Expense": 5399000000.0,
        "Interest Income": 6602000000.0,
        "Normalized Income": 1432363784.665579,
        "Net Income From Continuing And Discontinued Operation": 1423000000.0,
        "Diluted Average Shares": 720007000.0,
        "Basic Average Shares": 714799000.0,
        "Diluted EPS": 1.93,
        "Basic EPS": 1.95,
        "Diluted NI Availto Com Stockholders": 1391000000.0,
        "Net Income Common Stockholders": 1391000000.0,
        "Preferred Stock Dividends": 32000000.0,
        "Net Income": 1423000000.0,
        "Minority Interests": -12000000.0,
        "Net Income Including Noncontrolling Interests": 1435000000.0,
        "Net Income Continuous Operations": 1435000000.0,
        "Tax Provision": 404000000.0,
        "Pretax Income": 1839000000.0,
        "Special Income Charges": -12000000.0,
        "Gain On Sale Of Business": 0.0,
        "Other Special Charges": -22000000.0,
        "Restructuring And Mergern Acquisition": 34000000.0,
        "Gain On Sale Of Security": 49000000.0,
        "Depreciation Amortization Depletion Income Statement": 11000000.0,
        "Depreciation And Amortization In Income Statement": 11000000.0,
        "Amortization": 11000000.0,
        "Amortization Of Intangibles Income Statement": 11000000.0,
        "Selling General And Administration": 1734000000.0,
        "General And Administrative Expense": 1734000000.0,
        "Salaries And Wages": 1734000000.0,
        "Total Revenue": 4965000000.0,
        "Operating Revenue": 4965000000.0,
        "Occupancy And Equipment": 659000000.0,
        "Professional Expense And Contract Services Expense": 388000000.0,
        "Other Non Interest Expense": 339000000.0
    },
    "2025-09-30": {
        "Tax Effect Of Unusual Items": -5751000.0,
        "Tax Rate For Calcs": 0.213,
        "Total Unusual Items": -27000000.0,
        "Total Unusual Items Excluding Goodwill": -27000000.0,
        "Net Income From Continuing Operation Net Minority Interest": 1445000000.0,
        "Reconciled Depreciation": 428000000.0,
        "Net Interest Income": 1236000000.0,
        "Interest Expense": 5358000000.0,
        "Interest Income": 6594000000.0,
        "Normalized Income": 1466249000.0,
        "Net Income From Continuing And Discontinued Operation": 1445000000.0,
        "Diluted Average Shares": 712854000.0,
        "Basic Average Shares": 705873000.0,
        "Diluted EPS": 1.88,
        "Basic EPS": 1.9,
        "Diluted NI Availto Com Stockholders": 1339000000.0,
        "Net Income Common Stockholders": 1339000000.0,
        "Preferred Stock Dividends": 106000000.0,
        "Net Income": 1445000000.0,
        "Minority Interests": -12000000.0,
        "Net Income Including Noncontrolling Interests": 1457000000.0,
        "Net Income Continuous Operations": 1457000000.0,
        "Tax Provision": 395000000.0,
        "Pretax Income": 1852000000.0,
        "Special Income Charges": -27000000.0,
        "Gain On Sale Of Business": 12000000.0,
        "Other Special Charges": -11000000.0,
        "Restructuring And Mergern Acquisition": 50000000.0,
        "Gain On Sale Of Security": 27000000.0,
        "Depreciation Amortization Depletion Income Statement": 12000000.0,
        "Depreciation And Amortization In Income Statement": 12000000.0,
        "Amortization": 12000000.0,
        "Amortization Of Intangibles Income Statement": 12000000.0,
        "Selling General And Administration": 1695000000.0,
        "General And Administrative Expense": 1695000000.0,
        "Salaries And Wages": 1695000000.0,
        "Total Revenue": 5001000000.0,
        "Operating Revenue": 5001000000.0,
        "Occupancy And Equipment": 682000000.0,
        "Professional Expense And Contract Services Expense": 404000000.0,
        "Other Non Interest Expense": 336000000.0
    },
    "2025-12-31": {
        "Tax Effect Of Unusual Items": NaN,
        "Tax Rate For Calcs": NaN,
        "Total Unusual Items": NaN,
        "Total Unusual Items Excluding Goodwill": NaN,
        "Net Income From Continuing Operation Net Minority Interest": NaN,
        "Reconciled Depreciation": NaN,
        "Net Interest Income": NaN,
        "Interest Expense": NaN,
        "Interest Income": NaN,
        "Normalized Income": NaN,
        "Net Income From Continuing And Discontinued Operation": NaN,
        "Diluted Average Shares": 705140000.0,
        "Basic Average Shares": 697540000.0,
        "Diluted EPS": 2.02,
        "Basic EPS": 2.04,
        "Diluted NI Availto Com Stockholders": NaN,
        "Net Income Common Stockholders": NaN,
        "Preferred Stock Dividends": NaN,
        "Net Income": NaN,
        "Minority Interests": NaN,
        "Net Income Including Noncontrolling Interests": NaN,
        "Net Income Continuous Operations": NaN,
        "Tax Provision": NaN,
        "Pretax Income": NaN,
        "Special Income Charges": NaN,
        "Gain On Sale Of Business": NaN,
        "Other Special Charges": NaN,
        "Restructuring And Mergern Acquisition": NaN,
        "Gain On Sale Of Security": NaN,
        "Depreciation Amortization Depletion Income Statement": NaN,
        "Depreciation And Amortization In Income Statement": NaN,
        "Amortization": NaN,
        "Amortization Of Intangibles Income Statement": NaN,
        "Selling General And Administration": NaN,
        "General And Administrative Expense": NaN,
        "Salaries And Wages": NaN,
        "Total Revenue": NaN,
        "Operating Revenue": NaN,
        "Occupancy And Equipment": NaN,
        "Professional Expense And Contract Services Expense": NaN,
        "Other Non Interest Expense": NaN
    }
}