{
    "2023-03-31": {
        "Tax Effect Of Unusual Items": NaN,
        "Tax Rate For Calcs": NaN,
        "Normalized EBITDA": NaN,
        "Total Unusual Items": NaN,
        "Total Unusual Items Excluding Goodwill": NaN,
        "Net Income From Continuing Operation Net Minority Interest": NaN,
        "Reconciled Depreciation": NaN,
        "Reconciled Cost Of Revenue": NaN,
        "EBITDA": NaN,
        "EBIT": NaN,
        "Net Interest Income": NaN,
        "Interest Income": 1624000.0,
        "Normalized Income": NaN,
        "Net Income From Continuing And Discontinued Operation": NaN,
        "Total Expenses": NaN,
        "Total Operating Income As Reported": NaN,
        "Diluted Average Shares": 3275172.0,
        "Basic Average Shares": 3275172.0,
        "Diluted EPS": -4.27,
        "Basic EPS": -4.27,
        "Diluted NI Availto Com Stockholders": NaN,
        "Average Dilution Earnings": NaN,
        "Net Income Common Stockholders": NaN,
        "Net Income": NaN,
        "Minority Interests": NaN,
        "Net Income Including Noncontrolling Interests": NaN,
        "Net Income Continuous Operations": NaN,
        "Tax Provision": NaN,
        "Pretax Income": NaN,
        "Other Income Expense": NaN,
        "Other Non Operating Income Expenses": NaN,
        "Special Income Charges": NaN,
        "Impairment Of Capital Assets": NaN,
        "Restructuring And Mergern Acquisition": NaN,
        "Gain On Sale Of Security": NaN,
        "Net Non Operating Interest Income Expense": NaN,
        "Interest Income Non Operating": 1624000.0,
        "Operating Income": NaN,
        "Operating Expense": NaN,
        "Other Operating Expenses": NaN,
        "Depreciation Amortization Depletion Income Statement": NaN,
        "Depreciation And Amortization In Income Statement": NaN,
        "Selling General And Administration": NaN,
        "General And Administrative Expense": NaN,
        "Other Gand A": NaN,
        "Salaries And Wages": NaN,
        "Gross Profit": NaN,
        "Cost Of Revenue": NaN,
        "Total Revenue": NaN,
        "Operating Revenue": NaN
    },
    "2022-12-31": {
        "Tax Effect Of Unusual Items": NaN,
        "Tax Rate For Calcs": NaN,
        "Normalized EBITDA": NaN,
        "Total Unusual Items": NaN,
        "Total Unusual Items Excluding Goodwill": NaN,
        "Net Income From Continuing Operation Net Minority Interest": NaN,
        "Reconciled Depreciation": NaN,
        "Reconciled Cost Of Revenue": NaN,
        "EBITDA": NaN,
        "EBIT": NaN,
        "Net Interest Income": NaN,
        "Interest Income": NaN,
        "Normalized Income": NaN,
        "Net Income From Continuing And Discontinued Operation": NaN,
        "Total Expenses": NaN,
        "Total Operating Income As Reported": NaN,
        "Diluted Average Shares": NaN,
        "Basic Average Shares": NaN,
        "Diluted EPS": NaN,
        "Basic EPS": NaN,
        "Diluted NI Availto Com Stockholders": NaN,
        "Average Dilution Earnings": 0.0,
        "Net Income Common Stockholders": NaN,
        "Net Income": NaN,
        "Minority Interests": NaN,
        "Net Income Including Noncontrolling Interests": NaN,
        "Net Income Continuous Operations": NaN,
        "Tax Provision": NaN,
        "Pretax Income": NaN,
        "Other Income Expense": NaN,
        "Other Non Operating Income Expenses": NaN,
        "Special Income Charges": NaN,
        "Impairment Of Capital Assets": NaN,
        "Restructuring And Mergern Acquisition": NaN,
        "Gain On Sale Of Security": NaN,
        "Net Non Operating Interest Income Expense": NaN,
        "Total Other Finance Cost": -1039000.0,
        "Interest Income Non Operating": NaN,
        "Operating Income": NaN,
        "Operating Expense": NaN,
        "Other Operating Expenses": NaN,
        "Depreciation Amortization Depletion Income Statement": NaN,
        "Depreciation And Amortization In Income Statement": NaN,
        "Selling General And Administration": NaN,
        "General And Administrative Expense": NaN,
        "Other Gand A": NaN,
        "Salaries And Wages": NaN,
        "Gross Profit": NaN,
        "Cost Of Revenue": NaN,
        "Total Revenue": NaN,
        "Operating Revenue": NaN
    },
    "2022-09-30": {
        "Tax Effect Of Unusual Items": NaN,
        "Tax Rate For Calcs": NaN,
        "Normalized EBITDA": NaN,
        "Total Unusual Items": NaN,
        "Total Unusual Items Excluding Goodwill": NaN,
        "Net Income From Continuing Operation Net Minority Interest": NaN,
        "Reconciled Depreciation": NaN,
        "Reconciled Cost Of Revenue": NaN,
        "EBITDA": NaN,
        "EBIT": NaN,
        "Net Interest Income": NaN,
        "Interest Income": 623000.0,
        "Normalized Income": NaN,
        "Net Income From Continuing And Discontinued Operation": NaN,
        "Total Expenses": NaN,
        "Total Operating Income As Reported": NaN,
        "Diluted Average Shares": 3063667.0,
        "Basic Average Shares": 3063667.0,
        "Diluted EPS": -152.75,
        "Basic EPS": -152.75,
        "Diluted NI Availto Com Stockholders": NaN,
        "Average Dilution Earnings": 0.0,
        "Net Income Common Stockholders": NaN,
        "Net Income": NaN,
        "Minority Interests": NaN,
        "Net Income Including Noncontrolling Interests": NaN,
        "Net Income Continuous Operations": NaN,
        "Tax Provision": NaN,
        "Pretax Income": NaN,
        "Other Income Expense": NaN,
        "Other Non Operating Income Expenses": NaN,
        "Special Income Charges": NaN,
        "Impairment Of Capital Assets": NaN,
        "Restructuring And Mergern Acquisition": NaN,
        "Gain On Sale Of Security": NaN,
        "Net Non Operating Interest Income Expense": NaN,
        "Total Other Finance Cost": -623000.0,
        "Interest Income Non Operating": 623000.0,
        "Operating Income": NaN,
        "Operating Expense": NaN,
        "Other Operating Expenses": NaN,
        "Depreciation Amortization Depletion Income Statement": NaN,
        "Depreciation And Amortization In Income Statement": NaN,
        "Selling General And Administration": NaN,
        "General And Administrative Expense": NaN,
        "Other Gand A": NaN,
        "Salaries And Wages": NaN,
        "Gross Profit": NaN,
        "Cost Of Revenue": NaN,
        "Total Revenue": NaN,
        "Operating Revenue": NaN
    },
    "2022-06-30": {
        "Tax Effect Of Unusual Items": 1576380.0,
        "Tax Rate For Calcs": 0.156,
        "Normalized EBITDA": -47380000.0,
        "Total Unusual Items": 10105000.0,
        "Total Unusual Items Excluding Goodwill": 10105000.0,
        "Net Income From Continuing Operation Net Minority Interest": -3897000.0,
        "Reconciled Depreciation": 6098000.0,
        "Reconciled Cost Of Revenue": NaN,
        "EBITDA": -37275000.0,
        "EBIT": -43373000.0,
        "Net Interest Income": 153000.0,
        "Interest Income": NaN,
        "Normalized Income": -12425620.0,
        "Net Income From Continuing And Discontinued Operation": -3897000.0,
        "Total Expenses": 56945000.0,
        "Total Operating Income As Reported": -43551000.0,
        "Diluted Average Shares": 71226366.0,
        "Basic Average Shares": 71226366.0,
        "Diluted EPS": -0.05,
        "Basic EPS": -0.05,
        "Diluted NI Availto Com Stockholders": -3897000.0,
        "Average Dilution Earnings": 0.0,
        "Net Income Common Stockholders": -3897000.0,
        "Net Income": -3897000.0,
        "Minority Interests": 23744000.0,
        "Net Income Including Noncontrolling Interests": -27641000.0,
        "Net Income Continuous Operations": -27641000.0,
        "Tax Provision": -5100000.0,
        "Pretax Income": -32741000.0,
        "Other Income Expense": 10479000.0,
        "Other Non Operating Income Expenses": 374000.0,
        "Special Income Charges": -178000.0,
        "Impairment Of Capital Assets": NaN,
        "Restructuring And Mergern Acquisition": 178000.0,
        "Gain On Sale Of Security": 10283000.0,
        "Net Non Operating Interest Income Expense": 153000.0,
        "Total Other Finance Cost": -153000.0,
        "Interest Income Non Operating": NaN,
        "Operating Income": -43373000.0,
        "Operating Expense": 56945000.0,
        "Other Operating Expenses": 4921000.0,
        "Depreciation Amortization Depletion Income Statement": 6098000.0,
        "Depreciation And Amortization In Income Statement": 6098000.0,
        "Selling General And Administration": 45926000.0,
        "General And Administrative Expense": 45926000.0,
        "Other Gand A": 11679000.0,
        "Salaries And Wages": 34247000.0,
        "Gross Profit": NaN,
        "Cost Of Revenue": NaN,
        "Total Revenue": 13572000.0,
        "Operating Revenue": 13572000.0
    },
    "2022-03-31": {
        "Diluted EPS": -0.14,
        "Total Revenue": 13,
        "Gross Profit": 13,
        "Operating Income": -48,
        "EBIT": -43,
        "Net Income": -7
    },
    "2021-12-31": {
        "Diluted EPS": -1.39,
        "Total Revenue": 14,
        "Gross Profit": 14,
        "Operating Income": -125,
        "EBIT": -119,
        "Net Income": -94
    },
    "2021-09-30": {
        "Diluted EPS": 0.0,
        "Total Revenue": 9,
        "Gross Profit": 9,
        "Operating Income": -30,
        "EBIT": -25,
        "Net Income": -29
    },
    "2021-06-30": {
        "Diluted EPS": 0.0,
        "Total Revenue": 8,
        "Gross Profit": 8,
        "Operating Income": -31,
        "EBIT": -28,
        "Net Income": -32
    },
    "2021-03-31": {
        "Diluted EPS": -2.0,
        "Total Revenue": 8,
        "Gross Profit": 8,
        "Operating Income": -28,
        "EBIT": -25,
        "Net Income": -29
    },
    "2020-12-31": {
        "Diluted EPS": 0.0,
        "Total Revenue": NaN,
        "Gross Profit": NaN,
        "Operating Income": NaN,
        "EBIT": NaN,
        "Net Income": NaN
    },
    "2020-09-30": {
        "Diluted EPS": 0.0,
        "Total Revenue": NaN,
        "Gross Profit": NaN,
        "Operating Income": NaN,
        "EBIT": NaN,
        "Net Income": NaN
    },
    "2023-06-30": {
        "Tax Effect Of Unusual Items": NaN,
        "Tax Rate For Calcs": NaN,
        "Normalized EBITDA": NaN,
        "Total Unusual Items": NaN,
        "Total Unusual Items Excluding Goodwill": NaN,
        "Net Income From Continuing Operation Net Minority Interest": NaN,
        "Reconciled Depreciation": NaN,
        "Reconciled Cost Of Revenue": NaN,
        "EBITDA": NaN,
        "EBIT": NaN,
        "Net Interest Income": NaN,
        "Interest Income": 701000.0,
        "Normalized Income": NaN,
        "Net Income From Continuing And Discontinued Operation": NaN,
        "Total Expenses": NaN,
        "Total Operating Income As Reported": NaN,
        "Diluted Average Shares": 3593491.0,
        "Basic Average Shares": 3593491.0,
        "Diluted EPS": -4.69,
        "Basic EPS": -4.69,
        "Diluted NI Availto Com Stockholders": NaN,
        "Average Dilution Earnings": 0.0,
        "Net Income Common Stockholders": NaN,
        "Net Income": NaN,
        "Minority Interests": NaN,
        "Net Income Including Noncontrolling Interests": NaN,
        "Net Income Continuous Operations": NaN,
        "Tax Provision": NaN,
        "Pretax Income": NaN,
        "Other Income Expense": NaN,
        "Other Non Operating Income Expenses": NaN,
        "Special Income Charges": NaN,
        "Impairment Of Capital Assets": NaN,
        "Restructuring And Mergern Acquisition": NaN,
        "Gain On Sale Of Security": NaN,
        "Net Non Operating Interest Income Expense": NaN,
        "Interest Income Non Operating": 701000.0,
        "Operating Income": NaN,
        "Operating Expense": NaN,
        "Other Operating Expenses": NaN,
        "Depreciation Amortization Depletion Income Statement": NaN,
        "Depreciation And Amortization In Income Statement": NaN,
        "Selling General And Administration": NaN,
        "General And Administrative Expense": NaN,
        "Other Gand A": NaN,
        "Salaries And Wages": NaN,
        "Gross Profit": NaN,
        "Cost Of Revenue": NaN,
        "Total Revenue": NaN,
        "Operating Revenue": NaN
    },
    "2023-09-30": {
        "Tax Effect Of Unusual Items": NaN,
        "Tax Rate For Calcs": NaN,
        "Normalized EBITDA": NaN,
        "Total Unusual Items": NaN,
        "Total Unusual Items Excluding Goodwill": NaN,
        "Net Income From Continuing Operation Net Minority Interest": NaN,
        "Reconciled Depreciation": NaN,
        "Reconciled Cost Of Revenue": NaN,
        "EBITDA": NaN,
        "EBIT": NaN,
        "Net Interest Income": NaN,
        "Interest Income": 1177000.0,
        "Normalized Income": NaN,
        "Net Income From Continuing And Discontinued Operation": NaN,
        "Total Expenses": NaN,
        "Total Operating Income As Reported": NaN,
        "Diluted Average Shares": NaN,
        "Basic Average Shares": NaN,
        "Diluted EPS": NaN,
        "Basic EPS": NaN,
        "Diluted NI Availto Com Stockholders": NaN,
        "Average Dilution Earnings": 0.0,
        "Net Income Common Stockholders": NaN,
        "Net Income": NaN,
        "Minority Interests": NaN,
        "Net Income Including Noncontrolling Interests": NaN,
        "Net Income Continuous Operations": NaN,
        "Tax Provision": NaN,
        "Pretax Income": NaN,
        "Other Income Expense": NaN,
        "Other Non Operating Income Expenses": NaN,
        "Special Income Charges": NaN,
        "Impairment Of Capital Assets": NaN,
        "Restructuring And Mergern Acquisition": NaN,
        "Gain On Sale Of Security": NaN,
        "Net Non Operating Interest Income Expense": NaN,
        "Interest Income Non Operating": 1177000.0,
        "Operating Income": NaN,
        "Operating Expense": NaN,
        "Other Operating Expenses": NaN,
        "Depreciation Amortization Depletion Income Statement": NaN,
        "Depreciation And Amortization In Income Statement": NaN,
        "Selling General And Administration": NaN,
        "General And Administrative Expense": NaN,
        "Other Gand A": NaN,
        "Salaries And Wages": NaN,
        "Gross Profit": NaN,
        "Cost Of Revenue": NaN,
        "Total Revenue": NaN,
        "Operating Revenue": NaN
    },
    "2023-12-31": {
        "Tax Effect Of Unusual Items": NaN,
        "Tax Rate For Calcs": NaN,
        "Normalized EBITDA": NaN,
        "Total Unusual Items": NaN,
        "Total Unusual Items Excluding Goodwill": NaN,
        "Net Income From Continuing Operation Net Minority Interest": NaN,
        "Reconciled Depreciation": NaN,
        "Reconciled Cost Of Revenue": NaN,
        "EBITDA": NaN,
        "EBIT": NaN,
        "Net Interest Income": NaN,
        "Interest Income": NaN,
        "Normalized Income": NaN,
        "Net Income From Continuing And Discontinued Operation": NaN,
        "Total Expenses": NaN,
        "Total Operating Income As Reported": NaN,
        "Diluted Average Shares": NaN,
        "Basic Average Shares": NaN,
        "Diluted EPS": NaN,
        "Basic EPS": NaN,
        "Diluted NI Availto Com Stockholders": NaN,
        "Average Dilution Earnings": 0.0,
        "Net Income Common Stockholders": NaN,
        "Net Income": NaN,
        "Minority Interests": NaN,
        "Net Income Including Noncontrolling Interests": NaN,
        "Net Income Continuous Operations": NaN,
        "Tax Provision": NaN,
        "Pretax Income": NaN,
        "Other Income Expense": NaN,
        "Other Non Operating Income Expenses": NaN,
        "Special Income Charges": NaN,
        "Impairment Of Capital Assets": NaN,
        "Restructuring And Mergern Acquisition": NaN,
        "Gain On Sale Of Security": NaN,
        "Net Non Operating Interest Income Expense": NaN,
        "Total Other Finance Cost": NaN,
        "Interest Income Non Operating": NaN,
        "Operating Income": NaN,
        "Operating Expense": NaN,
        "Other Operating Expenses": NaN,
        "Depreciation Amortization Depletion Income Statement": NaN,
        "Depreciation And Amortization In Income Statement": NaN,
        "Selling General And Administration": NaN,
        "General And Administrative Expense": NaN,
        "Other Gand A": NaN,
        "Salaries And Wages": NaN,
        "Gross Profit": NaN,
        "Cost Of Revenue": NaN,
        "Total Revenue": NaN,
        "Operating Revenue": NaN
    },
    "2024-03-31": {
        "Tax Effect Of Unusual Items": NaN,
        "Tax Rate For Calcs": NaN,
        "Normalized EBITDA": NaN,
        "Total Unusual Items": NaN,
        "Total Unusual Items Excluding Goodwill": NaN,
        "Net Income From Continuing Operation Net Minority Interest": NaN,
        "Reconciled Depreciation": NaN,
        "Reconciled Cost Of Revenue": NaN,
        "EBITDA": NaN,
        "EBIT": NaN,
        "Net Interest Income": NaN,
        "Interest Expense": NaN,
        "Interest Income": 956000.0,
        "Normalized Income": NaN,
        "Net Income From Continuing And Discontinued Operation": NaN,
        "Total Expenses": NaN,
        "Total Operating Income As Reported": NaN,
        "Diluted Average Shares": NaN,
        "Basic Average Shares": NaN,
        "Diluted EPS": NaN,
        "Basic EPS": NaN,
        "Diluted NI Availto Com Stockholders": NaN,
        "Average Dilution Earnings": NaN,
        "Net Income Common Stockholders": NaN,
        "Net Income": NaN,
        "Minority Interests": NaN,
        "Net Income Including Noncontrolling Interests": NaN,
        "Net Income Discontinuous Operations": NaN,
        "Net Income Continuous Operations": NaN,
        "Tax Provision": NaN,
        "Pretax Income": NaN,
        "Other Income Expense": NaN,
        "Other Non Operating Income Expenses": NaN,
        "Special Income Charges": NaN,
        "Impairment Of Capital Assets": NaN,
        "Restructuring And Mergern Acquisition": NaN,
        "Gain On Sale Of Security": NaN,
        "Net Non Operating Interest Income Expense": NaN,
        "Total Other Finance Cost": NaN,
        "Interest Expense Non Operating": NaN,
        "Interest Income Non Operating": 956000.0,
        "Operating Income": NaN,
        "Operating Expense": NaN,
        "Other Operating Expenses": NaN,
        "Depreciation Amortization Depletion Income Statement": NaN,
        "Depreciation And Amortization In Income Statement": NaN,
        "Selling General And Administration": NaN,
        "General And Administrative Expense": NaN,
        "Other Gand A": NaN,
        "Salaries And Wages": NaN,
        "Gross Profit": NaN,
        "Cost Of Revenue": NaN,
        "Total Revenue": NaN,
        "Operating Revenue": NaN
    },
    "2024-06-30": {
        "Tax Effect Of Unusual Items": NaN,
        "Tax Rate For Calcs": NaN,
        "Normalized EBITDA": NaN,
        "Total Unusual Items": NaN,
        "Total Unusual Items Excluding Goodwill": NaN,
        "Net Income From Continuing Operation Net Minority Interest": NaN,
        "Reconciled Depreciation": NaN,
        "Reconciled Cost Of Revenue": NaN,
        "EBITDA": NaN,
        "EBIT": NaN,
        "Net Interest Income": NaN,
        "Interest Expense": NaN,
        "Interest Income": 1245000.0,
        "Normalized Income": NaN,
        "Net Income From Continuing And Discontinued Operation": NaN,
        "Total Expenses": NaN,
        "Total Operating Income As Reported": NaN,
        "Diluted Average Shares": NaN,
        "Basic Average Shares": NaN,
        "Diluted EPS": NaN,
        "Basic EPS": NaN,
        "Diluted NI Availto Com Stockholders": NaN,
        "Average Dilution Earnings": 0.0,
        "Net Income Common Stockholders": NaN,
        "Net Income": NaN,
        "Minority Interests": NaN,
        "Net Income Including Noncontrolling Interests": NaN,
        "Net Income Discontinuous Operations": NaN,
        "Net Income Continuous Operations": NaN,
        "Tax Provision": NaN,
        "Pretax Income": NaN,
        "Other Income Expense": NaN,
        "Other Non Operating Income Expenses": NaN,
        "Special Income Charges": NaN,
        "Impairment Of Capital Assets": NaN,
        "Restructuring And Mergern Acquisition": NaN,
        "Gain On Sale Of Security": NaN,
        "Net Non Operating Interest Income Expense": NaN,
        "Total Other Finance Cost": -1245000.0,
        "Interest Expense Non Operating": NaN,
        "Interest Income Non Operating": 1245000.0,
        "Operating Income": NaN,
        "Operating Expense": NaN,
        "Other Operating Expenses": NaN,
        "Depreciation Amortization Depletion Income Statement": NaN,
        "Depreciation And Amortization In Income Statement": NaN,
        "Selling General And Administration": NaN,
        "General And Administrative Expense": NaN,
        "Other Gand A": NaN,
        "Salaries And Wages": NaN,
        "Gross Profit": NaN,
        "Cost Of Revenue": NaN,
        "Total Revenue": NaN,
        "Operating Revenue": NaN
    },
    "2024-09-30": {
        "Tax Effect Of Unusual Items": 552697.110423,
        "Tax Rate For Calcs": 0.029154,
        "Normalized EBITDA": -42962000.0,
        "Total Unusual Items": 18958000.0,
        "Total Unusual Items Excluding Goodwill": 18958000.0,
        "Net Income From Continuing Operation Net Minority Interest": -365000.0,
        "Reconciled Depreciation": 107000.0,
        "Reconciled Cost Of Revenue": 312841000.0,
        "EBITDA": -24004000.0,
        "EBIT": -24111000.0,
        "Net Interest Income": 1014000.0,
        "Interest Expense": NaN,
        "Interest Income": 1014000.0,
        "Normalized Income": -18770302.889577,
        "Net Income From Continuing And Discontinued Operation": -2893000.0,
        "Total Expenses": 340444000.0,
        "Total Operating Income As Reported": -25137000.0,
        "Diluted Average Shares": 6361793.0,
        "Basic Average Shares": 6361793.0,
        "Diluted EPS": -0.45,
        "Basic EPS": -0.45,
        "Diluted NI Availto Com Stockholders": -2893000.0,
        "Average Dilution Earnings": NaN,
        "Net Income Common Stockholders": -2893000.0,
        "Net Income": -2893000.0,
        "Minority Interests": 3398000.0,
        "Net Income Including Noncontrolling Interests": -6291000.0,
        "Net Income Discontinuous Operations": -2528000.0,
        "Net Income Continuous Operations": -3763000.0,
        "Tax Provision": -113000.0,
        "Pretax Income": -3876000.0,
        "Other Income Expense": 19221000.0,
        "Other Non Operating Income Expenses": 263000.0,
        "Special Income Charges": -1026000.0,
        "Impairment Of Capital Assets": 601000.0,
        "Restructuring And Mergern Acquisition": 425000.0,
        "Gain On Sale Of Security": 19984000.0,
        "Net Non Operating Interest Income Expense": 1014000.0,
        "Total Other Finance Cost": NaN,
        "Interest Expense Non Operating": NaN,
        "Interest Income Non Operating": 1014000.0,
        "Operating Income": -24111000.0,
        "Operating Expense": 27603000.0,
        "Other Operating Expenses": 2358000.0,
        "Depreciation Amortization Depletion Income Statement": 107000.0,
        "Depreciation And Amortization In Income Statement": 107000.0,
        "Selling General And Administration": 25138000.0,
        "General And Administrative Expense": 25138000.0,
        "Other Gand A": 15270000.0,
        "Salaries And Wages": 9868000.0,
        "Gross Profit": 3492000.0,
        "Cost Of Revenue": 312841000.0,
        "Total Revenue": 316333000.0,
        "Operating Revenue": 316333000.0
    },
    "2024-12-31": {
        "Tax Effect Of Unusual Items": -6691860.0,
        "Tax Rate For Calcs": 0.21,
        "Normalized EBITDA": 21013000.0,
        "Total Unusual Items": -31866000.0,
        "Total Unusual Items Excluding Goodwill": -31866000.0,
        "Net Income From Continuing Operation Net Minority Interest": -19179000.0,
        "Reconciled Depreciation": 62000.0,
        "Reconciled Cost Of Revenue": 1766693000.0,
        "EBITDA": -10853000.0,
        "EBIT": -10915000.0,
        "Net Interest Income": 1103000.0,
        "Interest Expense": NaN,
        "Interest Income": NaN,
        "Normalized Income": 5995140.0,
        "Net Income From Continuing And Discontinued Operation": -19179000.0,
        "Total Expenses": 1808236000.0,
        "Total Operating Income As Reported": -11679000.0,
        "Diluted Average Shares": 6508475.0,
        "Basic Average Shares": 6508475.0,
        "Diluted EPS": -2.95,
        "Basic EPS": -2.95,
        "Diluted NI Availto Com Stockholders": -19179000.0,
        "Average Dilution Earnings": NaN,
        "Net Income Common Stockholders": -19179000.0,
        "Net Income": -19179000.0,
        "Minority Interests": 21190000.0,
        "Net Income Including Noncontrolling Interests": -40369000.0,
        "Net Income Discontinuous Operations": NaN,
        "Net Income Continuous Operations": -40369000.0,
        "Tax Provision": 54000.0,
        "Pretax Income": -40315000.0,
        "Other Income Expense": -30503000.0,
        "Other Non Operating Income Expenses": 1363000.0,
        "Special Income Charges": -764000.0,
        "Impairment Of Capital Assets": 0.0,
        "Restructuring And Mergern Acquisition": 764000.0,
        "Gain On Sale Of Security": -31102000.0,
        "Net Non Operating Interest Income Expense": 1103000.0,
        "Total Other Finance Cost": NaN,
        "Interest Expense Non Operating": NaN,
        "Interest Income Non Operating": NaN,
        "Operating Income": -10915000.0,
        "Operating Expense": 41543000.0,
        "Other Operating Expenses": 13339000.0,
        "Depreciation Amortization Depletion Income Statement": 62000.0,
        "Depreciation And Amortization In Income Statement": 62000.0,
        "Selling General And Administration": 28142000.0,
        "General And Administrative Expense": 28142000.0,
        "Other Gand A": 12975000.0,
        "Salaries And Wages": 15167000.0,
        "Gross Profit": 30628000.0,
        "Cost Of Revenue": 1766693000.0,
        "Total Revenue": 1797321000.0,
        "Operating Revenue": 1797321000.0
    },
    "2025-03-31": {
        "Tax Effect Of Unusual Items": 96057.0,
        "Tax Rate For Calcs": 0.003,
        "Normalized EBITDA": -50091000.0,
        "Total Unusual Items": 32019000.0,
        "Total Unusual Items Excluding Goodwill": 32019000.0,
        "Net Income From Continuing Operation Net Minority Interest": 7710000.0,
        "Reconciled Depreciation": 220000.0,
        "Reconciled Cost Of Revenue": 1054635000.0,
        "EBITDA": -18072000.0,
        "EBIT": -18292000.0,
        "Net Interest Income": 622000.0,
        "Interest Expense": NaN,
        "Interest Income": 622000.0,
        "Normalized Income": -24212943.0,
        "Net Income From Continuing And Discontinued Operation": 7710000.0,
        "Total Expenses": 1093202000.0,
        "Total Operating Income As Reported": -18520000.0,
        "Diluted Average Shares": 7174603.0,
        "Basic Average Shares": 6531840.0,
        "Diluted EPS": 1.13,
        "Basic EPS": 1.18,
        "Diluted NI Availto Com Stockholders": 7710000.0,
        "Average Dilution Earnings": NaN,
        "Net Income Common Stockholders": 7710000.0,
        "Net Income": 7710000.0,
        "Minority Interests": -8529000.0,
        "Net Income Including Noncontrolling Interests": 16239000.0,
        "Net Income Discontinuous Operations": NaN,
        "Net Income Continuous Operations": 16239000.0,
        "Tax Provision": 49000.0,
        "Pretax Income": 16288000.0,
        "Other Income Expense": 33958000.0,
        "Other Non Operating Income Expenses": 1939000.0,
        "Special Income Charges": -228000.0,
        "Impairment Of Capital Assets": 0.0,
        "Restructuring And Mergern Acquisition": 228000.0,
        "Gain On Sale Of Security": 32247000.0,
        "Net Non Operating Interest Income Expense": 622000.0,
        "Total Other Finance Cost": NaN,
        "Interest Expense Non Operating": NaN,
        "Interest Income Non Operating": 622000.0,
        "Operating Income": -18292000.0,
        "Operating Expense": 38567000.0,
        "Other Operating Expenses": 7939000.0,
        "Depreciation Amortization Depletion Income Statement": 220000.0,
        "Depreciation And Amortization In Income Statement": 220000.0,
        "Selling General And Administration": 30408000.0,
        "General And Administrative Expense": 30408000.0,
        "Other Gand A": 12589000.0,
        "Salaries And Wages": 17819000.0,
        "Gross Profit": 20275000.0,
        "Cost Of Revenue": 1054635000.0,
        "Total Revenue": 1074910000.0,
        "Operating Revenue": 1074910000.0
    },
    "2025-06-30": {
        "Tax Effect Of Unusual Items": -1806840.0,
        "Tax Rate For Calcs": 0.21,
        "Normalized EBITDA": -9731000.0,
        "Total Unusual Items": -8604000.0,
        "Total Unusual Items Excluding Goodwill": -8604000.0,
        "Net Income From Continuing Operation Net Minority Interest": -14734000.0,
        "Reconciled Depreciation": 154000.0,
        "Reconciled Cost Of Revenue": 561074000.0,
        "EBITDA": -18335000.0,
        "EBIT": -18489000.0,
        "Net Interest Income": -53000.0,
        "Interest Expense": NaN,
        "Interest Income": NaN,
        "Normalized Income": -7936840.0,
        "Net Income From Continuing And Discontinued Operation": -14734000.0,
        "Total Expenses": 596371000.0,
        "Total Operating Income As Reported": -18489000.0,
        "Diluted Average Shares": 6825634.0,
        "Basic Average Shares": 6825634.0,
        "Diluted EPS": -2.16,
        "Basic EPS": -2.16,
        "Diluted NI Availto Com Stockholders": -14734000.0,
        "Average Dilution Earnings": NaN,
        "Net Income Common Stockholders": -14734000.0,
        "Net Income": -14734000.0,
        "Minority Interests": 15418000.0,
        "Net Income Including Noncontrolling Interests": -30152000.0,
        "Net Income Discontinuous Operations": NaN,
        "Net Income Continuous Operations": -30152000.0,
        "Tax Provision": 60000.0,
        "Pretax Income": -30092000.0,
        "Other Income Expense": -11550000.0,
        "Other Non Operating Income Expenses": -2946000.0,
        "Special Income Charges": 0.0,
        "Impairment Of Capital Assets": 0.0,
        "Restructuring And Mergern Acquisition": 0.0,
        "Gain On Sale Of Security": -8604000.0,
        "Net Non Operating Interest Income Expense": -53000.0,
        "Total Other Finance Cost": 53000.0,
        "Interest Expense Non Operating": NaN,
        "Interest Income Non Operating": NaN,
        "Operating Income": -18489000.0,
        "Operating Expense": 35297000.0,
        "Other Operating Expenses": 4459000.0,
        "Depreciation Amortization Depletion Income Statement": 154000.0,
        "Depreciation And Amortization In Income Statement": 154000.0,
        "Selling General And Administration": 30684000.0,
        "General And Administrative Expense": 30684000.0,
        "Other Gand A": 10560000.0,
        "Salaries And Wages": 20124000.0,
        "Gross Profit": 16808000.0,
        "Cost Of Revenue": 561074000.0,
        "Total Revenue": 577882000.0,
        "Operating Revenue": 577882000.0
    },
    "2025-09-30": {
        "Tax Effect Of Unusual Items": -85548.0,
        "Tax Rate For Calcs": 0.002,
        "Normalized EBITDA": 21398000.0,
        "Total Unusual Items": -42774000.0,
        "Total Unusual Items Excluding Goodwill": -42774000.0,
        "Net Income From Continuing Operation Net Minority Interest": -13316000.0,
        "Reconciled Depreciation": 153000.0,
        "Reconciled Cost Of Revenue": 396815000.0,
        "EBITDA": -21376000.0,
        "EBIT": -21529000.0,
        "Net Interest Income": -50000.0,
        "Interest Expense": 50000.0,
        "Interest Income": NaN,
        "Normalized Income": 29372452.0,
        "Net Income From Continuing And Discontinued Operation": -14918000.0,
        "Total Expenses": 421887000.0,
        "Total Operating Income As Reported": -25263000.0,
        "Diluted Average Shares": 13015011.0,
        "Basic Average Shares": 13015011.0,
        "Diluted EPS": -1.15,
        "Basic EPS": -1.15,
        "Diluted NI Availto Com Stockholders": -14918000.0,
        "Average Dilution Earnings": NaN,
        "Net Income Common Stockholders": -14918000.0,
        "Net Income": -14918000.0,
        "Minority Interests": 8238000.0,
        "Net Income Including Noncontrolling Interests": -23156000.0,
        "Net Income Discontinuous Operations": -1602000.0,
        "Net Income Continuous Operations": -21554000.0,
        "Tax Provision": -25000.0,
        "Pretax Income": -21579000.0,
        "Other Income Expense": -1853000.0,
        "Other Non Operating Income Expenses": 40921000.0,
        "Special Income Charges": -5587000.0,
        "Impairment Of Capital Assets": 480000.0,
        "Restructuring And Mergern Acquisition": 5107000.0,
        "Gain On Sale Of Security": -37187000.0,
        "Net Non Operating Interest Income Expense": -50000.0,
        "Total Other Finance Cost": NaN,
        "Interest Expense Non Operating": 50000.0,
        "Interest Income Non Operating": NaN,
        "Operating Income": -19676000.0,
        "Operating Expense": 25072000.0,
        "Other Operating Expenses": 4050000.0,
        "Depreciation Amortization Depletion Income Statement": 153000.0,
        "Depreciation And Amortization In Income Statement": 153000.0,
        "Selling General And Administration": 20869000.0,
        "General And Administrative Expense": 20869000.0,
        "Other Gand A": 12785000.0,
        "Salaries And Wages": 8084000.0,
        "Gross Profit": 5396000.0,
        "Cost Of Revenue": 396815000.0,
        "Total Revenue": 402211000.0,
        "Operating Revenue": 402211000.0
    }
}