{
    "2023-03-31": {
        "Tax Effect Of Unusual Items": NaN,
        "Tax Rate For Calcs": NaN,
        "Normalized EBITDA": NaN,
        "Total Unusual Items": NaN,
        "Total Unusual Items Excluding Goodwill": NaN,
        "Net Income From Continuing Operation Net Minority Interest": NaN,
        "Reconciled Depreciation": NaN,
        "EBITDA": NaN,
        "EBIT": NaN,
        "Net Interest Income": NaN,
        "Interest Expense": NaN,
        "Interest Income": NaN,
        "Normalized Income": NaN,
        "Net Income From Continuing And Discontinued Operation": NaN,
        "Total Expenses": NaN,
        "Total Operating Income As Reported": NaN,
        "Diluted Average Shares": NaN,
        "Basic Average Shares": NaN,
        "Diluted EPS": NaN,
        "Basic EPS": NaN,
        "Diluted NI Availto Com Stockholders": NaN,
        "Net Income Common Stockholders": NaN,
        "Net Income": NaN,
        "Net Income Including Noncontrolling Interests": NaN,
        "Net Income Continuous Operations": NaN,
        "Tax Provision": NaN,
        "Pretax Income": NaN,
        "Other Income Expense": NaN,
        "Other Non Operating Income Expenses": NaN,
        "Special Income Charges": -1000000.0,
        "Restructuring And Mergern Acquisition": 1000000.0,
        "Gain On Sale Of Security": NaN,
        "Net Non Operating Interest Income Expense": NaN,
        "Interest Expense Non Operating": NaN,
        "Interest Income Non Operating": NaN,
        "Operating Income": NaN,
        "Operating Expense": NaN,
        "Other Operating Expenses": NaN,
        "Depreciation Amortization Depletion Income Statement": NaN,
        "Depreciation And Amortization In Income Statement": NaN,
        "Selling General And Administration": NaN,
        "Selling And Marketing Expense": NaN,
        "General And Administrative Expense": NaN,
        "Other Gand A": NaN,
        "Salaries And Wages": NaN,
        "Total Revenue": NaN,
        "Operating Revenue": NaN
    },
    "2022-12-31": {
        "Tax Effect Of Unusual Items": NaN,
        "Tax Rate For Calcs": NaN,
        "Normalized EBITDA": NaN,
        "Total Unusual Items": NaN,
        "Total Unusual Items Excluding Goodwill": NaN,
        "Net Income From Continuing Operation Net Minority Interest": NaN,
        "Reconciled Depreciation": NaN,
        "EBITDA": NaN,
        "EBIT": NaN,
        "Net Interest Income": NaN,
        "Interest Expense": NaN,
        "Interest Income": NaN,
        "Normalized Income": NaN,
        "Net Income From Continuing And Discontinued Operation": NaN,
        "Total Expenses": NaN,
        "Total Operating Income As Reported": NaN,
        "Diluted Average Shares": NaN,
        "Basic Average Shares": NaN,
        "Diluted EPS": NaN,
        "Basic EPS": NaN,
        "Diluted NI Availto Com Stockholders": NaN,
        "Net Income Common Stockholders": NaN,
        "Net Income": NaN,
        "Net Income Including Noncontrolling Interests": NaN,
        "Net Income Continuous Operations": NaN,
        "Tax Provision": NaN,
        "Pretax Income": NaN,
        "Other Income Expense": NaN,
        "Other Non Operating Income Expenses": NaN,
        "Special Income Charges": 239000000.0,
        "Restructuring And Mergern Acquisition": -239000000.0,
        "Gain On Sale Of Security": NaN,
        "Net Non Operating Interest Income Expense": NaN,
        "Interest Expense Non Operating": NaN,
        "Interest Income Non Operating": NaN,
        "Operating Income": NaN,
        "Operating Expense": NaN,
        "Other Operating Expenses": NaN,
        "Depreciation Amortization Depletion Income Statement": NaN,
        "Depreciation And Amortization In Income Statement": NaN,
        "Selling General And Administration": NaN,
        "Selling And Marketing Expense": NaN,
        "General And Administrative Expense": NaN,
        "Other Gand A": NaN,
        "Salaries And Wages": NaN,
        "Total Revenue": NaN,
        "Operating Revenue": NaN
    },
    "2022-09-30": {
        "Tax Effect Of Unusual Items": NaN,
        "Tax Rate For Calcs": NaN,
        "Normalized EBITDA": NaN,
        "Total Unusual Items": NaN,
        "Total Unusual Items Excluding Goodwill": NaN,
        "Net Income From Continuing Operation Net Minority Interest": NaN,
        "Reconciled Depreciation": NaN,
        "EBITDA": NaN,
        "EBIT": NaN,
        "Net Interest Income": NaN,
        "Interest Expense": NaN,
        "Interest Income": NaN,
        "Normalized Income": NaN,
        "Net Income From Continuing And Discontinued Operation": NaN,
        "Total Expenses": NaN,
        "Total Operating Income As Reported": NaN,
        "Diluted Average Shares": NaN,
        "Basic Average Shares": NaN,
        "Diluted EPS": NaN,
        "Basic EPS": NaN,
        "Diluted NI Availto Com Stockholders": NaN,
        "Net Income Common Stockholders": NaN,
        "Net Income": NaN,
        "Net Income Including Noncontrolling Interests": NaN,
        "Net Income Continuous Operations": NaN,
        "Tax Provision": NaN,
        "Pretax Income": NaN,
        "Other Income Expense": NaN,
        "Other Non Operating Income Expenses": NaN,
        "Special Income Charges": NaN,
        "Restructuring And Mergern Acquisition": -2000000.0,
        "Gain On Sale Of Security": NaN,
        "Net Non Operating Interest Income Expense": NaN,
        "Interest Expense Non Operating": NaN,
        "Interest Income Non Operating": NaN,
        "Operating Income": NaN,
        "Operating Expense": NaN,
        "Other Operating Expenses": NaN,
        "Depreciation Amortization Depletion Income Statement": NaN,
        "Depreciation And Amortization In Income Statement": NaN,
        "Selling General And Administration": NaN,
        "Selling And Marketing Expense": NaN,
        "General And Administrative Expense": NaN,
        "Other Gand A": NaN,
        "Salaries And Wages": NaN,
        "Total Revenue": NaN,
        "Operating Revenue": NaN
    },
    "2022-06-30": {
        "Tax Effect Of Unusual Items": 47941000.0,
        "Tax Rate For Calcs": 0.251,
        "Normalized EBITDA": 1178000000.0,
        "Total Unusual Items": 191000000.0,
        "Total Unusual Items Excluding Goodwill": 191000000.0,
        "Net Income From Continuing Operation Net Minority Interest": 857000000.0,
        "Reconciled Depreciation": 149000000.0,
        "EBITDA": 1369000000.0,
        "EBIT": 1220000000.0,
        "Net Interest Income": -52000000.0,
        "Interest Expense": 76000000.0,
        "Interest Income": 24000000.0,
        "Normalized Income": 713941000.0,
        "Net Income From Continuing And Discontinued Operation": 857000000.0,
        "Total Expenses": 3288000000.0,
        "Total Operating Income As Reported": 1000000000.0,
        "Diluted Average Shares": 40665000.0,
        "Basic Average Shares": 40512000.0,
        "Diluted EPS": 21.07,
        "Basic EPS": 21.15,
        "Diluted NI Availto Com Stockholders": 857000000.0,
        "Net Income Common Stockholders": 857000000.0,
        "Net Income": 857000000.0,
        "Net Income Including Noncontrolling Interests": 857000000.0,
        "Net Income Continuous Operations": 857000000.0,
        "Tax Provision": 287000000.0,
        "Pretax Income": 1144000000.0,
        "Other Income Expense": 190000000.0,
        "Other Non Operating Income Expenses": -1000000.0,
        "Special Income Charges": -6000000.0,
        "Restructuring And Mergern Acquisition": 6000000.0,
        "Gain On Sale Of Security": 197000000.0,
        "Net Non Operating Interest Income Expense": -52000000.0,
        "Interest Expense Non Operating": 76000000.0,
        "Interest Income Non Operating": 24000000.0,
        "Operating Income": 1006000000.0,
        "Operating Expense": 3288000000.0,
        "Other Operating Expenses": 137000000.0,
        "Depreciation Amortization Depletion Income Statement": 107000000.0,
        "Depreciation And Amortization In Income Statement": 107000000.0,
        "Selling General And Administration": 3181000000.0,
        "Selling And Marketing Expense": 2202000000.0,
        "General And Administrative Expense": 979000000.0,
        "Other Gand A": 344000000.0,
        "Salaries And Wages": 635000000.0,
        "Total Revenue": 4294000000.0,
        "Operating Revenue": 4294000000.0
    },
    "2023-06-30": {
        "Tax Effect Of Unusual Items": NaN,
        "Tax Rate For Calcs": NaN,
        "Normalized EBITDA": NaN,
        "Total Unusual Items": NaN,
        "Total Unusual Items Excluding Goodwill": NaN,
        "Net Income From Continuing Operation Net Minority Interest": NaN,
        "Reconciled Depreciation": NaN,
        "EBITDA": NaN,
        "EBIT": NaN,
        "Net Interest Income": NaN,
        "Interest Expense": NaN,
        "Interest Income": NaN,
        "Normalized Income": NaN,
        "Net Income From Continuing And Discontinued Operation": NaN,
        "Total Expenses": NaN,
        "Total Operating Income As Reported": NaN,
        "Diluted Average Shares": NaN,
        "Basic Average Shares": NaN,
        "Diluted EPS": NaN,
        "Basic EPS": NaN,
        "Diluted NI Availto Com Stockholders": NaN,
        "Net Income Common Stockholders": NaN,
        "Net Income": NaN,
        "Net Income Including Noncontrolling Interests": NaN,
        "Net Income Continuous Operations": NaN,
        "Tax Provision": NaN,
        "Pretax Income": NaN,
        "Other Income Expense": NaN,
        "Other Non Operating Income Expenses": NaN,
        "Special Income Charges": -1000000.0,
        "Restructuring And Mergern Acquisition": 1000000.0,
        "Gain On Sale Of Security": NaN,
        "Net Non Operating Interest Income Expense": NaN,
        "Interest Expense Non Operating": NaN,
        "Interest Income Non Operating": NaN,
        "Operating Income": NaN,
        "Operating Expense": NaN,
        "Other Operating Expenses": NaN,
        "Depreciation Amortization Depletion Income Statement": NaN,
        "Depreciation And Amortization In Income Statement": NaN,
        "Selling General And Administration": NaN,
        "Selling And Marketing Expense": NaN,
        "General And Administrative Expense": NaN,
        "Other Gand A": NaN,
        "Salaries And Wages": NaN,
        "Total Revenue": NaN,
        "Operating Revenue": NaN
    },
    "2022-03-31": {
        "Diluted EPS": -17.1,
        "Total Revenue": NaN,
        "Gross Profit": NaN,
        "Operating Income": 174,
        "EBIT": 285,
        "Net Income": -700
    },
    "2021-12-31": {
        "Diluted EPS": 14.99,
        "Total Revenue": NaN,
        "Gross Profit": NaN,
        "Operating Income": 848,
        "EBIT": 946,
        "Net Income": 618
    },
    "2021-09-30": {
        "Diluted EPS": 18.6,
        "Total Revenue": NaN,
        "Gross Profit": NaN,
        "Operating Income": NaN,
        "EBIT": NaN,
        "Net Income": 769
    },
    "2021-06-30": {
        "Diluted EPS": -4.08,
        "Total Revenue": NaN,
        "Gross Profit": NaN,
        "Operating Income": -56,
        "EBIT": 52,
        "Net Income": -167
    },
    "2021-03-31": {
        "Diluted EPS": -1.34,
        "Total Revenue": NaN,
        "Gross Profit": NaN,
        "Operating Income": -311,
        "EBIT": -198,
        "Net Income": -55
    },
    "2020-12-31": {
        "Diluted EPS": -4.01,
        "Total Revenue": NaN,
        "Gross Profit": NaN,
        "Operating Income": -153,
        "EBIT": -87,
        "Net Income": -165
    },
    "2020-09-30": {
        "Diluted EPS": 19.49,
        "Total Revenue": NaN,
        "Gross Profit": NaN,
        "Operating Income": 315,
        "EBIT": NaN,
        "Net Income": 801
    },
    "2020-06-30": {
        "Diluted EPS": 2.97,
        "Total Revenue": 630,
        "Gross Profit": 630,
        "Operating Income": -484,
        "EBIT": -353,
        "Net Income": 122
    },
    "2020-03-31": {
        "Diluted EPS": -17.01,
        "Total Revenue": NaN,
        "Gross Profit": NaN,
        "Operating Income": -309,
        "EBIT": 311,
        "Net Income": -699
    },
    "2019-12-31": {
        "Diluted EPS": 26.99,
        "Total Revenue": NaN,
        "Gross Profit": NaN,
        "Operating Income": NaN,
        "EBIT": NaN,
        "Net Income": NaN
    },
    "2019-09-30": {
        "Diluted EPS": 45.54,
        "Total Revenue": NaN,
        "Gross Profit": NaN,
        "Operating Income": NaN,
        "EBIT": NaN,
        "Net Income": NaN
    },
    "2019-06-30": {
        "Diluted EPS": 22.44,
        "Total Revenue": NaN,
        "Gross Profit": NaN,
        "Operating Income": NaN,
        "EBIT": NaN,
        "Net Income": 979
    },
    "2019-03-31": {
        "Diluted EPS": 16.85,
        "Total Revenue": NaN,
        "Gross Profit": NaN,
        "Operating Income": 556,
        "EBIT": 686,
        "Net Income": 765
    },
    "2018-12-31": {
        "Diluted EPS": 13.77,
        "Total Revenue": NaN,
        "Gross Profit": NaN,
        "Operating Income": NaN,
        "EBIT": NaN,
        "Net Income": 646
    },
    "2018-09-30": {
        "Diluted EPS": 37.02,
        "Total Revenue": NaN,
        "Gross Profit": NaN,
        "Operating Income": NaN,
        "EBIT": NaN,
        "Net Income": NaN
    },
    "2018-06-30": {
        "Diluted EPS": 20.13,
        "Total Revenue": NaN,
        "Gross Profit": NaN,
        "Operating Income": NaN,
        "EBIT": NaN,
        "Net Income": 978
    },
    "2018-03-31": {
        "Diluted EPS": 12.34,
        "Total Revenue": NaN,
        "Gross Profit": NaN,
        "Operating Income": 730,
        "EBIT": 850,
        "Net Income": 607
    },
    "2017-12-31": {
        "Diluted EPS": -11.07,
        "Total Revenue": NaN,
        "Gross Profit": NaN,
        "Operating Income": 986,
        "EBIT": NaN,
        "Net Income": -555
    },
    "2017-09-30": {
        "Diluted EPS": 34.43,
        "Total Revenue": NaN,
        "Gross Profit": NaN,
        "Operating Income": NaN,
        "EBIT": NaN,
        "Net Income": NaN
    },
    "2017-06-30": {
        "Diluted EPS": 14.39,
        "Total Revenue": NaN,
        "Gross Profit": NaN,
        "Operating Income": 893,
        "EBIT": 999,
        "Net Income": 720
    },
    "2017-03-31": {
        "Diluted EPS": 9.11,
        "Total Revenue": NaN,
        "Gross Profit": NaN,
        "Operating Income": 556,
        "EBIT": 660,
        "Net Income": 456
    },
    "2016-12-31": {
        "Diluted EPS": 13.45,
        "Total Revenue": NaN,
        "Gross Profit": NaN,
        "Operating Income": 790,
        "EBIT": 890,
        "Net Income": 674
    },
    "2016-09-30": {
        "Diluted EPS": 10.13,
        "Total Revenue": NaN,
        "Gross Profit": NaN,
        "Operating Income": 833,
        "EBIT": NaN,
        "Net Income": 506
    },
    "2016-06-30": {
        "Diluted EPS": 11.6,
        "Total Revenue": NaN,
        "Gross Profit": NaN,
        "Operating Income": 732,
        "EBIT": 829,
        "Net Income": 581
    },
    "2016-03-31": {
        "Diluted EPS": 7.47,
        "Total Revenue": NaN,
        "Gross Profit": NaN,
        "Operating Income": 550,
        "EBIT": 642,
        "Net Income": 374
    },
    "2015-12-31": {
        "Diluted EPS": 9.74,
        "Total Revenue": NaN,
        "Gross Profit": NaN,
        "Operating Income": 658,
        "EBIT": 747,
        "Net Income": 504
    },
    "2015-09-30": {
        "Diluted EPS": 23.41,
        "Total Revenue": NaN,
        "Gross Profit": NaN,
        "Operating Income": NaN,
        "EBIT": NaN,
        "Net Income": NaN
    },
    "2015-06-30": {
        "Diluted EPS": 9.94,
        "Total Revenue": NaN,
        "Gross Profit": NaN,
        "Operating Income": 678,
        "EBIT": 765,
        "Net Income": 517
    },
    "2015-03-31": {
        "Diluted EPS": 6.36,
        "Total Revenue": NaN,
        "Gross Profit": NaN,
        "Operating Income": 434,
        "EBIT": 517,
        "Net Income": 333
    },
    "2014-12-31": {
        "Diluted EPS": 8.5,
        "Total Revenue": NaN,
        "Gross Profit": NaN,
        "Operating Income": 579,
        "EBIT": 667,
        "Net Income": 452
    },
    "2014-09-30": {
        "Diluted EPS": 20.03,
        "Total Revenue": NaN,
        "Gross Profit": NaN,
        "Operating Income": NaN,
        "EBIT": NaN,
        "Net Income": NaN
    },
    "2014-06-30": {
        "Diluted EPS": 10.89,
        "Total Revenue": NaN,
        "Gross Profit": NaN,
        "Operating Income": 733,
        "EBIT": 786,
        "Net Income": 576
    },
    "2014-03-31": {
        "Diluted EPS": 6.25,
        "Total Revenue": NaN,
        "Gross Profit": NaN,
        "Operating Income": 439,
        "EBIT": 491,
        "Net Income": 331
    },
    "2013-12-31": {
        "Diluted EPS": 7.24,
        "Total Revenue": NaN,
        "Gross Profit": NaN,
        "Operating Income": 501,
        "EBIT": 556,
        "Net Income": 378
    },
    "2013-09-30": {
        "Diluted EPS": 15.72,
        "Total Revenue": NaN,
        "Gross Profit": NaN,
        "Operating Income": NaN,
        "EBIT": NaN,
        "Net Income": 833
    },
    "2013-06-30": {
        "Diluted EPS": 8.39,
        "Total Revenue": NaN,
        "Gross Profit": NaN,
        "Operating Income": 555,
        "EBIT": 595,
        "Net Income": 437
    },
    "2013-03-31": {
        "Diluted EPS": 4.76,
        "Total Revenue": NaN,
        "Gross Profit": NaN,
        "Operating Income": 310,
        "EBIT": 341,
        "Net Income": 244
    },
    "2012-12-31": {
        "Diluted EPS": 5.58,
        "Total Revenue": NaN,
        "Gross Profit": 940,
        "Operating Income": 374,
        "EBIT": 404,
        "Net Income": 289
    },
    "2012-09-30": {
        "Diluted EPS": 11.66,
        "Total Revenue": NaN,
        "Gross Profit": NaN,
        "Operating Income": 756,
        "EBIT": 784,
        "Net Income": 597
    },
    "2012-06-30": {
        "Diluted EPS": 6.88,
        "Total Revenue": NaN,
        "Gross Profit": NaN,
        "Operating Income": 458,
        "EBIT": 486,
        "Net Income": 352
    },
    "2012-03-31": {
        "Diluted EPS": 3.54,
        "Total Revenue": NaN,
        "Gross Profit": 743,
        "Operating Income": 242,
        "EBIT": 266,
        "Net Income": 182
    },
    "2011-12-31": {
        "Diluted EPS": 4.39,
        "Total Revenue": 991,
        "Gross Profit": 725,
        "Operating Income": 304,
        "EBIT": 324,
        "Net Income": 226
    },
    "2011-09-30": {
        "Diluted EPS": 9.17,
        "Total Revenue": NaN,
        "Gross Profit": NaN,
        "Operating Income": 616,
        "EBIT": 636,
        "Net Income": 469
    },
    "2011-06-30": {
        "Diluted EPS": 5.02,
        "Total Revenue": NaN,
        "Gross Profit": 749,
        "Operating Income": 325,
        "EBIT": 344,
        "Net Income": 256
    },
    "2011-03-31": {
        "Diluted EPS": 2.05,
        "Total Revenue": 809,
        "Gross Profit": 506,
        "Operating Income": 154,
        "EBIT": 172,
        "Net Income": 105
    },
    "2010-12-31": {
        "Diluted EPS": 2.62,
        "Total Revenue": 731,
        "Gross Profit": 478,
        "Operating Income": 189,
        "EBIT": 209,
        "Net Income": 136
    },
    "2010-09-30": {
        "Diluted EPS": 4.41,
        "Total Revenue": NaN,
        "Gross Profit": 666,
        "Operating Income": 337,
        "EBIT": 358,
        "Net Income": 223
    },
    "2010-06-30": {
        "Diluted EPS": 2.26,
        "Total Revenue": 767,
        "Gross Profit": 445,
        "Operating Income": 173,
        "EBIT": 192,
        "Net Income": 115
    },
    "2010-03-31": {
        "Diluted EPS": 1.06,
        "Total Revenue": 584,
        "Gross Profit": 319,
        "Operating Income": 88,
        "EBIT": 102,
        "Net Income": 54
    },
    "2009-12-31": {
        "Diluted EPS": 1.55,
        "Total Revenue": 542,
        "Gross Profit": 313,
        "Operating Income": 118,
        "EBIT": 132,
        "Net Income": 78
    },
    "2009-09-30": {
        "Diluted EPS": 6.42,
        "Total Revenue": 731,
        "Gross Profit": 434,
        "Operating Income": 201,
        "EBIT": 216,
        "Net Income": 319
    },
    "2009-06-30": {
        "Diluted EPS": 1.38,
        "Total Revenue": 604,
        "Gross Profit": 305,
        "Operating Income": 109,
        "EBIT": 125,
        "Net Income": 67
    },
    "2009-03-31": {
        "Diluted EPS": 0.53,
        "Total Revenue": 462,
        "Gross Profit": 208,
        "Operating Income": 43,
        "EBIT": 58,
        "Net Income": 25
    },
    "2023-09-30": {
        "Tax Effect Of Unusual Items": NaN,
        "Tax Rate For Calcs": NaN,
        "Normalized EBITDA": NaN,
        "Total Unusual Items": NaN,
        "Total Unusual Items Excluding Goodwill": NaN,
        "Net Income From Continuing Operation Net Minority Interest": NaN,
        "Reconciled Depreciation": NaN,
        "EBITDA": NaN,
        "EBIT": NaN,
        "Net Interest Income": NaN,
        "Interest Expense": NaN,
        "Interest Income": NaN,
        "Normalized Income": NaN,
        "Net Income From Continuing And Discontinued Operation": NaN,
        "Total Expenses": NaN,
        "Total Operating Income As Reported": NaN,
        "Diluted Average Shares": NaN,
        "Basic Average Shares": NaN,
        "Diluted EPS": NaN,
        "Basic EPS": NaN,
        "Diluted NI Availto Com Stockholders": NaN,
        "Net Income Common Stockholders": NaN,
        "Net Income": NaN,
        "Net Income Including Noncontrolling Interests": NaN,
        "Net Income Continuous Operations": NaN,
        "Tax Provision": NaN,
        "Pretax Income": NaN,
        "Other Income Expense": NaN,
        "Other Non Operating Income Expenses": NaN,
        "Special Income Charges": -2000000.0,
        "Restructuring And Mergern Acquisition": 2000000.0,
        "Gain On Sale Of Security": NaN,
        "Net Non Operating Interest Income Expense": NaN,
        "Interest Expense Non Operating": NaN,
        "Interest Income Non Operating": NaN,
        "Operating Income": NaN,
        "Operating Expense": NaN,
        "Other Operating Expenses": NaN,
        "Depreciation Amortization Depletion Income Statement": NaN,
        "Depreciation And Amortization In Income Statement": NaN,
        "Selling General And Administration": NaN,
        "Selling And Marketing Expense": NaN,
        "General And Administrative Expense": NaN,
        "Other Gand A": NaN,
        "Salaries And Wages": NaN,
        "Total Revenue": NaN,
        "Operating Revenue": NaN
    },
    "2023-12-31": {
        "Tax Effect Of Unusual Items": NaN,
        "Tax Rate For Calcs": NaN,
        "Normalized EBITDA": NaN,
        "Total Unusual Items": NaN,
        "Total Unusual Items Excluding Goodwill": NaN,
        "Net Income From Continuing Operation Net Minority Interest": NaN,
        "Reconciled Depreciation": NaN,
        "EBITDA": NaN,
        "EBIT": NaN,
        "Net Interest Income": NaN,
        "Interest Expense": NaN,
        "Interest Income": NaN,
        "Normalized Income": NaN,
        "Net Income From Continuing And Discontinued Operation": NaN,
        "Total Expenses": NaN,
        "Total Operating Income As Reported": NaN,
        "Diluted Average Shares": NaN,
        "Basic Average Shares": NaN,
        "Diluted EPS": NaN,
        "Basic EPS": NaN,
        "Diluted NI Availto Com Stockholders": NaN,
        "Net Income Common Stockholders": NaN,
        "Net Income": NaN,
        "Net Income Including Noncontrolling Interests": NaN,
        "Net Income Continuous Operations": NaN,
        "Tax Provision": NaN,
        "Pretax Income": NaN,
        "Other Income Expense": NaN,
        "Other Non Operating Income Expenses": NaN,
        "Special Income Charges": 4000000.0,
        "Gain On Sale Of Security": NaN,
        "Net Non Operating Interest Income Expense": NaN,
        "Interest Expense Non Operating": NaN,
        "Interest Income Non Operating": NaN,
        "Operating Income": NaN,
        "Operating Expense": NaN,
        "Other Operating Expenses": NaN,
        "Depreciation Amortization Depletion Income Statement": NaN,
        "Depreciation And Amortization In Income Statement": NaN,
        "Selling General And Administration": NaN,
        "Selling And Marketing Expense": NaN,
        "General And Administrative Expense": NaN,
        "Other Gand A": NaN,
        "Salaries And Wages": NaN,
        "Total Revenue": NaN,
        "Operating Revenue": NaN
    },
    "2024-03-31": {
        "Tax Effect Of Unusual Items": 20520000.0,
        "Tax Rate For Calcs": 0.171,
        "Normalized EBITDA": 1213000000.0,
        "Total Unusual Items": 120000000.0,
        "Total Unusual Items Excluding Goodwill": 120000000.0,
        "Net Income From Continuing Operation Net Minority Interest": 776000000.0,
        "Reconciled Depreciation": 177000000.0,
        "EBITDA": 1333000000.0,
        "EBIT": 1156000000.0,
        "Net Interest Income": 24000000.0,
        "Interest Expense": 219000000.0,
        "Interest Income": 243000000.0,
        "Normalized Income": 676520000.0,
        "Net Income From Continuing And Discontinued Operation": 776000000.0,
        "Total Expenses": 3624000000.0,
        "Total Operating Income As Reported": 791000000.0,
        "Diluted Average Shares": 34706000.0,
        "Basic Average Shares": 34206000.0,
        "Diluted EPS": 22.37,
        "Basic EPS": 22.69,
        "Diluted NI Availto Com Stockholders": 776000000.0,
        "Net Income Common Stockholders": 776000000.0,
        "Net Income": 776000000.0,
        "Net Income Including Noncontrolling Interests": 776000000.0,
        "Net Income Continuous Operations": 776000000.0,
        "Tax Provision": 161000000.0,
        "Pretax Income": 937000000.0,
        "Other Income Expense": 122000000.0,
        "Other Non Operating Income Expenses": 2000000.0,
        "Special Income Charges": NaN,
        "Gain On Sale Of Security": 120000000.0,
        "Net Non Operating Interest Income Expense": 24000000.0,
        "Interest Expense Non Operating": 219000000.0,
        "Interest Income Non Operating": 243000000.0,
        "Operating Income": 791000000.0,
        "Operating Expense": 3624000000.0,
        "Other Operating Expenses": 187000000.0,
        "Depreciation Amortization Depletion Income Statement": 137000000.0,
        "Depreciation And Amortization In Income Statement": 137000000.0,
        "Selling General And Administration": 3300000000.0,
        "Selling And Marketing Expense": 2288000000.0,
        "General And Administrative Expense": 1012000000.0,
        "Other Gand A": 186000000.0,
        "Salaries And Wages": 826000000.0,
        "Total Revenue": 4415000000.0,
        "Operating Revenue": 4415000000.0
    },
    "2024-06-30": {
        "Tax Effect Of Unusual Items": 7524000.0,
        "Tax Rate For Calcs": 0.209,
        "Normalized EBITDA": 2331000000.0,
        "Total Unusual Items": 36000000.0,
        "Total Unusual Items Excluding Goodwill": 36000000.0,
        "Net Income From Continuing Operation Net Minority Interest": 1521000000.0,
        "Reconciled Depreciation": 181000000.0,
        "EBITDA": 2367000000.0,
        "EBIT": 2186000000.0,
        "Net Interest Income": 29000000.0,
        "Interest Expense": 264000000.0,
        "Interest Income": 293000000.0,
        "Normalized Income": 1492524000.0,
        "Net Income From Continuing And Discontinued Operation": 1521000000.0,
        "Total Expenses": 4003000000.0,
        "Total Operating Income As Reported": 1856000000.0,
        "Diluted Average Shares": 34267000.0,
        "Basic Average Shares": 33839000.0,
        "Diluted EPS": 44.38,
        "Basic EPS": 44.94,
        "Diluted NI Availto Com Stockholders": 1521000000.0,
        "Net Income Common Stockholders": 1521000000.0,
        "Net Income": 1521000000.0,
        "Net Income Including Noncontrolling Interests": 1521000000.0,
        "Net Income Continuous Operations": 1521000000.0,
        "Tax Provision": 401000000.0,
        "Pretax Income": 1922000000.0,
        "Other Income Expense": 37000000.0,
        "Other Non Operating Income Expenses": 1000000.0,
        "Special Income Charges": NaN,
        "Gain On Sale Of Security": 36000000.0,
        "Net Non Operating Interest Income Expense": 29000000.0,
        "Interest Expense Non Operating": 264000000.0,
        "Interest Income Non Operating": 293000000.0,
        "Operating Income": 1856000000.0,
        "Operating Expense": 4003000000.0,
        "Other Operating Expenses": 183000000.0,
        "Depreciation Amortization Depletion Income Statement": 142000000.0,
        "Depreciation And Amortization In Income Statement": 142000000.0,
        "Selling General And Administration": 3678000000.0,
        "Selling And Marketing Expense": 2759000000.0,
        "General And Administrative Expense": 919000000.0,
        "Other Gand A": 112000000.0,
        "Salaries And Wages": 807000000.0,
        "Total Revenue": 5859000000.0,
        "Operating Revenue": 5859000000.0
    },
    "2024-09-30": {
        "Tax Effect Of Unusual Items": -40959000.0,
        "Tax Rate For Calcs": 0.123,
        "Normalized EBITDA": 3697000000.0,
        "Total Unusual Items": -333000000.0,
        "Total Unusual Items Excluding Goodwill": -333000000.0,
        "Net Income From Continuing Operation Net Minority Interest": 2517000000.0,
        "Reconciled Depreciation": 190000000.0,
        "EBITDA": 3364000000.0,
        "EBIT": 3174000000.0,
        "Net Interest Income": 22000000.0,
        "Interest Expense": 305000000.0,
        "Interest Income": 327000000.0,
        "Normalized Income": 2809041000.0,
        "Net Income From Continuing And Discontinued Operation": 2517000000.0,
        "Total Expenses": 4815000000.0,
        "Total Operating Income As Reported": 3179000000.0,
        "Diluted Average Shares": 33864000.0,
        "Basic Average Shares": 33401000.0,
        "Diluted EPS": 74.34,
        "Basic EPS": 75.37,
        "Diluted NI Availto Com Stockholders": 2517000000.0,
        "Net Income Common Stockholders": 2517000000.0,
        "Net Income": 2517000000.0,
        "Net Income Including Noncontrolling Interests": 2517000000.0,
        "Net Income Continuous Operations": 2517000000.0,
        "Tax Provision": 352000000.0,
        "Pretax Income": 2869000000.0,
        "Other Income Expense": -332000000.0,
        "Other Non Operating Income Expenses": 1000000.0,
        "Special Income Charges": NaN,
        "Gain On Sale Of Security": -333000000.0,
        "Net Non Operating Interest Income Expense": 22000000.0,
        "Interest Expense Non Operating": 305000000.0,
        "Interest Income Non Operating": 327000000.0,
        "Operating Income": 3179000000.0,
        "Operating Expense": 4815000000.0,
        "Other Operating Expenses": 194000000.0,
        "Depreciation Amortization Depletion Income Statement": 155000000.0,
        "Depreciation And Amortization In Income Statement": 155000000.0,
        "Selling General And Administration": 4466000000.0,
        "Selling And Marketing Expense": 3023000000.0,
        "General And Administrative Expense": 1443000000.0,
        "Other Gand A": 575000000.0,
        "Salaries And Wages": 868000000.0,
        "Total Revenue": 7994000000.0,
        "Operating Revenue": 7994000000.0
    },
    "2024-12-31": {
        "Tax Effect Of Unusual Items": 197575447.570332,
        "Tax Rate For Calcs": 0.317136,
        "Normalized EBITDA": 1651000000.0,
        "Total Unusual Items": 623000000.0,
        "Total Unusual Items Excluding Goodwill": 623000000.0,
        "Net Income From Continuing Operation Net Minority Interest": 1068000000.0,
        "Reconciled Depreciation": 203000000.0,
        "EBITDA": 2274000000.0,
        "EBIT": 2071000000.0,
        "Net Interest Income": -256000000.0,
        "Interest Expense": 507000000.0,
        "Interest Income": 251000000.0,
        "Normalized Income": 642575447.570332,
        "Net Income From Continuing And Discontinued Operation": 1068000000.0,
        "Total Expenses": 3742000000.0,
        "Total Operating Income As Reported": 1729000000.0,
        "Diluted Average Shares": 33426000.0,
        "Basic Average Shares": 33051000.0,
        "Diluted EPS": 31.95,
        "Basic EPS": 32.31,
        "Diluted NI Availto Com Stockholders": 1068000000.0,
        "Net Income Common Stockholders": 1068000000.0,
        "Net Income": 1068000000.0,
        "Net Income Including Noncontrolling Interests": 1068000000.0,
        "Net Income Continuous Operations": 1068000000.0,
        "Tax Provision": 496000000.0,
        "Pretax Income": 1564000000.0,
        "Other Income Expense": 91000000.0,
        "Other Non Operating Income Expenses": -532000000.0,
        "Special Income Charges": NaN,
        "Gain On Sale Of Security": 623000000.0,
        "Net Non Operating Interest Income Expense": -256000000.0,
        "Interest Expense Non Operating": 507000000.0,
        "Interest Income Non Operating": 251000000.0,
        "Operating Income": 1729000000.0,
        "Operating Expense": 3742000000.0,
        "Other Operating Expenses": 241000000.0,
        "Depreciation Amortization Depletion Income Statement": 157000000.0,
        "Depreciation And Amortization In Income Statement": 157000000.0,
        "Selling General And Administration": 3344000000.0,
        "Selling And Marketing Expense": 2328000000.0,
        "General And Administrative Expense": 1016000000.0,
        "Other Gand A": 163000000.0,
        "Salaries And Wages": 853000000.0,
        "Total Revenue": 5471000000.0,
        "Operating Revenue": 5471000000.0
    },
    "2025-03-31": {
        "Tax Effect Of Unusual Items": -41396000.0,
        "Tax Rate For Calcs": 0.158,
        "Normalized EBITDA": 1491000000.0,
        "Total Unusual Items": -262000000.0,
        "Total Unusual Items Excluding Goodwill": -262000000.0,
        "Net Income From Continuing Operation Net Minority Interest": 333000000.0,
        "Reconciled Depreciation": 184000000.0,
        "EBITDA": 1229000000.0,
        "EBIT": 1045000000.0,
        "Net Interest Income": -408000000.0,
        "Interest Expense": 649000000.0,
        "Interest Income": 241000000.0,
        "Normalized Income": 553604000.0,
        "Net Income From Continuing And Discontinued Operation": 333000000.0,
        "Total Expenses": 3700000000.0,
        "Total Operating Income As Reported": 1062000000.0,
        "Diluted Average Shares": 33093000.0,
        "Basic Average Shares": 32845000.0,
        "Diluted EPS": 10.07,
        "Basic EPS": 10.14,
        "Diluted NI Availto Com Stockholders": 333000000.0,
        "Net Income Common Stockholders": 333000000.0,
        "Net Income": 333000000.0,
        "Net Income Including Noncontrolling Interests": 333000000.0,
        "Net Income Continuous Operations": 333000000.0,
        "Tax Provision": 63000000.0,
        "Pretax Income": 396000000.0,
        "Other Income Expense": -258000000.0,
        "Other Non Operating Income Expenses": 4000000.0,
        "Special Income Charges": NaN,
        "Gain On Sale Of Security": -262000000.0,
        "Net Non Operating Interest Income Expense": -408000000.0,
        "Interest Expense Non Operating": 649000000.0,
        "Interest Income Non Operating": 241000000.0,
        "Operating Income": 1062000000.0,
        "Operating Expense": 3700000000.0,
        "Other Operating Expenses": 232000000.0,
        "Depreciation Amortization Depletion Income Statement": 154000000.0,
        "Depreciation And Amortization In Income Statement": 154000000.0,
        "Selling General And Administration": 3314000000.0,
        "Selling And Marketing Expense": 2479000000.0,
        "General And Administrative Expense": 835000000.0,
        "Other Gand A": 142000000.0,
        "Salaries And Wages": 693000000.0,
        "Total Revenue": 4762000000.0,
        "Operating Revenue": 4762000000.0
    },
    "2025-06-30": {
        "Tax Effect Of Unusual Items": -182007000.0,
        "Tax Rate For Calcs": 0.189,
        "Normalized EBITDA": 2679000000.0,
        "Total Unusual Items": -963000000.0,
        "Total Unusual Items Excluding Goodwill": -963000000.0,
        "Net Income From Continuing Operation Net Minority Interest": 895000000.0,
        "Reconciled Depreciation": 194000000.0,
        "EBITDA": 1716000000.0,
        "EBIT": 1522000000.0,
        "Net Interest Income": -184000000.0,
        "Interest Expense": 418000000.0,
        "Interest Income": 234000000.0,
        "Normalized Income": 1675993000.0,
        "Net Income From Continuing And Discontinued Operation": 895000000.0,
        "Total Expenses": 4548000000.0,
        "Total Operating Income As Reported": 2250000000.0,
        "Diluted Average Shares": 32619000.0,
        "Basic Average Shares": 32494000.0,
        "Diluted EPS": 27.43,
        "Basic EPS": 27.54,
        "Diluted NI Availto Com Stockholders": 895000000.0,
        "Net Income Common Stockholders": 895000000.0,
        "Net Income": 895000000.0,
        "Net Income Including Noncontrolling Interests": 895000000.0,
        "Net Income Continuous Operations": 895000000.0,
        "Tax Provision": 209000000.0,
        "Pretax Income": 1104000000.0,
        "Other Income Expense": -962000000.0,
        "Other Non Operating Income Expenses": 1000000.0,
        "Special Income Charges": NaN,
        "Gain On Sale Of Security": -963000000.0,
        "Net Non Operating Interest Income Expense": -184000000.0,
        "Interest Expense Non Operating": 418000000.0,
        "Interest Income Non Operating": 234000000.0,
        "Operating Income": 2250000000.0,
        "Operating Expense": 4548000000.0,
        "Other Operating Expenses": 257000000.0,
        "Depreciation Amortization Depletion Income Statement": 158000000.0,
        "Depreciation And Amortization In Income Statement": 158000000.0,
        "Selling General And Administration": 4133000000.0,
        "Selling And Marketing Expense": 3038000000.0,
        "General And Administrative Expense": 1095000000.0,
        "Other Gand A": 199000000.0,
        "Salaries And Wages": 896000000.0,
        "Total Revenue": 6798000000.0,
        "Operating Revenue": 6798000000.0
    }
}