{
    "2023-06-30": {
        "Tax Effect Of Unusual Items": NaN,
        "Tax Rate For Calcs": NaN,
        "Normalized EBITDA": NaN,
        "Total Unusual Items": NaN,
        "Total Unusual Items Excluding Goodwill": NaN,
        "Net Income From Continuing Operation Net Minority Interest": NaN,
        "Reconciled Depreciation": NaN,
        "Reconciled Cost Of Revenue": NaN,
        "EBITDA": NaN,
        "EBIT": NaN,
        "Net Interest Income": NaN,
        "Interest Expense": NaN,
        "Normalized Income": NaN,
        "Net Income From Continuing And Discontinued Operation": NaN,
        "Total Expenses": NaN,
        "Total Operating Income As Reported": NaN,
        "Diluted Average Shares": NaN,
        "Basic Average Shares": NaN,
        "Diluted EPS": NaN,
        "Basic EPS": NaN,
        "Diluted NI Availto Com Stockholders": NaN,
        "Net Income Common Stockholders": NaN,
        "Net Income": NaN,
        "Minority Interests": NaN,
        "Net Income Including Noncontrolling Interests": NaN,
        "Net Income Continuous Operations": NaN,
        "Tax Provision": NaN,
        "Pretax Income": NaN,
        "Other Income Expense": NaN,
        "Other Non Operating Income Expenses": NaN,
        "Special Income Charges": NaN,
        "Restructuring And Mergern Acquisition": 102000000.0,
        "Net Non Operating Interest Income Expense": NaN,
        "Interest Expense Non Operating": NaN,
        "Operating Income": NaN,
        "Operating Expense": NaN,
        "Selling General And Administration": NaN,
        "Gross Profit": NaN,
        "Cost Of Revenue": NaN,
        "Total Revenue": NaN,
        "Operating Revenue": NaN
    },
    "2023-03-31": {
        "Tax Effect Of Unusual Items": NaN,
        "Tax Rate For Calcs": NaN,
        "Normalized EBITDA": NaN,
        "Total Unusual Items": NaN,
        "Total Unusual Items Excluding Goodwill": NaN,
        "Net Income From Continuing Operation Net Minority Interest": NaN,
        "Reconciled Depreciation": NaN,
        "Reconciled Cost Of Revenue": NaN,
        "EBITDA": NaN,
        "EBIT": NaN,
        "Net Interest Income": NaN,
        "Interest Expense": NaN,
        "Normalized Income": NaN,
        "Net Income From Continuing And Discontinued Operation": NaN,
        "Total Expenses": NaN,
        "Total Operating Income As Reported": NaN,
        "Diluted Average Shares": NaN,
        "Basic Average Shares": NaN,
        "Diluted EPS": NaN,
        "Basic EPS": NaN,
        "Diluted NI Availto Com Stockholders": NaN,
        "Net Income Common Stockholders": NaN,
        "Net Income": NaN,
        "Minority Interests": NaN,
        "Net Income Including Noncontrolling Interests": NaN,
        "Net Income Continuous Operations": NaN,
        "Tax Provision": NaN,
        "Pretax Income": NaN,
        "Other Income Expense": NaN,
        "Other Non Operating Income Expenses": NaN,
        "Special Income Charges": NaN,
        "Restructuring And Mergern Acquisition": 56000000.0,
        "Net Non Operating Interest Income Expense": NaN,
        "Interest Expense Non Operating": NaN,
        "Operating Income": NaN,
        "Operating Expense": NaN,
        "Selling General And Administration": NaN,
        "Gross Profit": NaN,
        "Cost Of Revenue": NaN,
        "Total Revenue": NaN,
        "Operating Revenue": NaN
    },
    "2022-12-31": {
        "Tax Effect Of Unusual Items": NaN,
        "Tax Rate For Calcs": NaN,
        "Normalized EBITDA": NaN,
        "Total Unusual Items": NaN,
        "Total Unusual Items Excluding Goodwill": NaN,
        "Net Income From Continuing Operation Net Minority Interest": NaN,
        "Reconciled Depreciation": NaN,
        "Reconciled Cost Of Revenue": NaN,
        "EBITDA": NaN,
        "EBIT": NaN,
        "Net Interest Income": NaN,
        "Interest Expense": NaN,
        "Normalized Income": NaN,
        "Net Income From Continuing And Discontinued Operation": NaN,
        "Total Expenses": NaN,
        "Total Operating Income As Reported": NaN,
        "Diluted Average Shares": NaN,
        "Basic Average Shares": NaN,
        "Diluted EPS": NaN,
        "Basic EPS": NaN,
        "Diluted NI Availto Com Stockholders": NaN,
        "Net Income Common Stockholders": NaN,
        "Net Income": NaN,
        "Minority Interests": NaN,
        "Net Income Including Noncontrolling Interests": NaN,
        "Net Income Continuous Operations": NaN,
        "Tax Provision": NaN,
        "Pretax Income": NaN,
        "Other Income Expense": NaN,
        "Other Non Operating Income Expenses": NaN,
        "Special Income Charges": NaN,
        "Restructuring And Mergern Acquisition": 29000000.0,
        "Net Non Operating Interest Income Expense": NaN,
        "Interest Expense Non Operating": NaN,
        "Operating Income": NaN,
        "Operating Expense": NaN,
        "Selling General And Administration": NaN,
        "Gross Profit": NaN,
        "Cost Of Revenue": NaN,
        "Total Revenue": NaN,
        "Operating Revenue": NaN
    },
    "2022-09-30": {
        "Tax Effect Of Unusual Items": NaN,
        "Tax Rate For Calcs": NaN,
        "Normalized EBITDA": NaN,
        "Total Unusual Items": NaN,
        "Total Unusual Items Excluding Goodwill": NaN,
        "Net Income From Continuing Operation Net Minority Interest": NaN,
        "Reconciled Depreciation": NaN,
        "Reconciled Cost Of Revenue": NaN,
        "EBITDA": NaN,
        "EBIT": NaN,
        "Net Interest Income": NaN,
        "Interest Expense": NaN,
        "Normalized Income": NaN,
        "Net Income From Continuing And Discontinued Operation": NaN,
        "Total Expenses": NaN,
        "Total Operating Income As Reported": NaN,
        "Diluted Average Shares": NaN,
        "Basic Average Shares": NaN,
        "Diluted EPS": NaN,
        "Basic EPS": NaN,
        "Diluted NI Availto Com Stockholders": NaN,
        "Net Income Common Stockholders": NaN,
        "Net Income": NaN,
        "Minority Interests": NaN,
        "Net Income Including Noncontrolling Interests": NaN,
        "Net Income Continuous Operations": NaN,
        "Tax Provision": NaN,
        "Pretax Income": NaN,
        "Other Income Expense": NaN,
        "Other Non Operating Income Expenses": NaN,
        "Special Income Charges": NaN,
        "Restructuring And Mergern Acquisition": 235000000.0,
        "Net Non Operating Interest Income Expense": NaN,
        "Interest Expense Non Operating": NaN,
        "Operating Income": NaN,
        "Operating Expense": NaN,
        "Selling General And Administration": NaN,
        "Gross Profit": NaN,
        "Cost Of Revenue": NaN,
        "Total Revenue": NaN,
        "Operating Revenue": NaN
    },
    "2022-06-30": {
        "Tax Effect Of Unusual Items": -148400000.0,
        "Tax Rate For Calcs": 0.4,
        "Normalized EBITDA": 51000000.0,
        "Total Unusual Items": -371000000.0,
        "Total Unusual Items Excluding Goodwill": -371000000.0,
        "Net Income From Continuing Operation Net Minority Interest": -839000000.0,
        "Reconciled Depreciation": 275000000.0,
        "Reconciled Cost Of Revenue": 4077000000.0,
        "EBITDA": -320000000.0,
        "EBIT": -595000000.0,
        "Net Interest Income": -60000000.0,
        "Interest Expense": 60000000.0,
        "Normalized Income": -616400000.0,
        "Net Income From Continuing And Discontinued Operation": -839000000.0,
        "Total Expenses": 4701000000.0,
        "Total Operating Income As Reported": -25000000.0,
        "Diluted Average Shares": 998809524.0,
        "Basic Average Shares": 998809524.0,
        "Diluted EPS": -0.84,
        "Basic EPS": -0.84,
        "Diluted NI Availto Com Stockholders": -839000000.0,
        "Net Income Common Stockholders": -839000000.0,
        "Net Income": -839000000.0,
        "Minority Interests": -2000000.0,
        "Net Income Including Noncontrolling Interests": -837000000.0,
        "Net Income Continuous Operations": -837000000.0,
        "Tax Provision": 182000000.0,
        "Pretax Income": -655000000.0,
        "Other Income Expense": -941000000.0,
        "Other Non Operating Income Expenses": -570000000.0,
        "Special Income Charges": -371000000.0,
        "Restructuring And Mergern Acquisition": 371000000.0,
        "Net Non Operating Interest Income Expense": -60000000.0,
        "Interest Expense Non Operating": 60000000.0,
        "Operating Income": 346000000.0,
        "Operating Expense": 624000000.0,
        "Selling General And Administration": 624000000.0,
        "Gross Profit": 970000000.0,
        "Cost Of Revenue": 4077000000.0,
        "Total Revenue": 5047000000.0,
        "Operating Revenue": 5047000000.0
    },
    "2022-03-31": {
        "Diluted EPS": 0.08,
        "Total Revenue": NaN,
        "Gross Profit": 970,
        "Operating Income": 279,
        "EBIT": 556,
        "Net Income": 72
    },
    "2021-12-31": {
        "Diluted EPS": 0.41,
        "Total Revenue": NaN,
        "Gross Profit": NaN,
        "Operating Income": 574,
        "EBIT": 847,
        "Net Income": 293
    },
    "2021-09-30": {
        "Diluted EPS": 0.01,
        "Total Revenue": NaN,
        "Gross Profit": NaN,
        "Operating Income": 378,
        "EBIT": 640,
        "Net Income": 8
    },
    "2021-06-30": {
        "Diluted EPS": -0.08,
        "Total Revenue": NaN,
        "Gross Profit": 976,
        "Operating Income": 194,
        "EBIT": 472,
        "Net Income": -68
    },
    "2021-03-31": {
        "Diluted EPS": -0.61,
        "Total Revenue": NaN,
        "Gross Profit": 858,
        "Operating Income": 164,
        "EBIT": 456,
        "Net Income": -452
    },
    "2020-12-31": {
        "Diluted EPS": 1.48,
        "Total Revenue": NaN,
        "Gross Profit": NaN,
        "Operating Income": 182,
        "EBIT": 489,
        "Net Income": 652
    },
    "2020-09-30": {
        "Diluted EPS": -0.25,
        "Total Revenue": NaN,
        "Gross Profit": 757,
        "Operating Income": -49,
        "EBIT": 267,
        "Net Income": -170
    },
    "2020-06-30": {
        "Diluted EPS": -0.3,
        "Total Revenue": NaN,
        "Gross Profit": 678,
        "Operating Income": -52,
        "EBIT": 287,
        "Net Income": -195
    },
    "2020-03-31": {
        "Diluted EPS": -15.66,
        "Total Revenue": NaN,
        "Gross Profit": 755,
        "Operating Income": NaN,
        "EBIT": -931,
        "Net Income": NaN
    },
    "2019-12-31": {
        "Diluted EPS": 0.08,
        "Total Revenue": NaN,
        "Gross Profit": NaN,
        "Operating Income": 330,
        "EBIT": 683,
        "Net Income": 48
    },
    "2019-09-30": {
        "Diluted EPS": 0.11,
        "Total Revenue": NaN,
        "Gross Profit": NaN,
        "Operating Income": 297,
        "EBIT": 653,
        "Net Income": 57
    },
    "2019-06-30": {
        "Diluted EPS": -0.02,
        "Total Revenue": NaN,
        "Gross Profit": NaN,
        "Operating Income": 271,
        "EBIT": 630,
        "Net Income": -9
    },
    "2019-03-31": {
        "Diluted EPS": 0.06,
        "Total Revenue": NaN,
        "Gross Profit": 976,
        "Operating Income": 176,
        "EBIT": 526,
        "Net Income": 32
    },
    "2018-12-31": {
        "Diluted EPS": 0.3,
        "Total Revenue": NaN,
        "Gross Profit": NaN,
        "Operating Income": 382,
        "EBIT": 735,
        "Net Income": 131
    },
    "2018-09-30": {
        "Diluted EPS": 0.03,
        "Total Revenue": NaN,
        "Gross Profit": 973,
        "Operating Income": 282,
        "EBIT": 635,
        "Net Income": 13
    },
    "2018-06-30": {
        "Diluted EPS": -0.05,
        "Total Revenue": NaN,
        "Gross Profit": 936,
        "Operating Income": 78,
        "EBIT": 470,
        "Net Income": -19
    },
    "2018-03-31": {
        "Diluted EPS": 0.17,
        "Total Revenue": NaN,
        "Gross Profit": 841,
        "Operating Income": -41,
        "EBIT": 347,
        "Net Income": 70
    },
    "2017-12-31": {
        "Diluted EPS": -0.05,
        "Total Revenue": NaN,
        "Gross Profit": 859,
        "Operating Income": -111,
        "EBIT": 276,
        "Net Income": 31
    },
    "2017-09-30": {
        "Diluted EPS": -0.31,
        "Total Revenue": NaN,
        "Gross Profit": 952,
        "Operating Income": -193,
        "EBIT": 233,
        "Net Income": -134
    },
    "2017-06-30": {
        "Diluted EPS": 0.12,
        "Total Revenue": NaN,
        "Gross Profit": 539,
        "Operating Income": -66,
        "EBIT": 92,
        "Net Income": NaN
    },
    "2017-03-31": {
        "Diluted EPS": 0.0,
        "Total Revenue": NaN,
        "Gross Profit": 686,
        "Operating Income": 86,
        "EBIT": 218,
        "Net Income": NaN
    },
    "2016-12-31": {
        "Diluted EPS": 0.0,
        "Total Revenue": NaN,
        "Gross Profit": NaN,
        "Operating Income": NaN,
        "EBIT": NaN,
        "Net Income": NaN
    },
    "2016-09-30": {
        "Diluted EPS": -0.24,
        "Total Revenue": NaN,
        "Gross Profit": 730,
        "Operating Income": 176,
        "EBIT": NaN,
        "Net Income": NaN
    },
    "2016-06-30": {
        "Diluted EPS": -2.08,
        "Total Revenue": NaN,
        "Gross Profit": -704,
        "Operating Income": -570,
        "EBIT": NaN,
        "Net Income": -911
    },
    "2016-03-31": {
        "Diluted EPS": -2.22,
        "Total Revenue": NaN,
        "Gross Profit": 12,
        "Operating Income": -559,
        "EBIT": -205,
        "Net Income": -981
    },
    "2015-12-31": {
        "Diluted EPS": 0.0,
        "Total Revenue": NaN,
        "Gross Profit": NaN,
        "Operating Income": 881,
        "EBIT": NaN,
        "Net Income": NaN
    },
    "2015-09-30": {
        "Diluted EPS": -0.36,
        "Total Revenue": NaN,
        "Gross Profit": 411,
        "Operating Income": -101,
        "EBIT": 331,
        "Net Income": -159
    },
    "2015-06-30": {
        "Diluted EPS": -0.43,
        "Total Revenue": NaN,
        "Gross Profit": 384,
        "Operating Income": -144,
        "EBIT": 290,
        "Net Income": -188
    },
    "2015-03-31": {
        "Diluted EPS": -1.35,
        "Total Revenue": NaN,
        "Gross Profit": 252,
        "Operating Income": -774,
        "EBIT": -314,
        "Net Income": -589
    },
    "2014-12-31": {
        "Diluted EPS": 1.52,
        "Total Revenue": NaN,
        "Gross Profit": NaN,
        "Operating Income": NaN,
        "EBIT": NaN,
        "Net Income": 663
    },
    "2014-09-30": {
        "Diluted EPS": 0.86,
        "Total Revenue": NaN,
        "Gross Profit": NaN,
        "Operating Income": 661,
        "EBIT": NaN,
        "Net Income": 375
    },
    "2014-06-30": {
        "Diluted EPS": 0.8,
        "Total Revenue": NaN,
        "Gross Profit": NaN,
        "Operating Income": 631,
        "EBIT": NaN,
        "Net Income": 353
    },
    "2014-03-31": {
        "Diluted EPS": 0.74,
        "Total Revenue": NaN,
        "Gross Profit": NaN,
        "Operating Income": 552,
        "EBIT": 989,
        "Net Income": 328
    },
    "2013-12-31": {
        "Diluted EPS": 0.56,
        "Total Revenue": NaN,
        "Gross Profit": 974,
        "Operating Income": 482,
        "EBIT": 918,
        "Net Income": 248
    },
    "2013-09-30": {
        "Diluted EPS": 0.77,
        "Total Revenue": NaN,
        "Gross Profit": NaN,
        "Operating Income": 576,
        "EBIT": 999,
        "Net Income": 341
    },
    "2013-06-30": {
        "Diluted EPS": 0.54,
        "Total Revenue": NaN,
        "Gross Profit": 896,
        "Operating Income": 436,
        "EBIT": 860,
        "Net Income": 240
    },
    "2013-03-31": {
        "Diluted EPS": 0.6,
        "Total Revenue": NaN,
        "Gross Profit": 904,
        "Operating Income": 455,
        "EBIT": 870,
        "Net Income": 267
    },
    "2012-12-31": {
        "Diluted EPS": 0.48,
        "Total Revenue": NaN,
        "Gross Profit": 884,
        "Operating Income": 440,
        "EBIT": 857,
        "Net Income": 214
    },
    "2012-09-30": {
        "Diluted EPS": 0.63,
        "Total Revenue": NaN,
        "Gross Profit": 959,
        "Operating Income": 486,
        "EBIT": 894,
        "Net Income": 279
    },
    "2012-06-30": {
        "Diluted EPS": 1.0,
        "Total Revenue": NaN,
        "Gross Profit": NaN,
        "Operating Income": 639,
        "EBIT": NaN,
        "Net Income": 439
    },
    "2012-03-31": {
        "Diluted EPS": 0.86,
        "Total Revenue": NaN,
        "Gross Profit": NaN,
        "Operating Income": 627,
        "EBIT": 990,
        "Net Income": 379
    },
    "2011-12-31": {
        "Diluted EPS": 0.72,
        "Total Revenue": NaN,
        "Gross Profit": NaN,
        "Operating Income": 538,
        "EBIT": 908,
        "Net Income": 314
    },
    "2011-09-30": {
        "Diluted EPS": 1.61,
        "Total Revenue": NaN,
        "Gross Profit": NaN,
        "Operating Income": 805,
        "EBIT": NaN,
        "Net Income": 706
    },
    "2011-06-30": {
        "Diluted EPS": 0.77,
        "Total Revenue": NaN,
        "Gross Profit": NaN,
        "Operating Income": 617,
        "EBIT": 948,
        "Net Income": 338
    },
    "2011-03-31": {
        "Diluted EPS": 0.87,
        "Total Revenue": NaN,
        "Gross Profit": NaN,
        "Operating Income": 640,
        "EBIT": 955,
        "Net Income": 381
    },
    "2010-12-31": {
        "Diluted EPS": 0.83,
        "Total Revenue": NaN,
        "Gross Profit": NaN,
        "Operating Income": 562,
        "EBIT": 888,
        "Net Income": 335
    },
    "2010-09-30": {
        "Diluted EPS": 0.59,
        "Total Revenue": NaN,
        "Gross Profit": 889,
        "Operating Income": 405,
        "EBIT": 698,
        "Net Income": 255
    },
    "2010-06-30": {
        "Diluted EPS": 0.23,
        "Total Revenue": NaN,
        "Gross Profit": 712,
        "Operating Income": 232,
        "EBIT": 493,
        "Net Income": 93
    },
    "2010-03-31": {
        "Diluted EPS": 0.41,
        "Total Revenue": NaN,
        "Gross Profit": 627,
        "Operating Income": 218,
        "EBIT": 407,
        "Net Income": 129
    },
    "2009-12-31": {
        "Diluted EPS": 0.27,
        "Total Revenue": NaN,
        "Gross Profit": 549,
        "Operating Income": 150,
        "EBIT": 329,
        "Net Income": 84
    },
    "2009-09-30": {
        "Diluted EPS": 0.18,
        "Total Revenue": NaN,
        "Gross Profit": 471,
        "Operating Income": 111,
        "EBIT": 288,
        "Net Income": 55
    },
    "2009-06-30": {
        "Diluted EPS": 0.28,
        "Total Revenue": NaN,
        "Gross Profit": 539,
        "Operating Income": 153,
        "EBIT": 335,
        "Net Income": 87
    },
    "2009-03-31": {
        "Diluted EPS": 0.63,
        "Total Revenue": NaN,
        "Gross Profit": 708,
        "Operating Income": 318,
        "EBIT": 491,
        "Net Income": 195
    },
    "2023-09-30": {
        "Tax Effect Of Unusual Items": NaN,
        "Tax Rate For Calcs": NaN,
        "Normalized EBITDA": NaN,
        "Total Unusual Items": NaN,
        "Total Unusual Items Excluding Goodwill": NaN,
        "Net Income From Continuing Operation Net Minority Interest": NaN,
        "Reconciled Depreciation": NaN,
        "Reconciled Cost Of Revenue": NaN,
        "EBITDA": NaN,
        "EBIT": NaN,
        "Net Interest Income": NaN,
        "Interest Expense": NaN,
        "Normalized Income": NaN,
        "Net Income From Continuing And Discontinued Operation": NaN,
        "Total Expenses": NaN,
        "Total Operating Income As Reported": NaN,
        "Diluted Average Shares": 1017000000.0,
        "Basic Average Shares": 1009000000.0,
        "Diluted EPS": 0.51,
        "Basic EPS": 0.51,
        "Diluted NI Availto Com Stockholders": NaN,
        "Net Income Common Stockholders": NaN,
        "Net Income": NaN,
        "Minority Interests": NaN,
        "Net Income Including Noncontrolling Interests": NaN,
        "Net Income Continuous Operations": NaN,
        "Tax Provision": NaN,
        "Pretax Income": NaN,
        "Other Income Expense": NaN,
        "Other Non Operating Income Expenses": NaN,
        "Special Income Charges": NaN,
        "Restructuring And Mergern Acquisition": NaN,
        "Net Non Operating Interest Income Expense": NaN,
        "Interest Expense Non Operating": NaN,
        "Operating Income": NaN,
        "Operating Expense": NaN,
        "Selling General And Administration": NaN,
        "Gross Profit": NaN,
        "Cost Of Revenue": NaN,
        "Total Revenue": NaN,
        "Operating Revenue": NaN
    },
    "2023-12-31": {
        "Tax Effect Of Unusual Items": NaN,
        "Tax Rate For Calcs": NaN,
        "Normalized EBITDA": NaN,
        "Total Unusual Items": -162000000.0,
        "Total Unusual Items Excluding Goodwill": -162000000.0,
        "Net Income From Continuing Operation Net Minority Interest": NaN,
        "Reconciled Depreciation": NaN,
        "Reconciled Cost Of Revenue": NaN,
        "EBITDA": NaN,
        "EBIT": NaN,
        "Net Interest Income": NaN,
        "Interest Expense": NaN,
        "Normalized Income": NaN,
        "Net Income From Continuing And Discontinued Operation": NaN,
        "Total Expenses": NaN,
        "Total Operating Income As Reported": 651000000.0,
        "Diluted Average Shares": NaN,
        "Basic Average Shares": NaN,
        "Diluted EPS": NaN,
        "Basic EPS": NaN,
        "Diluted NI Availto Com Stockholders": NaN,
        "Net Income Common Stockholders": NaN,
        "Net Income": NaN,
        "Minority Interests": NaN,
        "Net Income Including Noncontrolling Interests": NaN,
        "Net Income Continuous Operations": NaN,
        "Tax Provision": NaN,
        "Pretax Income": NaN,
        "Other Income Expense": NaN,
        "Other Non Operating Income Expenses": NaN,
        "Special Income Charges": -162000000.0,
        "Restructuring And Mergern Acquisition": NaN,
        "Net Non Operating Interest Income Expense": NaN,
        "Interest Expense Non Operating": NaN,
        "Operating Income": NaN,
        "Operating Expense": NaN,
        "Research And Development": NaN,
        "Selling General And Administration": NaN,
        "Gross Profit": NaN,
        "Cost Of Revenue": NaN,
        "Total Revenue": NaN,
        "Operating Revenue": NaN
    },
    "2024-03-31": {
        "Tax Effect Of Unusual Items": NaN,
        "Tax Rate For Calcs": NaN,
        "Normalized EBITDA": NaN,
        "Total Unusual Items": -7000000.0,
        "Total Unusual Items Excluding Goodwill": -7000000.0,
        "Net Income From Continuing Operation Net Minority Interest": NaN,
        "Reconciled Depreciation": NaN,
        "Reconciled Cost Of Revenue": NaN,
        "EBITDA": NaN,
        "EBIT": NaN,
        "Net Interest Income": NaN,
        "Interest Expense": NaN,
        "Normalized Income": NaN,
        "Net Income From Continuing And Discontinued Operation": NaN,
        "Total Expenses": NaN,
        "Total Operating Income As Reported": 653000000.0,
        "Diluted Average Shares": NaN,
        "Basic Average Shares": NaN,
        "Diluted EPS": NaN,
        "Basic EPS": NaN,
        "Diluted NI Availto Com Stockholders": NaN,
        "Net Income Common Stockholders": NaN,
        "Net Income": NaN,
        "Minority Interests": NaN,
        "Net Income Including Noncontrolling Interests": NaN,
        "Net Income Continuous Operations": NaN,
        "Tax Provision": NaN,
        "Pretax Income": NaN,
        "Other Income Expense": NaN,
        "Other Non Operating Income Expenses": NaN,
        "Special Income Charges": -7000000.0,
        "Restructuring And Mergern Acquisition": 7000000.0,
        "Net Non Operating Interest Income Expense": NaN,
        "Interest Expense Non Operating": NaN,
        "Operating Income": NaN,
        "Operating Expense": NaN,
        "Research And Development": 164000000.0,
        "Selling General And Administration": NaN,
        "Gross Profit": NaN,
        "Cost Of Revenue": NaN,
        "Total Revenue": NaN,
        "Operating Revenue": NaN
    },
    "2024-06-30": {
        "Tax Effect Of Unusual Items": NaN,
        "Tax Rate For Calcs": NaN,
        "Normalized EBITDA": NaN,
        "Total Unusual Items": -14000000.0,
        "Total Unusual Items Excluding Goodwill": -14000000.0,
        "Net Income From Continuing Operation Net Minority Interest": NaN,
        "Reconciled Depreciation": NaN,
        "Reconciled Cost Of Revenue": NaN,
        "EBITDA": NaN,
        "EBIT": NaN,
        "Net Interest Income": NaN,
        "Interest Expense": NaN,
        "Normalized Income": NaN,
        "Net Income From Continuing And Discontinued Operation": NaN,
        "Total Expenses": NaN,
        "Total Operating Income As Reported": 833000000.0,
        "Diluted Average Shares": NaN,
        "Basic Average Shares": NaN,
        "Diluted EPS": NaN,
        "Basic EPS": NaN,
        "Diluted NI Availto Com Stockholders": NaN,
        "Net Income Common Stockholders": NaN,
        "Net Income": NaN,
        "Minority Interests": NaN,
        "Net Income Including Noncontrolling Interests": NaN,
        "Net Income Continuous Operations": NaN,
        "Tax Provision": NaN,
        "Pretax Income": NaN,
        "Other Income Expense": NaN,
        "Other Non Operating Income Expenses": NaN,
        "Special Income Charges": -14000000.0,
        "Net Non Operating Interest Income Expense": NaN,
        "Interest Expense Non Operating": NaN,
        "Operating Income": NaN,
        "Operating Expense": NaN,
        "Research And Development": 158000000.0,
        "Selling General And Administration": NaN,
        "Gross Profit": NaN,
        "Cost Of Revenue": NaN,
        "Total Revenue": NaN,
        "Operating Revenue": NaN
    },
    "2024-09-30": {
        "Tax Effect Of Unusual Items": 0.0,
        "Tax Rate For Calcs": 0.232904,
        "Normalized EBITDA": 1342000000.0,
        "Total Unusual Items": 0.0,
        "Total Unusual Items Excluding Goodwill": 0.0,
        "Net Income From Continuing Operation Net Minority Interest": 766000000.0,
        "Reconciled Depreciation": 278000000.0,
        "Reconciled Cost Of Revenue": 5208000000.0,
        "EBITDA": 1342000000.0,
        "EBIT": 1064000000.0,
        "Net Interest Income": -55000000.0,
        "Interest Expense": 55000000.0,
        "Normalized Income": 766000000.0,
        "Net Income From Continuing And Discontinued Operation": 766000000.0,
        "Total Expenses": 5978000000.0,
        "Total Operating Income As Reported": 930000000.0,
        "Diluted Average Shares": 999000000.0,
        "Basic Average Shares": 993000000.0,
        "Diluted EPS": 0.77,
        "Basic EPS": 0.77,
        "Diluted NI Availto Com Stockholders": 766000000.0,
        "Net Income Common Stockholders": 766000000.0,
        "Net Income": 766000000.0,
        "Minority Interests": -8000000.0,
        "Net Income Including Noncontrolling Interests": 774000000.0,
        "Net Income Continuous Operations": 774000000.0,
        "Tax Provision": 235000000.0,
        "Pretax Income": 1009000000.0,
        "Other Income Expense": 134000000.0,
        "Other Non Operating Income Expenses": 134000000.0,
        "Special Income Charges": 0.0,
        "Net Non Operating Interest Income Expense": -55000000.0,
        "Interest Expense Non Operating": 55000000.0,
        "Operating Income": 930000000.0,
        "Operating Expense": 770000000.0,
        "Research And Development": NaN,
        "Selling General And Administration": 612000000.0,
        "Gross Profit": 1700000000.0,
        "Cost Of Revenue": 5208000000.0,
        "Total Revenue": 6908000000.0,
        "Operating Revenue": 6908000000.0
    },
    "2024-12-31": {
        "Tax Effect Of Unusual Items": -58800000.0,
        "Tax Rate For Calcs": 0.21,
        "Normalized EBITDA": 1419000000.0,
        "Total Unusual Items": -280000000.0,
        "Total Unusual Items Excluding Goodwill": -280000000.0,
        "Net Income From Continuing Operation Net Minority Interest": 1179000000.0,
        "Reconciled Depreciation": 292000000.0,
        "Reconciled Cost Of Revenue": 5834000000.0,
        "EBITDA": 1139000000.0,
        "EBIT": 847000000.0,
        "Net Interest Income": -55000000.0,
        "Interest Expense": 55000000.0,
        "Normalized Income": 1400200000.0,
        "Net Income From Continuing And Discontinued Operation": 1179000000.0,
        "Total Expenses": 6419000000.0,
        "Total Operating Income As Reported": 665000000.0,
        "Diluted Average Shares": 999000000.0,
        "Basic Average Shares": 990000000.0,
        "Diluted EPS": 1.18,
        "Basic EPS": 1.19,
        "Diluted NI Availto Com Stockholders": 1179000000.0,
        "Net Income Common Stockholders": 1179000000.0,
        "Net Income": 1179000000.0,
        "Minority Interests": -12000000.0,
        "Net Income Including Noncontrolling Interests": 1191000000.0,
        "Net Income Continuous Operations": 1191000000.0,
        "Tax Provision": -399000000.0,
        "Pretax Income": 792000000.0,
        "Other Income Expense": -98000000.0,
        "Other Non Operating Income Expenses": 182000000.0,
        "Special Income Charges": -280000000.0,
        "Net Non Operating Interest Income Expense": -55000000.0,
        "Interest Expense Non Operating": 55000000.0,
        "Operating Income": 945000000.0,
        "Operating Expense": 585000000.0,
        "Research And Development": NaN,
        "Selling General And Administration": 585000000.0,
        "Gross Profit": 1530000000.0,
        "Cost Of Revenue": 5834000000.0,
        "Total Revenue": 7364000000.0,
        "Operating Revenue": 7364000000.0
    },
    "2025-03-31": {
        "Tax Effect Of Unusual Items": 0.0,
        "Tax Rate For Calcs": 0.270945,
        "Normalized EBITDA": 897000000.0,
        "Total Unusual Items": NaN,
        "Total Unusual Items Excluding Goodwill": NaN,
        "Net Income From Continuing Operation Net Minority Interest": 402000000.0,
        "Reconciled Depreciation": 285000000.0,
        "Reconciled Cost Of Revenue": 4952000000.0,
        "EBITDA": 897000000.0,
        "EBIT": 612000000.0,
        "Net Interest Income": -51000000.0,
        "Interest Expense": 51000000.0,
        "Normalized Income": 402000000.0,
        "Net Income From Continuing And Discontinued Operation": 402000000.0,
        "Total Expenses": 5675000000.0,
        "Total Operating Income As Reported": NaN,
        "Diluted Average Shares": 999000000.0,
        "Basic Average Shares": 992000000.0,
        "Diluted EPS": 0.4,
        "Basic EPS": 0.41,
        "Diluted NI Availto Com Stockholders": 402000000.0,
        "Net Income Common Stockholders": 402000000.0,
        "Net Income": 402000000.0,
        "Minority Interests": -7000000.0,
        "Net Income Including Noncontrolling Interests": 409000000.0,
        "Net Income Continuous Operations": 409000000.0,
        "Tax Provision": 152000000.0,
        "Pretax Income": 561000000.0,
        "Other Income Expense": -140000000.0,
        "Other Non Operating Income Expenses": -140000000.0,
        "Special Income Charges": NaN,
        "Net Non Operating Interest Income Expense": -51000000.0,
        "Interest Expense Non Operating": 51000000.0,
        "Operating Income": 752000000.0,
        "Operating Expense": 723000000.0,
        "Research And Development": 146000000.0,
        "Selling General And Administration": 577000000.0,
        "Gross Profit": 1475000000.0,
        "Cost Of Revenue": 4952000000.0,
        "Total Revenue": 6427000000.0,
        "Operating Revenue": 6427000000.0
    },
    "2025-06-30": {
        "Tax Effect Of Unusual Items": 0.0,
        "Tax Rate For Calcs": 0.264736,
        "Normalized EBITDA": 1315000000.0,
        "Total Unusual Items": NaN,
        "Total Unusual Items Excluding Goodwill": NaN,
        "Net Income From Continuing Operation Net Minority Interest": 701000000.0,
        "Reconciled Depreciation": 294000000.0,
        "Reconciled Cost Of Revenue": 5295000000.0,
        "EBITDA": 1315000000.0,
        "EBIT": 1021000000.0,
        "Net Interest Income": -54000000.0,
        "Interest Expense": 54000000.0,
        "Normalized Income": 701000000.0,
        "Net Income From Continuing And Discontinued Operation": 701000000.0,
        "Total Expenses": 6023000000.0,
        "Total Operating Income As Reported": NaN,
        "Diluted Average Shares": 991000000.0,
        "Basic Average Shares": 988000000.0,
        "Diluted EPS": 0.71,
        "Basic EPS": 0.71,
        "Diluted NI Availto Com Stockholders": 701000000.0,
        "Net Income Common Stockholders": 701000000.0,
        "Net Income": 701000000.0,
        "Minority Interests": -10000000.0,
        "Net Income Including Noncontrolling Interests": 711000000.0,
        "Net Income Continuous Operations": 711000000.0,
        "Tax Provision": 256000000.0,
        "Pretax Income": 967000000.0,
        "Other Income Expense": 134000000.0,
        "Other Non Operating Income Expenses": 134000000.0,
        "Special Income Charges": NaN,
        "Net Non Operating Interest Income Expense": -54000000.0,
        "Interest Expense Non Operating": 54000000.0,
        "Operating Income": 887000000.0,
        "Operating Expense": 728000000.0,
        "Research And Development": 161000000.0,
        "Selling General And Administration": 567000000.0,
        "Gross Profit": 1615000000.0,
        "Cost Of Revenue": 5295000000.0,
        "Total Revenue": 6910000000.0,
        "Operating Revenue": 6910000000.0
    },
    "2025-09-30": {
        "Tax Effect Of Unusual Items": 0.0,
        "Tax Rate For Calcs": 0.248477,
        "Normalized EBITDA": 1159000000.0,
        "Total Unusual Items": NaN,
        "Total Unusual Items Excluding Goodwill": NaN,
        "Net Income From Continuing Operation Net Minority Interest": 609000000.0,
        "Reconciled Depreciation": 282000000.0,
        "Reconciled Cost Of Revenue": 5309000000.0,
        "EBITDA": 1159000000.0,
        "EBIT": 877000000.0,
        "Net Interest Income": -56000000.0,
        "Interest Expense": 56000000.0,
        "Normalized Income": 609000000.0,
        "Net Income From Continuing And Discontinued Operation": 609000000.0,
        "Total Expenses": 6062000000.0,
        "Total Operating Income As Reported": NaN,
        "Diluted Average Shares": 992000000.0,
        "Basic Average Shares": 986000000.0,
        "Diluted EPS": 0.61,
        "Basic EPS": 0.62,
        "Diluted NI Availto Com Stockholders": 609000000.0,
        "Net Income Common Stockholders": 609000000.0,
        "Net Income": 609000000.0,
        "Minority Interests": -8000000.0,
        "Net Income Including Noncontrolling Interests": 617000000.0,
        "Net Income Continuous Operations": 617000000.0,
        "Tax Provision": 204000000.0,
        "Pretax Income": 821000000.0,
        "Other Income Expense": -71000000.0,
        "Other Non Operating Income Expenses": -71000000.0,
        "Special Income Charges": NaN,
        "Net Non Operating Interest Income Expense": -56000000.0,
        "Interest Expense Non Operating": 56000000.0,
        "Operating Income": 948000000.0,
        "Operating Expense": 753000000.0,
        "Research And Development": 146000000.0,
        "Selling General And Administration": 607000000.0,
        "Gross Profit": 1701000000.0,
        "Cost Of Revenue": 5309000000.0,
        "Total Revenue": 7010000000.0,
        "Operating Revenue": 7010000000.0
    }
}