{
    "2023-12-31": {
        "Tax Effect Of Unusual Items": 14284.883721,
        "Tax Rate For Calcs": 0.156977,
        "Normalized EBITDA": 816000.0,
        "Total Unusual Items": 91000.0,
        "Total Unusual Items Excluding Goodwill": 91000.0,
        "Net Income From Continuing Operation Net Minority Interest": 290000.0,
        "Reconciled Depreciation": 417000.0,
        "Reconciled Cost Of Revenue": 10576000.0,
        "EBITDA": 907000.0,
        "EBIT": 490000.0,
        "Net Interest Income": -146000.0,
        "Interest Expense": 146000.0,
        "Normalized Income": 213284.883721,
        "Net Income From Continuing And Discontinued Operation": 290000.0,
        "Total Expenses": 15908000.0,
        "Total Operating Income As Reported": 400000.0,
        "Diluted Average Shares": NaN,
        "Basic Average Shares": NaN,
        "Diluted EPS": NaN,
        "Basic EPS": NaN,
        "Diluted NI Availto Com Stockholders": 290000.0,
        "Net Income Common Stockholders": 290000.0,
        "Net Income": 290000.0,
        "Net Income Including Noncontrolling Interests": 290000.0,
        "Net Income Continuous Operations": 290000.0,
        "Tax Provision": 54000.0,
        "Pretax Income": 344000.0,
        "Other Income Expense": 90000.0,
        "Other Non Operating Income Expenses": -1000.0,
        "Special Income Charges": NaN,
        "Gain On Sale Of Ppe": NaN,
        "Gain On Sale Of Security": 91000.0,
        "Net Non Operating Interest Income Expense": -146000.0,
        "Interest Expense Non Operating": 146000.0,
        "Operating Income": 400000.0,
        "Operating Expense": 5332000.0,
        "Selling General And Administration": 5332000.0,
        "Gross Profit": 5732000.0,
        "Cost Of Revenue": 10576000.0,
        "Total Revenue": 16308000.0,
        "Operating Revenue": 16308000.0
    },
    "2023-09-30": {
        "Tax Effect Of Unusual Items": NaN,
        "Tax Rate For Calcs": NaN,
        "Normalized EBITDA": NaN,
        "Total Unusual Items": NaN,
        "Total Unusual Items Excluding Goodwill": NaN,
        "Net Income From Continuing Operation Net Minority Interest": NaN,
        "Reconciled Depreciation": NaN,
        "Reconciled Cost Of Revenue": NaN,
        "EBITDA": NaN,
        "EBIT": NaN,
        "Net Interest Income": NaN,
        "Interest Expense": NaN,
        "Normalized Income": NaN,
        "Net Income From Continuing And Discontinued Operation": NaN,
        "Total Expenses": NaN,
        "Total Operating Income As Reported": NaN,
        "Diluted Average Shares": 3445022.0,
        "Basic Average Shares": 3411813.0,
        "Diluted EPS": 0.03,
        "Basic EPS": 0.03,
        "Diluted NI Availto Com Stockholders": NaN,
        "Net Income Common Stockholders": NaN,
        "Net Income": NaN,
        "Net Income Including Noncontrolling Interests": NaN,
        "Net Income Continuous Operations": NaN,
        "Tax Provision": NaN,
        "Pretax Income": NaN,
        "Other Income Expense": NaN,
        "Other Non Operating Income Expenses": NaN,
        "Special Income Charges": 0.0,
        "Gain On Sale Of Ppe": 0.0,
        "Gain On Sale Of Security": -342000.0,
        "Net Non Operating Interest Income Expense": NaN,
        "Interest Expense Non Operating": NaN,
        "Operating Income": NaN,
        "Operating Expense": NaN,
        "Selling General And Administration": NaN,
        "Gross Profit": NaN,
        "Cost Of Revenue": NaN,
        "Total Revenue": NaN,
        "Operating Revenue": NaN
    },
    "2023-06-30": {
        "Tax Effect Of Unusual Items": NaN,
        "Tax Rate For Calcs": NaN,
        "Normalized EBITDA": NaN,
        "Total Unusual Items": NaN,
        "Total Unusual Items Excluding Goodwill": NaN,
        "Net Income From Continuing Operation Net Minority Interest": NaN,
        "Reconciled Depreciation": NaN,
        "Reconciled Cost Of Revenue": NaN,
        "EBITDA": NaN,
        "EBIT": NaN,
        "Net Interest Income": NaN,
        "Interest Expense": NaN,
        "Normalized Income": NaN,
        "Net Income From Continuing And Discontinued Operation": NaN,
        "Total Expenses": NaN,
        "Total Operating Income As Reported": NaN,
        "Diluted Average Shares": NaN,
        "Basic Average Shares": NaN,
        "Diluted EPS": NaN,
        "Basic EPS": NaN,
        "Diluted NI Availto Com Stockholders": NaN,
        "Net Income Common Stockholders": NaN,
        "Net Income": NaN,
        "Net Income Including Noncontrolling Interests": NaN,
        "Net Income Continuous Operations": NaN,
        "Tax Provision": NaN,
        "Pretax Income": NaN,
        "Other Income Expense": NaN,
        "Other Non Operating Income Expenses": NaN,
        "Special Income Charges": NaN,
        "Gain On Sale Of Ppe": NaN,
        "Gain On Sale Of Security": -376000.0,
        "Net Non Operating Interest Income Expense": NaN,
        "Interest Expense Non Operating": NaN,
        "Operating Income": NaN,
        "Operating Expense": NaN,
        "Selling General And Administration": NaN,
        "Gross Profit": NaN,
        "Cost Of Revenue": NaN,
        "Total Revenue": NaN,
        "Operating Revenue": NaN
    },
    "2023-03-31": {
        "Tax Effect Of Unusual Items": NaN,
        "Tax Rate For Calcs": NaN,
        "Normalized EBITDA": NaN,
        "Total Unusual Items": NaN,
        "Total Unusual Items Excluding Goodwill": NaN,
        "Net Income From Continuing Operation Net Minority Interest": NaN,
        "Reconciled Depreciation": NaN,
        "Reconciled Cost Of Revenue": NaN,
        "EBITDA": NaN,
        "EBIT": NaN,
        "Net Interest Income": NaN,
        "Interest Expense": NaN,
        "Normalized Income": NaN,
        "Net Income From Continuing And Discontinued Operation": NaN,
        "Total Expenses": NaN,
        "Total Operating Income As Reported": NaN,
        "Diluted Average Shares": NaN,
        "Basic Average Shares": NaN,
        "Diluted EPS": NaN,
        "Basic EPS": NaN,
        "Diluted NI Availto Com Stockholders": NaN,
        "Net Income Common Stockholders": NaN,
        "Net Income": NaN,
        "Net Income Including Noncontrolling Interests": NaN,
        "Net Income Continuous Operations": NaN,
        "Tax Provision": NaN,
        "Pretax Income": NaN,
        "Other Income Expense": NaN,
        "Other Non Operating Income Expenses": NaN,
        "Special Income Charges": NaN,
        "Gain On Sale Of Ppe": NaN,
        "Gain On Sale Of Security": -113000.0,
        "Net Non Operating Interest Income Expense": NaN,
        "Interest Expense Non Operating": NaN,
        "Operating Income": NaN,
        "Operating Expense": NaN,
        "Selling General And Administration": NaN,
        "Gross Profit": NaN,
        "Cost Of Revenue": NaN,
        "Total Revenue": NaN,
        "Operating Revenue": NaN
    },
    "2024-03-31": {
        "Tax Effect Of Unusual Items": -2662.393162,
        "Tax Rate For Calcs": 0.029915,
        "Normalized EBITDA": 1372000.0,
        "Total Unusual Items": -89000.0,
        "Total Unusual Items Excluding Goodwill": -89000.0,
        "Net Income From Continuing Operation Net Minority Interest": 681000.0,
        "Reconciled Depreciation": 407000.0,
        "Reconciled Cost Of Revenue": 11943000.0,
        "EBITDA": 1283000.0,
        "EBIT": 876000.0,
        "Net Interest Income": -174000.0,
        "Interest Expense": 174000.0,
        "Normalized Income": 767337.606838,
        "Net Income From Continuing And Discontinued Operation": 681000.0,
        "Total Expenses": 17248000.0,
        "Total Operating Income As Reported": 983000.0,
        "Diluted Average Shares": 3554439.0,
        "Basic Average Shares": 3538507.0,
        "Diluted EPS": 0.19,
        "Basic EPS": 0.19,
        "Diluted NI Availto Com Stockholders": 681000.0,
        "Net Income Common Stockholders": 681000.0,
        "Net Income": 681000.0,
        "Net Income Including Noncontrolling Interests": 681000.0,
        "Net Income Continuous Operations": 681000.0,
        "Tax Provision": 21000.0,
        "Pretax Income": 702000.0,
        "Other Income Expense": -107000.0,
        "Other Non Operating Income Expenses": -18000.0,
        "Special Income Charges": 2000.0,
        "Gain On Sale Of Ppe": 2000.0,
        "Gain On Sale Of Security": -91000.0,
        "Net Non Operating Interest Income Expense": -174000.0,
        "Interest Expense Non Operating": 174000.0,
        "Operating Income": 983000.0,
        "Operating Expense": 5305000.0,
        "Selling General And Administration": 5305000.0,
        "Gross Profit": 6288000.0,
        "Cost Of Revenue": 11943000.0,
        "Total Revenue": 18231000.0,
        "Operating Revenue": 18231000.0
    },
    "2022-12-31": {
        "Tax Effect Of Unusual Items": NaN,
        "Tax Rate For Calcs": NaN,
        "Normalized EBITDA": NaN,
        "Total Unusual Items": NaN,
        "Total Unusual Items Excluding Goodwill": NaN,
        "Net Income From Continuing Operation Net Minority Interest": NaN,
        "Reconciled Depreciation": NaN,
        "Reconciled Cost Of Revenue": NaN,
        "EBITDA": NaN,
        "EBIT": NaN,
        "Net Interest Income": NaN,
        "Interest Expense": NaN,
        "Normalized Income": NaN,
        "Net Income From Continuing And Discontinued Operation": NaN,
        "Total Expenses": NaN,
        "Total Operating Income As Reported": NaN,
        "Diluted Average Shares": NaN,
        "Basic Average Shares": NaN,
        "Diluted EPS": NaN,
        "Basic EPS": NaN,
        "Diluted NI Availto Com Stockholders": NaN,
        "Net Income Common Stockholders": NaN,
        "Net Income": NaN,
        "Net Income Including Noncontrolling Interests": NaN,
        "Net Income Continuous Operations": NaN,
        "Tax Provision": NaN,
        "Pretax Income": NaN,
        "Other Income Expense": NaN,
        "Other Non Operating Income Expenses": NaN,
        "Special Income Charges": 1000.0,
        "Gain On Sale Of Ppe": 1000.0,
        "Gain On Sale Of Security": NaN,
        "Net Non Operating Interest Income Expense": NaN,
        "Interest Expense Non Operating": NaN,
        "Operating Income": NaN,
        "Operating Expense": NaN,
        "Selling General And Administration": NaN,
        "Gross Profit": NaN,
        "Cost Of Revenue": NaN,
        "Total Revenue": NaN,
        "Operating Revenue": NaN
    },
    "2022-09-30": {
        "Tax Effect Of Unusual Items": NaN,
        "Tax Rate For Calcs": NaN,
        "Normalized EBITDA": NaN,
        "Total Unusual Items": NaN,
        "Total Unusual Items Excluding Goodwill": NaN,
        "Net Income From Continuing Operation Net Minority Interest": NaN,
        "Reconciled Depreciation": NaN,
        "Reconciled Cost Of Revenue": NaN,
        "EBITDA": NaN,
        "EBIT": NaN,
        "Net Interest Income": NaN,
        "Interest Expense": NaN,
        "Normalized Income": NaN,
        "Net Income From Continuing And Discontinued Operation": NaN,
        "Total Expenses": NaN,
        "Total Operating Income As Reported": NaN,
        "Diluted Average Shares": NaN,
        "Basic Average Shares": NaN,
        "Diluted EPS": NaN,
        "Basic EPS": NaN,
        "Diluted NI Availto Com Stockholders": NaN,
        "Net Income Common Stockholders": NaN,
        "Net Income": NaN,
        "Net Income Including Noncontrolling Interests": NaN,
        "Net Income Continuous Operations": NaN,
        "Tax Provision": NaN,
        "Pretax Income": NaN,
        "Other Income Expense": NaN,
        "Other Non Operating Income Expenses": NaN,
        "Special Income Charges": 0.0,
        "Gain On Sale Of Ppe": 0.0,
        "Gain On Sale Of Security": NaN,
        "Net Non Operating Interest Income Expense": NaN,
        "Interest Expense Non Operating": NaN,
        "Operating Income": NaN,
        "Operating Expense": NaN,
        "Selling General And Administration": NaN,
        "Gross Profit": NaN,
        "Cost Of Revenue": NaN,
        "Total Revenue": NaN,
        "Operating Revenue": NaN
    },
    "2024-06-30": {
        "Tax Effect Of Unusual Items": 0.0,
        "Tax Rate For Calcs": 0.116773,
        "Normalized EBITDA": 2404000.0,
        "Total Unusual Items": 0.0,
        "Total Unusual Items Excluding Goodwill": 0.0,
        "Net Income From Continuing Operation Net Minority Interest": 1664000.0,
        "Reconciled Depreciation": 414000.0,
        "Reconciled Cost Of Revenue": 12707000.0,
        "EBITDA": 2404000.0,
        "EBIT": 1990000.0,
        "Net Interest Income": -106000.0,
        "Interest Expense": 106000.0,
        "Normalized Income": 1664000.0,
        "Net Income From Continuing And Discontinued Operation": 1664000.0,
        "Total Expenses": 18229000.0,
        "Total Operating Income As Reported": 2025000.0,
        "Diluted Average Shares": 3564170.0,
        "Basic Average Shares": 3529910.0,
        "Diluted EPS": 0.47,
        "Basic EPS": 0.47,
        "Diluted NI Availto Com Stockholders": 1664000.0,
        "Net Income Common Stockholders": 1664000.0,
        "Net Income": 1664000.0,
        "Net Income Including Noncontrolling Interests": 1664000.0,
        "Net Income Continuous Operations": 1664000.0,
        "Tax Provision": 220000.0,
        "Pretax Income": 1884000.0,
        "Other Income Expense": -35000.0,
        "Other Non Operating Income Expenses": -35000.0,
        "Special Income Charges": 0.0,
        "Gain On Sale Of Ppe": 0.0,
        "Gain On Sale Of Security": NaN,
        "Net Non Operating Interest Income Expense": -106000.0,
        "Interest Expense Non Operating": 106000.0,
        "Operating Income": 2025000.0,
        "Operating Expense": 5522000.0,
        "Selling General And Administration": 5522000.0,
        "Gross Profit": 7547000.0,
        "Cost Of Revenue": 12707000.0,
        "Total Revenue": 20254000.0,
        "Operating Revenue": 20254000.0
    },
    "2024-09-30": {
        "Tax Effect Of Unusual Items": 0.0,
        "Tax Rate For Calcs": 0.094854,
        "Normalized EBITDA": 3035000.0,
        "Total Unusual Items": 0.0,
        "Total Unusual Items Excluding Goodwill": 0.0,
        "Net Income From Continuing Operation Net Minority Interest": 2357000.0,
        "Reconciled Depreciation": 430000.0,
        "Reconciled Cost Of Revenue": 12343000.0,
        "EBITDA": 3035000.0,
        "EBIT": 2605000.0,
        "Net Interest Income": -1000.0,
        "Interest Expense": 1000.0,
        "Normalized Income": 2357000.0,
        "Net Income From Continuing And Discontinued Operation": 2357000.0,
        "Total Expenses": 17568000.0,
        "Total Operating Income As Reported": 2611000.0,
        "Diluted Average Shares": 3751073.0,
        "Basic Average Shares": 3539841.0,
        "Diluted EPS": 0.63,
        "Basic EPS": 0.67,
        "Diluted NI Availto Com Stockholders": 2357000.0,
        "Net Income Common Stockholders": 2357000.0,
        "Net Income": 2357000.0,
        "Net Income Including Noncontrolling Interests": 2357000.0,
        "Net Income Continuous Operations": 2357000.0,
        "Tax Provision": 247000.0,
        "Pretax Income": 2604000.0,
        "Other Income Expense": -6000.0,
        "Other Non Operating Income Expenses": -6000.0,
        "Special Income Charges": 0.0,
        "Gain On Sale Of Ppe": 0.0,
        "Gain On Sale Of Security": NaN,
        "Net Non Operating Interest Income Expense": -1000.0,
        "Interest Expense Non Operating": 1000.0,
        "Operating Income": 2611000.0,
        "Operating Expense": 5225000.0,
        "Selling General And Administration": 5225000.0,
        "Gross Profit": 7836000.0,
        "Cost Of Revenue": 12343000.0,
        "Total Revenue": 20179000.0,
        "Operating Revenue": 20179000.0
    },
    "2024-12-31": {
        "Tax Effect Of Unusual Items": 0.0,
        "Tax Rate For Calcs": 0.21,
        "Normalized EBITDA": 2611000.0,
        "Total Unusual Items": 0.0,
        "Total Unusual Items Excluding Goodwill": 0.0,
        "Net Income From Continuing Operation Net Minority Interest": 3657000.0,
        "Reconciled Depreciation": 441000.0,
        "Reconciled Cost Of Revenue": 10549000.0,
        "EBITDA": 2611000.0,
        "EBIT": 2170000.0,
        "Net Interest Income": 15000.0,
        "Interest Expense": -15000.0,
        "Normalized Income": 3657000.0,
        "Net Income From Continuing And Discontinued Operation": 3657000.0,
        "Total Expenses": 15719000.0,
        "Total Operating Income As Reported": 2209000.0,
        "Diluted Average Shares": 3939000.0,
        "Basic Average Shares": 3566000.0,
        "Diluted EPS": 0.93,
        "Basic EPS": 1.03,
        "Diluted NI Availto Com Stockholders": 3657000.0,
        "Net Income Common Stockholders": 3657000.0,
        "Net Income": 3657000.0,
        "Net Income Including Noncontrolling Interests": 3657000.0,
        "Net Income Continuous Operations": 3657000.0,
        "Tax Provision": -1472000.0,
        "Pretax Income": 2185000.0,
        "Other Income Expense": -39000.0,
        "Other Non Operating Income Expenses": -39000.0,
        "Special Income Charges": 0.0,
        "Gain On Sale Of Ppe": 0.0,
        "Gain On Sale Of Security": 0.0,
        "Net Non Operating Interest Income Expense": 15000.0,
        "Interest Expense Non Operating": -15000.0,
        "Operating Income": 2209000.0,
        "Operating Expense": 5170000.0,
        "Selling General And Administration": 5170000.0,
        "Gross Profit": 7379000.0,
        "Cost Of Revenue": 10549000.0,
        "Total Revenue": 17928000.0,
        "Operating Revenue": 17928000.0
    }
}