{
    "2023-03-31": {
        "Tax Effect Of Unusual Items": NaN,
        "Tax Rate For Calcs": NaN,
        "Normalized EBITDA": NaN,
        "Total Unusual Items": NaN,
        "Total Unusual Items Excluding Goodwill": NaN,
        "Net Income From Continuing Operation Net Minority Interest": NaN,
        "Reconciled Depreciation": NaN,
        "Reconciled Cost Of Revenue": NaN,
        "EBITDA": NaN,
        "EBIT": NaN,
        "Net Interest Income": NaN,
        "Interest Expense": NaN,
        "Interest Income": NaN,
        "Normalized Income": NaN,
        "Net Income From Continuing And Discontinued Operation": NaN,
        "Total Expenses": NaN,
        "Total Operating Income As Reported": NaN,
        "Diluted Average Shares": 60187000.0,
        "Basic Average Shares": 60187000.0,
        "Diluted EPS": -0.2,
        "Basic EPS": -0.2,
        "Diluted NI Availto Com Stockholders": NaN,
        "Average Dilution Earnings": NaN,
        "Net Income Common Stockholders": NaN,
        "Net Income": NaN,
        "Minority Interests": NaN,
        "Net Income Including Noncontrolling Interests": NaN,
        "Net Income Continuous Operations": NaN,
        "Tax Provision": NaN,
        "Pretax Income": NaN,
        "Other Income Expense": NaN,
        "Special Income Charges": NaN,
        "Other Special Charges": NaN,
        "Restructuring And Mergern Acquisition": NaN,
        "Net Non Operating Interest Income Expense": NaN,
        "Interest Expense Non Operating": NaN,
        "Interest Income Non Operating": NaN,
        "Operating Income": NaN,
        "Operating Expense": NaN,
        "Research And Development": NaN,
        "Selling General And Administration": NaN,
        "Selling And Marketing Expense": NaN,
        "General And Administrative Expense": NaN,
        "Other Gand A": NaN,
        "Salaries And Wages": NaN,
        "Gross Profit": NaN,
        "Cost Of Revenue": NaN,
        "Total Revenue": NaN,
        "Operating Revenue": NaN
    },
    "2022-12-31": {
        "Tax Effect Of Unusual Items": NaN,
        "Tax Rate For Calcs": NaN,
        "Normalized EBITDA": NaN,
        "Total Unusual Items": NaN,
        "Total Unusual Items Excluding Goodwill": NaN,
        "Net Income From Continuing Operation Net Minority Interest": NaN,
        "Reconciled Depreciation": NaN,
        "Reconciled Cost Of Revenue": NaN,
        "EBITDA": NaN,
        "EBIT": NaN,
        "Net Interest Income": NaN,
        "Interest Expense": NaN,
        "Interest Income": NaN,
        "Normalized Income": NaN,
        "Net Income From Continuing And Discontinued Operation": NaN,
        "Total Expenses": NaN,
        "Total Operating Income As Reported": NaN,
        "Diluted Average Shares": 71283000.0,
        "Basic Average Shares": 59888000.0,
        "Diluted EPS": 0.18,
        "Basic EPS": 0.19,
        "Diluted NI Availto Com Stockholders": NaN,
        "Average Dilution Earnings": NaN,
        "Net Income Common Stockholders": NaN,
        "Net Income": NaN,
        "Minority Interests": NaN,
        "Net Income Including Noncontrolling Interests": NaN,
        "Net Income Continuous Operations": NaN,
        "Tax Provision": NaN,
        "Pretax Income": NaN,
        "Other Income Expense": NaN,
        "Special Income Charges": NaN,
        "Restructuring And Mergern Acquisition": NaN,
        "Net Non Operating Interest Income Expense": NaN,
        "Interest Expense Non Operating": NaN,
        "Interest Income Non Operating": NaN,
        "Operating Income": NaN,
        "Operating Expense": NaN,
        "Research And Development": NaN,
        "Selling General And Administration": NaN,
        "Selling And Marketing Expense": NaN,
        "General And Administrative Expense": NaN,
        "Other Gand A": NaN,
        "Salaries And Wages": NaN,
        "Gross Profit": NaN,
        "Cost Of Revenue": NaN,
        "Total Revenue": NaN,
        "Operating Revenue": NaN
    },
    "2022-09-30": {
        "Tax Effect Of Unusual Items": NaN,
        "Tax Rate For Calcs": NaN,
        "Normalized EBITDA": NaN,
        "Total Unusual Items": NaN,
        "Total Unusual Items Excluding Goodwill": NaN,
        "Net Income From Continuing Operation Net Minority Interest": NaN,
        "Reconciled Depreciation": NaN,
        "Reconciled Cost Of Revenue": NaN,
        "EBITDA": NaN,
        "EBIT": NaN,
        "Net Interest Income": NaN,
        "Interest Expense": NaN,
        "Interest Income": NaN,
        "Normalized Income": NaN,
        "Net Income From Continuing And Discontinued Operation": NaN,
        "Total Expenses": NaN,
        "Total Operating Income As Reported": NaN,
        "Diluted Average Shares": NaN,
        "Basic Average Shares": NaN,
        "Diluted EPS": NaN,
        "Basic EPS": NaN,
        "Diluted NI Availto Com Stockholders": NaN,
        "Average Dilution Earnings": 0.0,
        "Net Income Common Stockholders": NaN,
        "Net Income": NaN,
        "Minority Interests": NaN,
        "Net Income Including Noncontrolling Interests": NaN,
        "Net Income Continuous Operations": NaN,
        "Tax Provision": NaN,
        "Pretax Income": NaN,
        "Other Income Expense": NaN,
        "Special Income Charges": NaN,
        "Restructuring And Mergern Acquisition": NaN,
        "Net Non Operating Interest Income Expense": NaN,
        "Interest Expense Non Operating": NaN,
        "Interest Income Non Operating": NaN,
        "Operating Income": NaN,
        "Operating Expense": NaN,
        "Research And Development": NaN,
        "Selling General And Administration": NaN,
        "Selling And Marketing Expense": NaN,
        "General And Administrative Expense": NaN,
        "Other Gand A": NaN,
        "Salaries And Wages": NaN,
        "Gross Profit": NaN,
        "Cost Of Revenue": NaN,
        "Total Revenue": NaN,
        "Operating Revenue": NaN
    },
    "2022-06-30": {
        "Tax Effect Of Unusual Items": 0.0,
        "Tax Rate For Calcs": 0.037314,
        "Normalized EBITDA": -319000.0,
        "Total Unusual Items": NaN,
        "Total Unusual Items Excluding Goodwill": NaN,
        "Net Income From Continuing Operation Net Minority Interest": -10665000.0,
        "Reconciled Depreciation": 10659000.0,
        "Reconciled Cost Of Revenue": 32923000.0,
        "EBITDA": -319000.0,
        "EBIT": -10978000.0,
        "Net Interest Income": 258000.0,
        "Interest Expense": 1457000.0,
        "Interest Income": 1715000.0,
        "Normalized Income": -10665000.0,
        "Net Income From Continuing And Discontinued Operation": -10665000.0,
        "Total Expenses": 141170000.0,
        "Total Operating Income As Reported": -12693000.0,
        "Diluted Average Shares": 59441000.0,
        "Basic Average Shares": 59441000.0,
        "Diluted EPS": -0.18,
        "Basic EPS": -0.18,
        "Diluted NI Availto Com Stockholders": -10665000.0,
        "Average Dilution Earnings": NaN,
        "Net Income Common Stockholders": -10665000.0,
        "Net Income": -10665000.0,
        "Minority Interests": 1306000.0,
        "Net Income Including Noncontrolling Interests": -11971000.0,
        "Net Income Continuous Operations": -11971000.0,
        "Tax Provision": -464000.0,
        "Pretax Income": -12435000.0,
        "Other Income Expense": NaN,
        "Special Income Charges": NaN,
        "Restructuring And Mergern Acquisition": NaN,
        "Net Non Operating Interest Income Expense": 258000.0,
        "Interest Expense Non Operating": 1457000.0,
        "Interest Income Non Operating": 1715000.0,
        "Operating Income": -12693000.0,
        "Operating Expense": 108247000.0,
        "Research And Development": 27902000.0,
        "Selling General And Administration": 80345000.0,
        "Selling And Marketing Expense": 66000000.0,
        "General And Administrative Expense": 14345000.0,
        "Other Gand A": 14345000.0,
        "Salaries And Wages": NaN,
        "Gross Profit": 95554000.0,
        "Cost Of Revenue": 32923000.0,
        "Total Revenue": 128477000.0,
        "Operating Revenue": 128477000.0
    },
    "2023-06-30": {
        "Tax Effect Of Unusual Items": NaN,
        "Tax Rate For Calcs": NaN,
        "Normalized EBITDA": NaN,
        "Total Unusual Items": NaN,
        "Total Unusual Items Excluding Goodwill": NaN,
        "Net Income From Continuing Operation Net Minority Interest": NaN,
        "Reconciled Depreciation": NaN,
        "Reconciled Cost Of Revenue": NaN,
        "EBITDA": NaN,
        "EBIT": NaN,
        "Net Interest Income": NaN,
        "Interest Expense": NaN,
        "Interest Income": NaN,
        "Normalized Income": NaN,
        "Net Income From Continuing And Discontinued Operation": NaN,
        "Total Expenses": NaN,
        "Total Operating Income As Reported": NaN,
        "Diluted Average Shares": 71801000.0,
        "Basic Average Shares": 60700000.0,
        "Diluted EPS": 0.45,
        "Basic EPS": 0.51,
        "Diluted NI Availto Com Stockholders": NaN,
        "Average Dilution Earnings": 1458000.0,
        "Net Income Common Stockholders": NaN,
        "Net Income": NaN,
        "Minority Interests": NaN,
        "Net Income Including Noncontrolling Interests": NaN,
        "Net Income Continuous Operations": NaN,
        "Tax Provision": NaN,
        "Pretax Income": NaN,
        "Other Income Expense": NaN,
        "Special Income Charges": NaN,
        "Other Special Charges": NaN,
        "Restructuring And Mergern Acquisition": NaN,
        "Net Non Operating Interest Income Expense": NaN,
        "Interest Expense Non Operating": NaN,
        "Interest Income Non Operating": NaN,
        "Operating Income": NaN,
        "Operating Expense": NaN,
        "Research And Development": NaN,
        "Selling General And Administration": NaN,
        "Selling And Marketing Expense": NaN,
        "General And Administrative Expense": NaN,
        "Other Gand A": NaN,
        "Salaries And Wages": 13470000.0,
        "Gross Profit": NaN,
        "Cost Of Revenue": NaN,
        "Total Revenue": NaN,
        "Operating Revenue": NaN
    },
    "2023-09-30": {
        "Tax Effect Of Unusual Items": NaN,
        "Tax Rate For Calcs": NaN,
        "Normalized EBITDA": NaN,
        "Total Unusual Items": NaN,
        "Total Unusual Items Excluding Goodwill": NaN,
        "Net Income From Continuing Operation Net Minority Interest": NaN,
        "Reconciled Depreciation": NaN,
        "Reconciled Cost Of Revenue": NaN,
        "EBITDA": NaN,
        "EBIT": NaN,
        "Net Interest Income": NaN,
        "Interest Expense": NaN,
        "Interest Income": NaN,
        "Normalized Income": NaN,
        "Net Income From Continuing And Discontinued Operation": NaN,
        "Total Expenses": NaN,
        "Total Operating Income As Reported": NaN,
        "Diluted Average Shares": NaN,
        "Basic Average Shares": NaN,
        "Diluted EPS": NaN,
        "Basic EPS": NaN,
        "Diluted NI Availto Com Stockholders": NaN,
        "Average Dilution Earnings": 1475000.0,
        "Net Income Common Stockholders": NaN,
        "Net Income": NaN,
        "Minority Interests": NaN,
        "Net Income Including Noncontrolling Interests": NaN,
        "Net Income Continuous Operations": NaN,
        "Tax Provision": NaN,
        "Pretax Income": NaN,
        "Other Income Expense": NaN,
        "Special Income Charges": NaN,
        "Other Special Charges": NaN,
        "Restructuring And Mergern Acquisition": NaN,
        "Net Non Operating Interest Income Expense": NaN,
        "Interest Expense Non Operating": NaN,
        "Interest Income Non Operating": NaN,
        "Operating Income": NaN,
        "Operating Expense": NaN,
        "Research And Development": NaN,
        "Selling General And Administration": NaN,
        "Selling And Marketing Expense": NaN,
        "General And Administrative Expense": NaN,
        "Other Gand A": NaN,
        "Gross Profit": NaN,
        "Cost Of Revenue": NaN,
        "Total Revenue": NaN,
        "Operating Revenue": NaN
    },
    "2023-12-31": {
        "Tax Effect Of Unusual Items": -83663.480289,
        "Tax Rate For Calcs": 0.072688,
        "Normalized EBITDA": 41613000.0,
        "Total Unusual Items": -1151000.0,
        "Total Unusual Items Excluding Goodwill": -1151000.0,
        "Net Income From Continuing Operation Net Minority Interest": 22069000.0,
        "Reconciled Depreciation": 12825000.0,
        "Reconciled Cost Of Revenue": 37612000.0,
        "EBITDA": 40462000.0,
        "EBIT": 27637000.0,
        "Net Interest Income": 13338000.0,
        "Interest Expense": 1484000.0,
        "Interest Income": 14822000.0,
        "Normalized Income": 23136336.519711,
        "Net Income From Continuing And Discontinued Operation": 22069000.0,
        "Total Expenses": 141764000.0,
        "Total Operating Income As Reported": 12815000.0,
        "Diluted Average Shares": NaN,
        "Basic Average Shares": NaN,
        "Diluted EPS": NaN,
        "Basic EPS": NaN,
        "Diluted NI Availto Com Stockholders": 17697000.0,
        "Average Dilution Earnings": NaN,
        "Net Income Common Stockholders": 22069000.0,
        "Net Income": 22069000.0,
        "Minority Interests": -2183000.0,
        "Net Income Including Noncontrolling Interests": 24252000.0,
        "Net Income Continuous Operations": 24252000.0,
        "Tax Provision": 1901000.0,
        "Pretax Income": 26153000.0,
        "Other Income Expense": -1151000.0,
        "Special Income Charges": -1151000.0,
        "Other Special Charges": NaN,
        "Restructuring And Mergern Acquisition": 1151000.0,
        "Net Non Operating Interest Income Expense": 13338000.0,
        "Interest Expense Non Operating": 1484000.0,
        "Interest Income Non Operating": 14822000.0,
        "Operating Income": 13966000.0,
        "Operating Expense": 104152000.0,
        "Research And Development": 22578000.0,
        "Selling General And Administration": 81574000.0,
        "Selling And Marketing Expense": 56898000.0,
        "General And Administrative Expense": 24676000.0,
        "Other Gand A": 24676000.0,
        "Gross Profit": 118118000.0,
        "Cost Of Revenue": 37612000.0,
        "Total Revenue": 155730000.0,
        "Operating Revenue": 155730000.0
    },
    "2024-03-31": {
        "Tax Effect Of Unusual Items": -24671.398427,
        "Tax Rate For Calcs": 0.055566,
        "Normalized EBITDA": 30200000.0,
        "Total Unusual Items": -444000.0,
        "Total Unusual Items Excluding Goodwill": -444000.0,
        "Net Income From Continuing Operation Net Minority Interest": 10829000.0,
        "Reconciled Depreciation": 12648000.0,
        "Reconciled Cost Of Revenue": 39097000.0,
        "EBITDA": 29756000.0,
        "EBIT": 17108000.0,
        "Net Interest Income": 13891000.0,
        "Interest Expense": 1469000.0,
        "Interest Income": 15360000.0,
        "Normalized Income": 11248328.601573,
        "Net Income From Continuing And Discontinued Operation": 10829000.0,
        "Total Expenses": 155269000.0,
        "Total Operating Income As Reported": 1748000.0,
        "Diluted Average Shares": 72893000.0,
        "Basic Average Shares": 61643000.0,
        "Diluted EPS": 0.17,
        "Basic EPS": 0.18,
        "Diluted NI Availto Com Stockholders": 10829000.0,
        "Average Dilution Earnings": NaN,
        "Net Income Common Stockholders": 10829000.0,
        "Net Income": 10829000.0,
        "Minority Interests": -3941000.0,
        "Net Income Including Noncontrolling Interests": 14770000.0,
        "Net Income Continuous Operations": 14770000.0,
        "Tax Provision": 869000.0,
        "Pretax Income": 15639000.0,
        "Other Income Expense": -444000.0,
        "Special Income Charges": -444000.0,
        "Other Special Charges": NaN,
        "Restructuring And Mergern Acquisition": 444000.0,
        "Net Non Operating Interest Income Expense": 13891000.0,
        "Interest Expense Non Operating": 1469000.0,
        "Interest Income Non Operating": 15360000.0,
        "Operating Income": 2192000.0,
        "Operating Expense": 116172000.0,
        "Research And Development": 25015000.0,
        "Selling General And Administration": 91157000.0,
        "Selling And Marketing Expense": 61111000.0,
        "General And Administrative Expense": 30046000.0,
        "Other Gand A": 30046000.0,
        "Gross Profit": 118364000.0,
        "Cost Of Revenue": 39097000.0,
        "Total Revenue": 157461000.0,
        "Operating Revenue": 157461000.0
    },
    "2024-06-30": {
        "Tax Effect Of Unusual Items": 3510467.211461,
        "Tax Rate For Calcs": 0.054694,
        "Normalized EBITDA": 29853000.0,
        "Total Unusual Items": 64184000.0,
        "Total Unusual Items Excluding Goodwill": 64184000.0,
        "Net Income From Continuing Operation Net Minority Interest": 76690000.0,
        "Reconciled Depreciation": 12652000.0,
        "Reconciled Cost Of Revenue": 40348000.0,
        "EBITDA": 94037000.0,
        "EBIT": 81385000.0,
        "Net Interest Income": 11976000.0,
        "Interest Expense": 2089000.0,
        "Interest Income": 14065000.0,
        "Normalized Income": 16016467.211461,
        "Net Income From Continuing And Discontinued Operation": 76690000.0,
        "Total Expenses": 157370000.0,
        "Total Operating Income As Reported": 2208000.0,
        "Diluted Average Shares": 72522000.0,
        "Basic Average Shares": 61979000.0,
        "Diluted EPS": 0.22,
        "Basic EPS": 1.24,
        "Diluted NI Availto Com Stockholders": 76690000.0,
        "Average Dilution Earnings": NaN,
        "Net Income Common Stockholders": 76690000.0,
        "Net Income": 76690000.0,
        "Minority Interests": 1731000.0,
        "Net Income Including Noncontrolling Interests": 74959000.0,
        "Net Income Continuous Operations": 74959000.0,
        "Tax Provision": 4337000.0,
        "Pretax Income": 79296000.0,
        "Other Income Expense": 64184000.0,
        "Special Income Charges": 64184000.0,
        "Other Special Charges": -65112000.0,
        "Restructuring And Mergern Acquisition": 928000.0,
        "Net Non Operating Interest Income Expense": 11976000.0,
        "Interest Expense Non Operating": 2089000.0,
        "Interest Income Non Operating": 14065000.0,
        "Operating Income": 3136000.0,
        "Operating Expense": 117022000.0,
        "Research And Development": 25721000.0,
        "Selling General And Administration": 91301000.0,
        "Selling And Marketing Expense": 60248000.0,
        "General And Administrative Expense": 31053000.0,
        "Other Gand A": 31053000.0,
        "Gross Profit": 120158000.0,
        "Cost Of Revenue": 40348000.0,
        "Total Revenue": 160506000.0,
        "Operating Revenue": 160506000.0
    },
    "2024-09-30": {
        "Tax Effect Of Unusual Items": -44868.386323,
        "Tax Rate For Calcs": 0.126035,
        "Normalized EBITDA": 32628000.0,
        "Total Unusual Items": -356000.0,
        "Total Unusual Items Excluding Goodwill": -356000.0,
        "Net Income From Continuing Operation Net Minority Interest": 17238000.0,
        "Reconciled Depreciation": 12925000.0,
        "Reconciled Cost Of Revenue": 41106000.0,
        "EBITDA": 32272000.0,
        "EBIT": 19347000.0,
        "Net Interest Income": 8307000.0,
        "Interest Expense": 2677000.0,
        "Interest Income": 10984000.0,
        "Normalized Income": 17549131.613677,
        "Net Income From Continuing And Discontinued Operation": 17238000.0,
        "Total Expenses": 157190000.0,
        "Total Operating Income As Reported": 8363000.0,
        "Diluted Average Shares": 73970000.0,
        "Basic Average Shares": 62250000.0,
        "Diluted EPS": 0.27,
        "Basic EPS": 0.28,
        "Diluted NI Availto Com Stockholders": 19636000.0,
        "Average Dilution Earnings": 2398000.0,
        "Net Income Common Stockholders": 17238000.0,
        "Net Income": 17238000.0,
        "Minority Interests": 2669000.0,
        "Net Income Including Noncontrolling Interests": 14569000.0,
        "Net Income Continuous Operations": 14569000.0,
        "Tax Provision": 2101000.0,
        "Pretax Income": 16670000.0,
        "Other Income Expense": -356000.0,
        "Special Income Charges": -356000.0,
        "Other Special Charges": NaN,
        "Restructuring And Mergern Acquisition": 356000.0,
        "Net Non Operating Interest Income Expense": 8307000.0,
        "Interest Expense Non Operating": 2677000.0,
        "Interest Income Non Operating": 10984000.0,
        "Operating Income": 8719000.0,
        "Operating Expense": 116084000.0,
        "Research And Development": 25649000.0,
        "Selling General And Administration": 90435000.0,
        "Selling And Marketing Expense": 62219000.0,
        "General And Administrative Expense": 28216000.0,
        "Other Gand A": 28216000.0,
        "Gross Profit": 124803000.0,
        "Cost Of Revenue": 41106000.0,
        "Total Revenue": 165909000.0,
        "Operating Revenue": 165909000.0
    },
    "2024-12-31": {
        "Tax Effect Of Unusual Items": 1680.0,
        "Tax Rate For Calcs": 0.21,
        "Normalized EBITDA": 27728000.0,
        "Total Unusual Items": 8000.0,
        "Total Unusual Items Excluding Goodwill": 8000.0,
        "Net Income From Continuing Operation Net Minority Interest": 56417000.0,
        "Reconciled Depreciation": 12120000.0,
        "Reconciled Cost Of Revenue": 41414000.0,
        "EBITDA": 27736000.0,
        "EBIT": 15616000.0,
        "Net Interest Income": 6876000.0,
        "Interest Expense": 2523000.0,
        "Interest Income": 9399000.0,
        "Normalized Income": 56410680.0,
        "Net Income From Continuing And Discontinued Operation": 56417000.0,
        "Total Expenses": 163251000.0,
        "Total Operating Income As Reported": 6217000.0,
        "Diluted Average Shares": 74610000.0,
        "Basic Average Shares": 62640000.0,
        "Diluted EPS": 0.79,
        "Basic EPS": 0.9,
        "Diluted NI Availto Com Stockholders": 113065000.0,
        "Average Dilution Earnings": NaN,
        "Net Income Common Stockholders": 56417000.0,
        "Net Income": 56417000.0,
        "Minority Interests": -7050000.0,
        "Net Income Including Noncontrolling Interests": 63467000.0,
        "Net Income Continuous Operations": 63467000.0,
        "Tax Provision": -50374000.0,
        "Pretax Income": 13093000.0,
        "Other Income Expense": 8000.0,
        "Special Income Charges": 8000.0,
        "Other Special Charges": 0.0,
        "Restructuring And Mergern Acquisition": -8000.0,
        "Net Non Operating Interest Income Expense": 6876000.0,
        "Interest Expense Non Operating": 2523000.0,
        "Interest Income Non Operating": 9399000.0,
        "Operating Income": 6209000.0,
        "Operating Expense": 121837000.0,
        "Research And Development": 24588000.0,
        "Selling General And Administration": 97249000.0,
        "Selling And Marketing Expense": 64769000.0,
        "General And Administrative Expense": 32480000.0,
        "Other Gand A": 32480000.0,
        "Gross Profit": 128046000.0,
        "Cost Of Revenue": 41414000.0,
        "Total Revenue": 169460000.0,
        "Operating Revenue": 169460000.0
    },
    "2025-03-31": {
        "Tax Effect Of Unusual Items": -2119600.0,
        "Tax Rate For Calcs": 0.4,
        "Normalized EBITDA": 29264000.0,
        "Total Unusual Items": -5299000.0,
        "Total Unusual Items Excluding Goodwill": -5299000.0,
        "Net Income From Continuing Operation Net Minority Interest": 6055000.0,
        "Reconciled Depreciation": 11498000.0,
        "Reconciled Cost Of Revenue": 40924000.0,
        "EBITDA": 23965000.0,
        "EBIT": 12467000.0,
        "Net Interest Income": 6370000.0,
        "Interest Expense": 2522000.0,
        "Interest Income": 8892000.0,
        "Normalized Income": 9234400.0,
        "Net Income From Continuing And Discontinued Operation": 6055000.0,
        "Total Expenses": 158057000.0,
        "Total Operating Income As Reported": 3575000.0,
        "Diluted Average Shares": 64839000.0,
        "Basic Average Shares": 62822000.0,
        "Diluted EPS": 0.1,
        "Basic EPS": 0.1,
        "Diluted NI Availto Com Stockholders": 6055000.0,
        "Average Dilution Earnings": NaN,
        "Net Income Common Stockholders": 6055000.0,
        "Net Income": 6055000.0,
        "Minority Interests": 781000.0,
        "Net Income Including Noncontrolling Interests": 5274000.0,
        "Net Income Continuous Operations": 5274000.0,
        "Tax Provision": 4671000.0,
        "Pretax Income": 9945000.0,
        "Other Income Expense": -5299000.0,
        "Special Income Charges": -5299000.0,
        "Other Special Charges": NaN,
        "Restructuring And Mergern Acquisition": 5299000.0,
        "Net Non Operating Interest Income Expense": 6370000.0,
        "Interest Expense Non Operating": 2522000.0,
        "Interest Income Non Operating": 8892000.0,
        "Operating Income": 8874000.0,
        "Operating Expense": 117133000.0,
        "Research And Development": 25725000.0,
        "Selling General And Administration": 91408000.0,
        "Selling And Marketing Expense": 63063000.0,
        "General And Administrative Expense": 28345000.0,
        "Other Gand A": 28345000.0,
        "Gross Profit": 126007000.0,
        "Cost Of Revenue": 40924000.0,
        "Total Revenue": 166931000.0,
        "Operating Revenue": 166931000.0
    }
}