{
    "2023-03-31": {
        "Tax Effect Of Unusual Items": NaN,
        "Tax Rate For Calcs": NaN,
        "Normalized EBITDA": NaN,
        "Total Unusual Items": NaN,
        "Total Unusual Items Excluding Goodwill": NaN,
        "Net Income From Continuing Operation Net Minority Interest": NaN,
        "Reconciled Depreciation": NaN,
        "Reconciled Cost Of Revenue": NaN,
        "EBITDA": NaN,
        "EBIT": NaN,
        "Net Interest Income": NaN,
        "Interest Expense": NaN,
        "Interest Income": NaN,
        "Normalized Income": NaN,
        "Net Income From Continuing And Discontinued Operation": NaN,
        "Total Expenses": NaN,
        "Total Operating Income As Reported": NaN,
        "Diluted Average Shares": NaN,
        "Basic Average Shares": NaN,
        "Diluted EPS": NaN,
        "Basic EPS": NaN,
        "Diluted NI Availto Com Stockholders": NaN,
        "Net Income Common Stockholders": NaN,
        "Net Income": NaN,
        "Minority Interests": NaN,
        "Net Income Including Noncontrolling Interests": NaN,
        "Net Income Continuous Operations": NaN,
        "Tax Provision": NaN,
        "Pretax Income": NaN,
        "Other Income Expense": NaN,
        "Other Non Operating Income Expenses": NaN,
        "Special Income Charges": NaN,
        "Gain On Sale Of Ppe": 0.0,
        "Other Special Charges": NaN,
        "Write Off": NaN,
        "Restructuring And Mergern Acquisition": NaN,
        "Gain On Sale Of Security": NaN,
        "Net Non Operating Interest Income Expense": NaN,
        "Interest Expense Non Operating": NaN,
        "Interest Income Non Operating": NaN,
        "Operating Income": NaN,
        "Operating Expense": NaN,
        "Depreciation Amortization Depletion Income Statement": NaN,
        "Depreciation And Amortization In Income Statement": NaN,
        "Amortization": NaN,
        "Amortization Of Intangibles Income Statement": NaN,
        "Research And Development": NaN,
        "Selling General And Administration": NaN,
        "Gross Profit": NaN,
        "Cost Of Revenue": NaN,
        "Total Revenue": NaN,
        "Operating Revenue": NaN
    },
    "2022-12-31": {
        "Tax Effect Of Unusual Items": NaN,
        "Tax Rate For Calcs": NaN,
        "Normalized EBITDA": NaN,
        "Total Unusual Items": NaN,
        "Total Unusual Items Excluding Goodwill": NaN,
        "Net Income From Continuing Operation Net Minority Interest": NaN,
        "Reconciled Depreciation": NaN,
        "Reconciled Cost Of Revenue": NaN,
        "EBITDA": NaN,
        "EBIT": NaN,
        "Net Interest Income": NaN,
        "Interest Expense": NaN,
        "Interest Income": NaN,
        "Normalized Income": NaN,
        "Net Income From Continuing And Discontinued Operation": NaN,
        "Total Expenses": NaN,
        "Total Operating Income As Reported": NaN,
        "Diluted Average Shares": NaN,
        "Basic Average Shares": NaN,
        "Diluted EPS": NaN,
        "Basic EPS": NaN,
        "Diluted NI Availto Com Stockholders": NaN,
        "Net Income Common Stockholders": NaN,
        "Net Income": NaN,
        "Minority Interests": NaN,
        "Net Income Including Noncontrolling Interests": NaN,
        "Net Income Continuous Operations": NaN,
        "Tax Provision": NaN,
        "Pretax Income": NaN,
        "Other Income Expense": NaN,
        "Other Non Operating Income Expenses": 0.0,
        "Special Income Charges": NaN,
        "Gain On Sale Of Ppe": NaN,
        "Other Special Charges": NaN,
        "Write Off": NaN,
        "Restructuring And Mergern Acquisition": NaN,
        "Gain On Sale Of Security": NaN,
        "Net Non Operating Interest Income Expense": NaN,
        "Interest Expense Non Operating": NaN,
        "Interest Income Non Operating": NaN,
        "Operating Income": NaN,
        "Operating Expense": NaN,
        "Depreciation Amortization Depletion Income Statement": NaN,
        "Depreciation And Amortization In Income Statement": NaN,
        "Amortization": NaN,
        "Amortization Of Intangibles Income Statement": NaN,
        "Research And Development": NaN,
        "Selling General And Administration": NaN,
        "Gross Profit": NaN,
        "Cost Of Revenue": NaN,
        "Total Revenue": NaN,
        "Operating Revenue": NaN
    },
    "2022-09-30": {
        "Tax Effect Of Unusual Items": NaN,
        "Tax Rate For Calcs": NaN,
        "Normalized EBITDA": NaN,
        "Total Unusual Items": NaN,
        "Total Unusual Items Excluding Goodwill": NaN,
        "Net Income From Continuing Operation Net Minority Interest": NaN,
        "Reconciled Depreciation": NaN,
        "Reconciled Cost Of Revenue": NaN,
        "EBITDA": NaN,
        "EBIT": NaN,
        "Net Interest Income": NaN,
        "Interest Expense": NaN,
        "Interest Income": NaN,
        "Normalized Income": NaN,
        "Net Income From Continuing And Discontinued Operation": NaN,
        "Total Expenses": NaN,
        "Total Operating Income As Reported": NaN,
        "Diluted Average Shares": NaN,
        "Basic Average Shares": NaN,
        "Diluted EPS": NaN,
        "Basic EPS": NaN,
        "Diluted NI Availto Com Stockholders": NaN,
        "Net Income Common Stockholders": NaN,
        "Net Income": NaN,
        "Minority Interests": NaN,
        "Net Income Including Noncontrolling Interests": NaN,
        "Net Income Continuous Operations": NaN,
        "Tax Provision": NaN,
        "Pretax Income": NaN,
        "Other Income Expense": NaN,
        "Other Non Operating Income Expenses": -1000000.0,
        "Special Income Charges": NaN,
        "Gain On Sale Of Ppe": NaN,
        "Other Special Charges": 1000000.0,
        "Write Off": 1000000.0,
        "Restructuring And Mergern Acquisition": NaN,
        "Gain On Sale Of Security": NaN,
        "Net Non Operating Interest Income Expense": NaN,
        "Interest Expense Non Operating": NaN,
        "Interest Income Non Operating": NaN,
        "Operating Income": NaN,
        "Operating Expense": NaN,
        "Depreciation Amortization Depletion Income Statement": NaN,
        "Depreciation And Amortization In Income Statement": NaN,
        "Amortization": NaN,
        "Amortization Of Intangibles Income Statement": NaN,
        "Research And Development": NaN,
        "Selling General And Administration": NaN,
        "Gross Profit": NaN,
        "Cost Of Revenue": NaN,
        "Total Revenue": NaN,
        "Operating Revenue": NaN
    },
    "2022-06-30": {
        "Tax Effect Of Unusual Items": 6000000.0,
        "Tax Rate For Calcs": 0.4,
        "Normalized EBITDA": 154000000.0,
        "Total Unusual Items": 15000000.0,
        "Total Unusual Items Excluding Goodwill": 15000000.0,
        "Net Income From Continuing Operation Net Minority Interest": 5000000.0,
        "Reconciled Depreciation": 98000000.0,
        "Reconciled Cost Of Revenue": 345000000.0,
        "EBITDA": 169000000.0,
        "EBIT": 71000000.0,
        "Net Interest Income": -43000000.0,
        "Interest Expense": 44000000.0,
        "Interest Income": 1000000.0,
        "Normalized Income": -4000000.0,
        "Net Income From Continuing And Discontinued Operation": 5000000.0,
        "Total Expenses": 886000000.0,
        "Total Operating Income As Reported": 56000000.0,
        "Diluted Average Shares": 350000000.0,
        "Basic Average Shares": 350000000.0,
        "Diluted EPS": 0.01,
        "Basic EPS": 0.01,
        "Diluted NI Availto Com Stockholders": 5000000.0,
        "Net Income Common Stockholders": 5000000.0,
        "Net Income": 5000000.0,
        "Minority Interests": -2000000.0,
        "Net Income Including Noncontrolling Interests": 7000000.0,
        "Net Income Continuous Operations": 7000000.0,
        "Tax Provision": 20000000.0,
        "Pretax Income": 27000000.0,
        "Other Income Expense": 15000000.0,
        "Other Non Operating Income Expenses": NaN,
        "Special Income Charges": 1000000.0,
        "Other Special Charges": NaN,
        "Write Off": 0.0,
        "Restructuring And Mergern Acquisition": -1000000.0,
        "Gain On Sale Of Security": 14000000.0,
        "Net Non Operating Interest Income Expense": -43000000.0,
        "Interest Expense Non Operating": 44000000.0,
        "Interest Income Non Operating": 1000000.0,
        "Operating Income": 55000000.0,
        "Operating Expense": 507000000.0,
        "Depreciation Amortization Depletion Income Statement": 64000000.0,
        "Depreciation And Amortization In Income Statement": 64000000.0,
        "Amortization": 64000000.0,
        "Amortization Of Intangibles Income Statement": 64000000.0,
        "Research And Development": 75000000.0,
        "Selling General And Administration": 368000000.0,
        "Gross Profit": 562000000.0,
        "Cost Of Revenue": 379000000.0,
        "Total Revenue": 941000000.0,
        "Operating Revenue": 935000000.0
    },
    "2023-06-30": {
        "Tax Effect Of Unusual Items": NaN,
        "Tax Rate For Calcs": NaN,
        "Normalized EBITDA": NaN,
        "Total Unusual Items": NaN,
        "Total Unusual Items Excluding Goodwill": NaN,
        "Net Income From Continuing Operation Net Minority Interest": NaN,
        "Reconciled Depreciation": NaN,
        "Reconciled Cost Of Revenue": NaN,
        "EBITDA": NaN,
        "EBIT": NaN,
        "Net Interest Income": NaN,
        "Interest Expense": NaN,
        "Interest Income": NaN,
        "Normalized Income": NaN,
        "Net Income From Continuing And Discontinued Operation": NaN,
        "Total Expenses": NaN,
        "Total Operating Income As Reported": NaN,
        "Diluted Average Shares": NaN,
        "Basic Average Shares": NaN,
        "Diluted EPS": NaN,
        "Basic EPS": NaN,
        "Diluted NI Availto Com Stockholders": NaN,
        "Net Income Common Stockholders": NaN,
        "Net Income": NaN,
        "Minority Interests": NaN,
        "Net Income Including Noncontrolling Interests": NaN,
        "Net Income Continuous Operations": NaN,
        "Tax Provision": NaN,
        "Pretax Income": NaN,
        "Other Income Expense": NaN,
        "Other Non Operating Income Expenses": NaN,
        "Special Income Charges": NaN,
        "Gain On Sale Of Ppe": 0.0,
        "Other Special Charges": NaN,
        "Write Off": 0.0,
        "Impairment Of Capital Assets": NaN,
        "Restructuring And Mergern Acquisition": NaN,
        "Gain On Sale Of Security": NaN,
        "Net Non Operating Interest Income Expense": NaN,
        "Interest Expense Non Operating": NaN,
        "Interest Income Non Operating": NaN,
        "Operating Income": NaN,
        "Operating Expense": NaN,
        "Depreciation Amortization Depletion Income Statement": NaN,
        "Depreciation And Amortization In Income Statement": NaN,
        "Amortization": NaN,
        "Amortization Of Intangibles Income Statement": NaN,
        "Research And Development": NaN,
        "Selling General And Administration": NaN,
        "Gross Profit": NaN,
        "Cost Of Revenue": NaN,
        "Total Revenue": NaN,
        "Operating Revenue": NaN
    },
    "2022-03-31": {
        "Diluted EPS": 0.06,
        "Total Revenue": 889,
        "Gross Profit": 541,
        "Operating Income": 54,
        "EBIT": 149,
        "Net Income": 20
    },
    "2021-12-31": {
        "Diluted EPS": 0.14,
        "Total Revenue": NaN,
        "Gross Profit": 598,
        "Operating Income": 92,
        "EBIT": 192,
        "Net Income": 51
    },
    "2021-09-30": {
        "Diluted EPS": 0.17,
        "Total Revenue": 949,
        "Gross Profit": 585,
        "Operating Income": 94,
        "EBIT": 192,
        "Net Income": 60
    },
    "2021-06-30": {
        "Diluted EPS": 0.13,
        "Total Revenue": 934,
        "Gross Profit": 567,
        "Operating Income": 58,
        "EBIT": 169,
        "Net Income": 44
    },
    "2021-03-31": {
        "Diluted EPS": 0.08,
        "Total Revenue": 881,
        "Gross Profit": 548,
        "Operating Income": 85,
        "EBIT": 191,
        "Net Income": 27
    },
    "2020-12-31": {
        "Diluted EPS": 0.0,
        "Total Revenue": NaN,
        "Gross Profit": NaN,
        "Operating Income": NaN,
        "EBIT": NaN,
        "Net Income": NaN
    },
    "2023-09-30": {
        "Tax Effect Of Unusual Items": NaN,
        "Tax Rate For Calcs": NaN,
        "Normalized EBITDA": NaN,
        "Total Unusual Items": NaN,
        "Total Unusual Items Excluding Goodwill": NaN,
        "Net Income From Continuing Operation Net Minority Interest": NaN,
        "Reconciled Depreciation": NaN,
        "Reconciled Cost Of Revenue": NaN,
        "EBITDA": NaN,
        "EBIT": NaN,
        "Net Interest Income": NaN,
        "Interest Expense": NaN,
        "Interest Income": NaN,
        "Normalized Income": NaN,
        "Net Income From Continuing And Discontinued Operation": NaN,
        "Total Expenses": NaN,
        "Total Operating Income As Reported": NaN,
        "Diluted Average Shares": NaN,
        "Basic Average Shares": NaN,
        "Diluted EPS": NaN,
        "Basic EPS": NaN,
        "Diluted NI Availto Com Stockholders": NaN,
        "Net Income Common Stockholders": NaN,
        "Net Income": NaN,
        "Minority Interests": NaN,
        "Net Income Including Noncontrolling Interests": NaN,
        "Net Income Continuous Operations": NaN,
        "Tax Provision": NaN,
        "Pretax Income": NaN,
        "Other Income Expense": NaN,
        "Other Non Operating Income Expenses": 1000000.0,
        "Special Income Charges": NaN,
        "Gain On Sale Of Ppe": NaN,
        "Other Special Charges": NaN,
        "Write Off": 0.0,
        "Impairment Of Capital Assets": NaN,
        "Restructuring And Mergern Acquisition": NaN,
        "Gain On Sale Of Security": NaN,
        "Net Non Operating Interest Income Expense": NaN,
        "Interest Expense Non Operating": NaN,
        "Interest Income Non Operating": NaN,
        "Operating Income": NaN,
        "Operating Expense": NaN,
        "Depreciation Amortization Depletion Income Statement": NaN,
        "Depreciation And Amortization In Income Statement": NaN,
        "Amortization": NaN,
        "Amortization Of Intangibles Income Statement": NaN,
        "Research And Development": NaN,
        "Selling General And Administration": NaN,
        "Gross Profit": NaN,
        "Cost Of Revenue": NaN,
        "Total Revenue": NaN,
        "Operating Revenue": NaN
    },
    "2023-12-31": {
        "Tax Effect Of Unusual Items": NaN,
        "Tax Rate For Calcs": NaN,
        "Normalized EBITDA": NaN,
        "Total Unusual Items": NaN,
        "Total Unusual Items Excluding Goodwill": NaN,
        "Net Income From Continuing Operation Net Minority Interest": NaN,
        "Reconciled Depreciation": NaN,
        "Reconciled Cost Of Revenue": NaN,
        "EBITDA": NaN,
        "EBIT": NaN,
        "Net Interest Income": NaN,
        "Interest Expense": NaN,
        "Interest Income": NaN,
        "Normalized Income": NaN,
        "Net Income From Continuing And Discontinued Operation": NaN,
        "Total Expenses": NaN,
        "Total Operating Income As Reported": NaN,
        "Diluted Average Shares": 350800000.0,
        "Basic Average Shares": 350800000.0,
        "Diluted EPS": -0.15,
        "Basic EPS": -0.15,
        "Diluted NI Availto Com Stockholders": NaN,
        "Net Income Common Stockholders": NaN,
        "Net Income": NaN,
        "Minority Interests": NaN,
        "Net Income Including Noncontrolling Interests": NaN,
        "Net Income Continuous Operations": NaN,
        "Tax Provision": NaN,
        "Pretax Income": NaN,
        "Other Income Expense": NaN,
        "Other Non Operating Income Expenses": NaN,
        "Special Income Charges": NaN,
        "Gain On Sale Of Ppe": NaN,
        "Other Special Charges": 1000000.0,
        "Write Off": NaN,
        "Impairment Of Capital Assets": NaN,
        "Restructuring And Mergern Acquisition": NaN,
        "Gain On Sale Of Security": -10000000.0,
        "Net Non Operating Interest Income Expense": NaN,
        "Interest Expense Non Operating": NaN,
        "Interest Income Non Operating": NaN,
        "Operating Income": NaN,
        "Operating Expense": NaN,
        "Depreciation Amortization Depletion Income Statement": NaN,
        "Depreciation And Amortization In Income Statement": NaN,
        "Amortization": NaN,
        "Amortization Of Intangibles Income Statement": NaN,
        "Research And Development": NaN,
        "Selling General And Administration": NaN,
        "Gross Profit": NaN,
        "Cost Of Revenue": NaN,
        "Total Revenue": NaN,
        "Operating Revenue": NaN
    },
    "2024-03-31": {
        "Tax Effect Of Unusual Items": NaN,
        "Tax Rate For Calcs": NaN,
        "Normalized EBITDA": NaN,
        "Total Unusual Items": NaN,
        "Total Unusual Items Excluding Goodwill": NaN,
        "Net Income From Continuing Operation Net Minority Interest": NaN,
        "Reconciled Depreciation": NaN,
        "Reconciled Cost Of Revenue": NaN,
        "EBITDA": NaN,
        "EBIT": NaN,
        "Net Interest Income": NaN,
        "Interest Expense": NaN,
        "Interest Income": NaN,
        "Normalized Income": NaN,
        "Net Income From Continuing And Discontinued Operation": NaN,
        "Total Expenses": NaN,
        "Total Operating Income As Reported": NaN,
        "Diluted Average Shares": NaN,
        "Basic Average Shares": NaN,
        "Diluted EPS": NaN,
        "Basic EPS": NaN,
        "Diluted NI Availto Com Stockholders": NaN,
        "Net Income Common Stockholders": NaN,
        "Net Income": NaN,
        "Minority Interests": NaN,
        "Net Income Including Noncontrolling Interests": NaN,
        "Net Income Continuous Operations": NaN,
        "Tax Provision": NaN,
        "Pretax Income": NaN,
        "Other Income Expense": NaN,
        "Other Non Operating Income Expenses": NaN,
        "Special Income Charges": NaN,
        "Gain On Sale Of Ppe": 4000000.0,
        "Other Special Charges": 1000000.0,
        "Write Off": NaN,
        "Impairment Of Capital Assets": NaN,
        "Restructuring And Mergern Acquisition": NaN,
        "Gain On Sale Of Security": NaN,
        "Net Non Operating Interest Income Expense": NaN,
        "Interest Expense Non Operating": NaN,
        "Interest Income Non Operating": NaN,
        "Operating Income": NaN,
        "Operating Expense": NaN,
        "Depreciation Amortization Depletion Income Statement": NaN,
        "Depreciation And Amortization In Income Statement": NaN,
        "Amortization": NaN,
        "Amortization Of Intangibles Income Statement": NaN,
        "Research And Development": NaN,
        "Selling General And Administration": NaN,
        "Gross Profit": NaN,
        "Cost Of Revenue": NaN,
        "Total Revenue": NaN,
        "Operating Revenue": NaN
    },
    "2024-06-30": {
        "Tax Effect Of Unusual Items": NaN,
        "Tax Rate For Calcs": NaN,
        "Normalized EBITDA": NaN,
        "Total Unusual Items": NaN,
        "Total Unusual Items Excluding Goodwill": NaN,
        "Net Income From Continuing Operation Net Minority Interest": NaN,
        "Reconciled Depreciation": NaN,
        "Reconciled Cost Of Revenue": NaN,
        "EBITDA": NaN,
        "EBIT": NaN,
        "Net Interest Income": NaN,
        "Interest Expense": NaN,
        "Interest Income": NaN,
        "Normalized Income": NaN,
        "Net Income From Continuing And Discontinued Operation": NaN,
        "Total Expenses": NaN,
        "Total Operating Income As Reported": NaN,
        "Diluted Average Shares": NaN,
        "Basic Average Shares": NaN,
        "Diluted EPS": NaN,
        "Basic EPS": NaN,
        "Diluted NI Availto Com Stockholders": NaN,
        "Net Income Common Stockholders": NaN,
        "Net Income": NaN,
        "Minority Interests": NaN,
        "Net Income Including Noncontrolling Interests": NaN,
        "Net Income Continuous Operations": NaN,
        "Tax Provision": NaN,
        "Pretax Income": NaN,
        "Other Income Expense": NaN,
        "Other Non Operating Income Expenses": -3000000.0,
        "Special Income Charges": NaN,
        "Gain On Sale Of Ppe": 1000000.0,
        "Other Special Charges": NaN,
        "Write Off": 5000000.0,
        "Impairment Of Capital Assets": NaN,
        "Restructuring And Mergern Acquisition": NaN,
        "Gain On Sale Of Security": NaN,
        "Net Non Operating Interest Income Expense": NaN,
        "Interest Expense Non Operating": NaN,
        "Interest Income Non Operating": NaN,
        "Operating Income": NaN,
        "Operating Expense": NaN,
        "Depreciation Amortization Depletion Income Statement": NaN,
        "Depreciation And Amortization In Income Statement": NaN,
        "Amortization": NaN,
        "Amortization Of Intangibles Income Statement": NaN,
        "Research And Development": NaN,
        "Selling General And Administration": NaN,
        "Gross Profit": NaN,
        "Cost Of Revenue": NaN,
        "Total Revenue": NaN,
        "Operating Revenue": NaN
    },
    "2024-09-30": {
        "Tax Effect Of Unusual Items": -4050000.0,
        "Tax Rate For Calcs": 0.15,
        "Normalized EBITDA": 179000000.0,
        "Total Unusual Items": -27000000.0,
        "Total Unusual Items Excluding Goodwill": -27000000.0,
        "Net Income From Continuing Operation Net Minority Interest": 4000000.0,
        "Reconciled Depreciation": 110000000.0,
        "Reconciled Cost Of Revenue": 426000000.0,
        "EBITDA": 152000000.0,
        "EBIT": 42000000.0,
        "Net Interest Income": -96000000.0,
        "Interest Expense": 100000000.0,
        "Interest Income": 4000000.0,
        "Normalized Income": 26950000.0,
        "Net Income From Continuing And Discontinued Operation": 4000000.0,
        "Total Expenses": 1131000000.0,
        "Total Operating Income As Reported": 43000000.0,
        "Diluted Average Shares": 353900000.0,
        "Basic Average Shares": 351900000.0,
        "Diluted EPS": 0.01,
        "Basic EPS": 0.01,
        "Diluted NI Availto Com Stockholders": 4000000.0,
        "Net Income Common Stockholders": 4000000.0,
        "Net Income": 4000000.0,
        "Minority Interests": -4000000.0,
        "Net Income Including Noncontrolling Interests": 8000000.0,
        "Net Income Continuous Operations": 8000000.0,
        "Tax Provision": -66000000.0,
        "Pretax Income": -58000000.0,
        "Other Income Expense": -27000000.0,
        "Other Non Operating Income Expenses": NaN,
        "Special Income Charges": -22000000.0,
        "Gain On Sale Of Ppe": NaN,
        "Other Special Charges": 16000000.0,
        "Write Off": NaN,
        "Impairment Of Capital Assets": NaN,
        "Restructuring And Mergern Acquisition": 6000000.0,
        "Gain On Sale Of Security": -5000000.0,
        "Net Non Operating Interest Income Expense": -96000000.0,
        "Interest Expense Non Operating": 100000000.0,
        "Interest Income Non Operating": 4000000.0,
        "Operating Income": 65000000.0,
        "Operating Expense": 667000000.0,
        "Depreciation Amortization Depletion Income Statement": 72000000.0,
        "Depreciation And Amortization In Income Statement": 72000000.0,
        "Amortization": 72000000.0,
        "Amortization Of Intangibles Income Statement": 72000000.0,
        "Research And Development": 84000000.0,
        "Selling General And Administration": 511000000.0,
        "Gross Profit": 732000000.0,
        "Cost Of Revenue": 464000000.0,
        "Total Revenue": 1196000000.0,
        "Operating Revenue": 1192000000.0
    },
    "2024-12-31": {
        "Tax Effect Of Unusual Items": -450000.0,
        "Tax Rate For Calcs": 0.15,
        "Normalized EBITDA": 197000000.0,
        "Total Unusual Items": -3000000.0,
        "Total Unusual Items Excluding Goodwill": -3000000.0,
        "Net Income From Continuing Operation Net Minority Interest": -3000000.0,
        "Reconciled Depreciation": 106000000.0,
        "Reconciled Cost Of Revenue": 463000000.0,
        "EBITDA": 194000000.0,
        "EBIT": 88000000.0,
        "Net Interest Income": -93000000.0,
        "Interest Expense": 98000000.0,
        "Interest Income": 5000000.0,
        "Normalized Income": -450000.0,
        "Net Income From Continuing And Discontinued Operation": -3000000.0,
        "Total Expenses": 1194000000.0,
        "Total Operating Income As Reported": 87000000.0,
        "Diluted Average Shares": 352000000.0,
        "Basic Average Shares": 352000000.0,
        "Diluted EPS": -0.01,
        "Basic EPS": -0.01,
        "Diluted NI Availto Com Stockholders": -3000000.0,
        "Net Income Common Stockholders": -3000000.0,
        "Net Income": -3000000.0,
        "Minority Interests": -1000000.0,
        "Net Income Including Noncontrolling Interests": -2000000.0,
        "Net Income Continuous Operations": -2000000.0,
        "Tax Provision": -8000000.0,
        "Pretax Income": -10000000.0,
        "Other Income Expense": -3000000.0,
        "Other Non Operating Income Expenses": NaN,
        "Special Income Charges": 1000000.0,
        "Gain On Sale Of Ppe": 0.0,
        "Other Special Charges": 3000000.0,
        "Write Off": NaN,
        "Impairment Of Capital Assets": 0.0,
        "Restructuring And Mergern Acquisition": -4000000.0,
        "Gain On Sale Of Security": -4000000.0,
        "Net Non Operating Interest Income Expense": -93000000.0,
        "Interest Expense Non Operating": 98000000.0,
        "Interest Income Non Operating": 5000000.0,
        "Operating Income": 86000000.0,
        "Operating Expense": 693000000.0,
        "Depreciation Amortization Depletion Income Statement": 68000000.0,
        "Depreciation And Amortization In Income Statement": 68000000.0,
        "Amortization": 68000000.0,
        "Amortization Of Intangibles Income Statement": 68000000.0,
        "Research And Development": 93000000.0,
        "Selling General And Administration": 532000000.0,
        "Gross Profit": 779000000.0,
        "Cost Of Revenue": 501000000.0,
        "Total Revenue": 1280000000.0,
        "Operating Revenue": 3993000000.0
    },
    "2025-03-31": {
        "Tax Effect Of Unusual Items": -4200000.0,
        "Tax Rate For Calcs": 0.15,
        "Normalized EBITDA": 48000000.0,
        "Total Unusual Items": -28000000.0,
        "Total Unusual Items Excluding Goodwill": -28000000.0,
        "Net Income From Continuing Operation Net Minority Interest": -212000000.0,
        "Reconciled Depreciation": 106000000.0,
        "Reconciled Cost Of Revenue": 443000000.0,
        "EBITDA": 20000000.0,
        "EBIT": -86000000.0,
        "Net Interest Income": -91000000.0,
        "Interest Expense": 94000000.0,
        "Interest Income": 3000000.0,
        "Normalized Income": -188200000.0,
        "Net Income From Continuing And Discontinued Operation": -212000000.0,
        "Total Expenses": 1198000000.0,
        "Total Operating Income As Reported": -83000000.0,
        "Diluted Average Shares": 352800000.0,
        "Basic Average Shares": 352800000.0,
        "Diluted EPS": -0.6,
        "Basic EPS": -0.6,
        "Diluted NI Availto Com Stockholders": -212000000.0,
        "Net Income Common Stockholders": -212000000.0,
        "Net Income": -212000000.0,
        "Minority Interests": -1000000.0,
        "Net Income Including Noncontrolling Interests": -211000000.0,
        "Net Income Continuous Operations": -211000000.0,
        "Tax Provision": 31000000.0,
        "Pretax Income": -180000000.0,
        "Other Income Expense": -28000000.0,
        "Other Non Operating Income Expenses": NaN,
        "Special Income Charges": -22000000.0,
        "Gain On Sale Of Ppe": 0.0,
        "Other Special Charges": 29000000.0,
        "Write Off": NaN,
        "Impairment Of Capital Assets": NaN,
        "Restructuring And Mergern Acquisition": -7000000.0,
        "Gain On Sale Of Security": -6000000.0,
        "Net Non Operating Interest Income Expense": -91000000.0,
        "Interest Expense Non Operating": 94000000.0,
        "Interest Income Non Operating": 3000000.0,
        "Operating Income": -61000000.0,
        "Operating Expense": 716000000.0,
        "Depreciation Amortization Depletion Income Statement": 67000000.0,
        "Depreciation And Amortization In Income Statement": 67000000.0,
        "Amortization": 67000000.0,
        "Amortization Of Intangibles Income Statement": 67000000.0,
        "Research And Development": 86000000.0,
        "Selling General And Administration": 563000000.0,
        "Gross Profit": 655000000.0,
        "Cost Of Revenue": 482000000.0,
        "Total Revenue": 1137000000.0,
        "Operating Revenue": 1133000000.0
    },
    "2025-06-30": {
        "Tax Effect Of Unusual Items": -4800000.0,
        "Tax Rate For Calcs": 0.15,
        "Normalized EBITDA": 120000000.0,
        "Total Unusual Items": -32000000.0,
        "Total Unusual Items Excluding Goodwill": -32000000.0,
        "Net Income From Continuing Operation Net Minority Interest": -62000000.0,
        "Reconciled Depreciation": 107000000.0,
        "Reconciled Cost Of Revenue": 485000000.0,
        "EBITDA": 88000000.0,
        "EBIT": -19000000.0,
        "Net Interest Income": -125000000.0,
        "Interest Expense": 128000000.0,
        "Interest Income": 3000000.0,
        "Normalized Income": -34800000.0,
        "Net Income From Continuing And Discontinued Operation": -62000000.0,
        "Total Expenses": 1267000000.0,
        "Total Operating Income As Reported": -11000000.0,
        "Diluted Average Shares": 353700000.0,
        "Basic Average Shares": 353700000.0,
        "Diluted EPS": -0.18,
        "Basic EPS": -0.18,
        "Diluted NI Availto Com Stockholders": -62000000.0,
        "Net Income Common Stockholders": -62000000.0,
        "Net Income": -62000000.0,
        "Minority Interests": -4000000.0,
        "Net Income Including Noncontrolling Interests": -58000000.0,
        "Net Income Continuous Operations": -58000000.0,
        "Tax Provision": -89000000.0,
        "Pretax Income": -147000000.0,
        "Other Income Expense": -33000000.0,
        "Other Non Operating Income Expenses": -1000000.0,
        "Special Income Charges": -30000000.0,
        "Gain On Sale Of Ppe": 0.0,
        "Other Special Charges": 15000000.0,
        "Write Off": 0.0,
        "Impairment Of Capital Assets": NaN,
        "Restructuring And Mergern Acquisition": 15000000.0,
        "Gain On Sale Of Security": -2000000.0,
        "Net Non Operating Interest Income Expense": -125000000.0,
        "Interest Expense Non Operating": 128000000.0,
        "Interest Income Non Operating": 3000000.0,
        "Operating Income": 11000000.0,
        "Operating Expense": 742000000.0,
        "Depreciation Amortization Depletion Income Statement": 67000000.0,
        "Depreciation And Amortization In Income Statement": 67000000.0,
        "Amortization": 67000000.0,
        "Amortization Of Intangibles Income Statement": 67000000.0,
        "Research And Development": 96000000.0,
        "Selling General And Administration": 579000000.0,
        "Gross Profit": 753000000.0,
        "Cost Of Revenue": 525000000.0,
        "Total Revenue": 1278000000.0,
        "Operating Revenue": 1272000000.0
    },
    "2025-09-30": {
        "Tax Effect Of Unusual Items": 2250000.0,
        "Tax Rate For Calcs": 0.15,
        "Normalized EBITDA": 192000000.0,
        "Total Unusual Items": 15000000.0,
        "Total Unusual Items Excluding Goodwill": 15000000.0,
        "Net Income From Continuing Operation Net Minority Interest": -28000000.0,
        "Reconciled Depreciation": 109000000.0,
        "Reconciled Cost Of Revenue": 469000000.0,
        "EBITDA": 207000000.0,
        "EBIT": 98000000.0,
        "Net Interest Income": -98000000.0,
        "Interest Expense": 101000000.0,
        "Interest Income": 3000000.0,
        "Normalized Income": -40750000.0,
        "Net Income From Continuing And Discontinued Operation": -28000000.0,
        "Total Expenses": 1201000000.0,
        "Total Operating Income As Reported": 95000000.0,
        "Diluted Average Shares": 354200000.0,
        "Basic Average Shares": 354200000.0,
        "Diluted EPS": -0.08,
        "Basic EPS": -0.08,
        "Diluted NI Availto Com Stockholders": -28000000.0,
        "Net Income Common Stockholders": -28000000.0,
        "Net Income": -28000000.0,
        "Minority Interests": -3000000.0,
        "Net Income Including Noncontrolling Interests": -25000000.0,
        "Net Income Continuous Operations": -25000000.0,
        "Tax Provision": 22000000.0,
        "Pretax Income": -3000000.0,
        "Other Income Expense": 15000000.0,
        "Other Non Operating Income Expenses": NaN,
        "Special Income Charges": 18000000.0,
        "Gain On Sale Of Ppe": 6000000.0,
        "Other Special Charges": -2000000.0,
        "Write Off": NaN,
        "Impairment Of Capital Assets": 0.0,
        "Restructuring And Mergern Acquisition": -10000000.0,
        "Gain On Sale Of Security": -3000000.0,
        "Net Non Operating Interest Income Expense": -98000000.0,
        "Interest Expense Non Operating": 101000000.0,
        "Interest Income Non Operating": 3000000.0,
        "Operating Income": 80000000.0,
        "Operating Expense": 691000000.0,
        "Depreciation Amortization Depletion Income Statement": 68000000.0,
        "Depreciation And Amortization In Income Statement": 68000000.0,
        "Amortization": 68000000.0,
        "Amortization Of Intangibles Income Statement": 68000000.0,
        "Research And Development": 95000000.0,
        "Selling General And Administration": 528000000.0,
        "Gross Profit": 771000000.0,
        "Cost Of Revenue": 510000000.0,
        "Total Revenue": 1281000000.0,
        "Operating Revenue": 1277000000.0
    }
}