{
    "2023-03-31": {
        "Tax Effect Of Unusual Items": NaN,
        "Tax Rate For Calcs": NaN,
        "Normalized EBITDA": NaN,
        "Total Unusual Items": NaN,
        "Total Unusual Items Excluding Goodwill": NaN,
        "Net Income From Continuing Operation Net Minority Interest": NaN,
        "Reconciled Depreciation": NaN,
        "Reconciled Cost Of Revenue": NaN,
        "EBITDA": NaN,
        "EBIT": NaN,
        "Net Interest Income": NaN,
        "Interest Income": NaN,
        "Normalized Income": NaN,
        "Net Income From Continuing And Discontinued Operation": NaN,
        "Total Expenses": NaN,
        "Total Operating Income As Reported": NaN,
        "Diluted Average Shares": 71992771.0,
        "Basic Average Shares": 71992771.0,
        "Diluted EPS": -0.14,
        "Basic EPS": -0.14,
        "Diluted NI Availto Com Stockholders": NaN,
        "Average Dilution Earnings": NaN,
        "Net Income Common Stockholders": NaN,
        "Otherunder Preferred Stock Dividend": NaN,
        "Net Income": NaN,
        "Net Income Including Noncontrolling Interests": NaN,
        "Net Income Continuous Operations": NaN,
        "Tax Provision": NaN,
        "Pretax Income": NaN,
        "Other Income Expense": NaN,
        "Gain On Sale Of Security": NaN,
        "Net Non Operating Interest Income Expense": NaN,
        "Total Other Finance Cost": NaN,
        "Interest Income Non Operating": NaN,
        "Operating Income": NaN,
        "Operating Expense": NaN,
        "Research And Development": NaN,
        "Selling General And Administration": NaN,
        "Selling And Marketing Expense": NaN,
        "General And Administrative Expense": NaN,
        "Other Gand A": NaN,
        "Gross Profit": NaN,
        "Cost Of Revenue": NaN,
        "Total Revenue": NaN,
        "Operating Revenue": NaN
    },
    "2022-12-31": {
        "Tax Effect Of Unusual Items": NaN,
        "Tax Rate For Calcs": NaN,
        "Normalized EBITDA": NaN,
        "Total Unusual Items": NaN,
        "Total Unusual Items Excluding Goodwill": NaN,
        "Net Income From Continuing Operation Net Minority Interest": NaN,
        "Reconciled Depreciation": NaN,
        "Reconciled Cost Of Revenue": NaN,
        "EBITDA": NaN,
        "EBIT": NaN,
        "Net Interest Income": NaN,
        "Interest Income": 1542000.0,
        "Normalized Income": NaN,
        "Net Income From Continuing And Discontinued Operation": NaN,
        "Total Expenses": NaN,
        "Total Operating Income As Reported": NaN,
        "Diluted Average Shares": 71660617.0,
        "Basic Average Shares": 71660617.0,
        "Diluted EPS": -0.215111,
        "Basic EPS": -0.215111,
        "Diluted NI Availto Com Stockholders": NaN,
        "Average Dilution Earnings": NaN,
        "Net Income Common Stockholders": NaN,
        "Otherunder Preferred Stock Dividend": NaN,
        "Net Income": NaN,
        "Net Income Including Noncontrolling Interests": NaN,
        "Net Income Continuous Operations": NaN,
        "Tax Provision": NaN,
        "Pretax Income": NaN,
        "Other Income Expense": NaN,
        "Gain On Sale Of Security": NaN,
        "Net Non Operating Interest Income Expense": NaN,
        "Total Other Finance Cost": NaN,
        "Interest Income Non Operating": 1542000.0,
        "Operating Income": NaN,
        "Operating Expense": NaN,
        "Research And Development": NaN,
        "Selling General And Administration": NaN,
        "Selling And Marketing Expense": NaN,
        "General And Administrative Expense": NaN,
        "Other Gand A": NaN,
        "Gross Profit": NaN,
        "Cost Of Revenue": NaN,
        "Total Revenue": NaN,
        "Operating Revenue": NaN
    },
    "2022-09-30": {
        "Tax Effect Of Unusual Items": NaN,
        "Tax Rate For Calcs": NaN,
        "Normalized EBITDA": NaN,
        "Total Unusual Items": NaN,
        "Total Unusual Items Excluding Goodwill": NaN,
        "Net Income From Continuing Operation Net Minority Interest": NaN,
        "Reconciled Depreciation": NaN,
        "Reconciled Cost Of Revenue": NaN,
        "EBITDA": NaN,
        "EBIT": NaN,
        "Net Interest Income": NaN,
        "Interest Income": NaN,
        "Normalized Income": NaN,
        "Net Income From Continuing And Discontinued Operation": NaN,
        "Total Expenses": NaN,
        "Total Operating Income As Reported": NaN,
        "Diluted Average Shares": NaN,
        "Basic Average Shares": NaN,
        "Diluted EPS": NaN,
        "Basic EPS": NaN,
        "Diluted NI Availto Com Stockholders": NaN,
        "Average Dilution Earnings": 0.0,
        "Net Income Common Stockholders": NaN,
        "Otherunder Preferred Stock Dividend": 0.0,
        "Net Income": NaN,
        "Net Income Including Noncontrolling Interests": NaN,
        "Net Income Continuous Operations": NaN,
        "Tax Provision": NaN,
        "Pretax Income": NaN,
        "Other Income Expense": NaN,
        "Gain On Sale Of Security": NaN,
        "Net Non Operating Interest Income Expense": NaN,
        "Total Other Finance Cost": NaN,
        "Interest Income Non Operating": NaN,
        "Operating Income": NaN,
        "Operating Expense": NaN,
        "Research And Development": NaN,
        "Selling General And Administration": NaN,
        "Selling And Marketing Expense": NaN,
        "General And Administrative Expense": NaN,
        "Other Gand A": NaN,
        "Gross Profit": NaN,
        "Cost Of Revenue": NaN,
        "Total Revenue": NaN,
        "Operating Revenue": NaN
    },
    "2022-06-30": {
        "Tax Effect Of Unusual Items": 7076000.0,
        "Tax Rate For Calcs": 0.4,
        "Normalized EBITDA": -26268000.0,
        "Total Unusual Items": 17690000.0,
        "Total Unusual Items Excluding Goodwill": 17690000.0,
        "Net Income From Continuing Operation Net Minority Interest": 8412000.0,
        "Reconciled Depreciation": 1155000.0,
        "Reconciled Cost Of Revenue": 30522000.0,
        "EBITDA": -8578000.0,
        "EBIT": -9733000.0,
        "Net Interest Income": 455000.0,
        "Interest Income": NaN,
        "Normalized Income": -2202000.0,
        "Net Income From Continuing And Discontinued Operation": 8412000.0,
        "Total Expenses": 45366000.0,
        "Total Operating Income As Reported": -9733000.0,
        "Diluted Average Shares": 78497356.0,
        "Basic Average Shares": 71051523.0,
        "Diluted EPS": 0.1,
        "Basic EPS": 0.11,
        "Diluted NI Availto Com Stockholders": 8179000.0,
        "Average Dilution Earnings": 23000.0,
        "Net Income Common Stockholders": 8156000.0,
        "Otherunder Preferred Stock Dividend": 256000.0,
        "Net Income": 8412000.0,
        "Net Income Including Noncontrolling Interests": 8412000.0,
        "Net Income Continuous Operations": 8412000.0,
        "Tax Provision": NaN,
        "Pretax Income": 8412000.0,
        "Other Income Expense": 17690000.0,
        "Gain On Sale Of Security": 17690000.0,
        "Net Non Operating Interest Income Expense": 455000.0,
        "Total Other Finance Cost": -455000.0,
        "Interest Income Non Operating": NaN,
        "Operating Income": -9733000.0,
        "Operating Expense": 14844000.0,
        "Research And Development": 1062000.0,
        "Selling General And Administration": 13782000.0,
        "Selling And Marketing Expense": 1638000.0,
        "General And Administrative Expense": 12144000.0,
        "Other Gand A": 12144000.0,
        "Gross Profit": 5111000.0,
        "Cost Of Revenue": 30522000.0,
        "Total Revenue": 35633000.0,
        "Operating Revenue": 35633000.0
    },
    "2022-03-31": {
        "Diluted EPS": -0.16,
        "Total Revenue": 27,
        "Gross Profit": 3,
        "Operating Income": -14,
        "EBIT": -13,
        "Net Income": -11
    },
    "2021-12-31": {
        "Diluted EPS": -0.16,
        "Total Revenue": 33,
        "Gross Profit": 6,
        "Operating Income": -13,
        "EBIT": -12,
        "Net Income": -2
    },
    "2021-09-30": {
        "Diluted EPS": -0.13,
        "Total Revenue": 20,
        "Gross Profit": 4,
        "Operating Income": -10,
        "EBIT": -10,
        "Net Income": -9
    },
    "2021-06-30": {
        "Diluted EPS": -0.47,
        "Total Revenue": 13,
        "Gross Profit": 3,
        "Operating Income": -8,
        "EBIT": -8,
        "Net Income": -24
    },
    "2021-03-31": {
        "Diluted EPS": -0.16,
        "Total Revenue": 9,
        "Gross Profit": 1,
        "Operating Income": -4,
        "EBIT": -4,
        "Net Income": -4
    },
    "2020-12-31": {
        "Diluted EPS": -0.54,
        "Total Revenue": NaN,
        "Gross Profit": NaN,
        "Operating Income": 5,
        "EBIT": 5,
        "Net Income": -4
    },
    "2020-09-30": {
        "Diluted EPS": -0.01,
        "Total Revenue": NaN,
        "Gross Profit": NaN,
        "Operating Income": 0,
        "EBIT": 20,
        "Net Income": 0
    },
    "2020-06-30": {
        "Diluted EPS": -0.05,
        "Total Revenue": 3,
        "Gross Profit": 1,
        "Operating Income": -1,
        "EBIT": -1,
        "Net Income": -1
    },
    "2020-03-31": {
        "Diluted EPS": 0.62,
        "Total Revenue": NaN,
        "Gross Profit": NaN,
        "Operating Income": 0,
        "EBIT": 0,
        "Net Income": 6
    },
    "2019-12-31": {
        "Diluted EPS": 0.0,
        "Total Revenue": NaN,
        "Gross Profit": NaN,
        "Operating Income": NaN,
        "EBIT": NaN,
        "Net Income": NaN
    },
    "2019-09-30": {
        "Diluted EPS": -0.01,
        "Total Revenue": NaN,
        "Gross Profit": NaN,
        "Operating Income": 0,
        "EBIT": 0,
        "Net Income": 0
    },
    "2023-06-30": {
        "Tax Effect Of Unusual Items": NaN,
        "Tax Rate For Calcs": NaN,
        "Normalized EBITDA": NaN,
        "Total Unusual Items": NaN,
        "Total Unusual Items Excluding Goodwill": NaN,
        "Net Income From Continuing Operation Net Minority Interest": NaN,
        "Reconciled Depreciation": NaN,
        "Reconciled Cost Of Revenue": NaN,
        "EBITDA": NaN,
        "EBIT": NaN,
        "Net Interest Income": NaN,
        "Interest Income": NaN,
        "Normalized Income": NaN,
        "Net Income From Continuing And Discontinued Operation": NaN,
        "Total Expenses": NaN,
        "Total Operating Income As Reported": NaN,
        "Diluted Average Shares": 73169003.0,
        "Basic Average Shares": 73169003.0,
        "Diluted EPS": -0.17,
        "Basic EPS": -0.17,
        "Diluted NI Availto Com Stockholders": NaN,
        "Average Dilution Earnings": 0.0,
        "Net Income Common Stockholders": NaN,
        "Otherunder Preferred Stock Dividend": 0.0,
        "Net Income": NaN,
        "Net Income Including Noncontrolling Interests": NaN,
        "Net Income Continuous Operations": NaN,
        "Tax Provision": NaN,
        "Pretax Income": NaN,
        "Other Income Expense": NaN,
        "Gain On Sale Of Security": NaN,
        "Net Non Operating Interest Income Expense": NaN,
        "Total Other Finance Cost": -2077000.0,
        "Interest Income Non Operating": NaN,
        "Operating Income": NaN,
        "Operating Expense": NaN,
        "Research And Development": NaN,
        "Selling General And Administration": NaN,
        "Selling And Marketing Expense": NaN,
        "General And Administrative Expense": NaN,
        "Other Gand A": NaN,
        "Gross Profit": NaN,
        "Cost Of Revenue": NaN,
        "Total Revenue": NaN,
        "Operating Revenue": NaN
    },
    "2023-09-30": {
        "Tax Effect Of Unusual Items": NaN,
        "Tax Rate For Calcs": NaN,
        "Normalized EBITDA": NaN,
        "Total Unusual Items": NaN,
        "Total Unusual Items Excluding Goodwill": NaN,
        "Net Income From Continuing Operation Net Minority Interest": NaN,
        "Reconciled Depreciation": NaN,
        "Reconciled Cost Of Revenue": NaN,
        "EBITDA": NaN,
        "EBIT": NaN,
        "Net Interest Income": NaN,
        "Interest Income": NaN,
        "Normalized Income": NaN,
        "Net Income From Continuing And Discontinued Operation": NaN,
        "Total Expenses": NaN,
        "Total Operating Income As Reported": NaN,
        "Diluted Average Shares": NaN,
        "Basic Average Shares": NaN,
        "Diluted EPS": NaN,
        "Basic EPS": NaN,
        "Diluted NI Availto Com Stockholders": NaN,
        "Average Dilution Earnings": 2000.0,
        "Net Income Common Stockholders": NaN,
        "Otherunder Preferred Stock Dividend": 22000.0,
        "Net Income": NaN,
        "Net Income Including Noncontrolling Interests": NaN,
        "Net Income Continuous Operations": NaN,
        "Tax Provision": NaN,
        "Pretax Income": NaN,
        "Other Income Expense": NaN,
        "Gain On Sale Of Security": NaN,
        "Net Non Operating Interest Income Expense": NaN,
        "Interest Income Non Operating": NaN,
        "Operating Income": NaN,
        "Operating Expense": NaN,
        "Research And Development": NaN,
        "Selling General And Administration": NaN,
        "Selling And Marketing Expense": NaN,
        "General And Administrative Expense": NaN,
        "Other Gand A": NaN,
        "Gross Profit": NaN,
        "Cost Of Revenue": NaN,
        "Total Revenue": NaN,
        "Operating Revenue": NaN
    },
    "2023-12-31": {
        "Tax Effect Of Unusual Items": -46667.57236,
        "Tax Rate For Calcs": 0.029259,
        "Normalized EBITDA": -32232000.0,
        "Total Unusual Items": -1595000.0,
        "Total Unusual Items Excluding Goodwill": -1595000.0,
        "Net Income From Continuing Operation Net Minority Interest": -33941000.0,
        "Reconciled Depreciation": 1806000.0,
        "Reconciled Cost Of Revenue": 38468000.0,
        "EBITDA": -33827000.0,
        "EBIT": -35633000.0,
        "Net Interest Income": 2264000.0,
        "Interest Income": 2264000.0,
        "Normalized Income": -32392667.57236,
        "Net Income From Continuing And Discontinued Operation": -33941000.0,
        "Total Expenses": 83111000.0,
        "Total Operating Income As Reported": -35633000.0,
        "Diluted Average Shares": NaN,
        "Basic Average Shares": NaN,
        "Diluted EPS": NaN,
        "Basic EPS": NaN,
        "Diluted NI Availto Com Stockholders": -33941000.0,
        "Average Dilution Earnings": NaN,
        "Net Income Common Stockholders": -33941000.0,
        "Otherunder Preferred Stock Dividend": NaN,
        "Net Income": -33941000.0,
        "Net Income Including Noncontrolling Interests": -33941000.0,
        "Net Income Continuous Operations": -33941000.0,
        "Tax Provision": -1023000.0,
        "Pretax Income": -34964000.0,
        "Other Income Expense": -1595000.0,
        "Gain On Sale Of Security": -1595000.0,
        "Net Non Operating Interest Income Expense": 2264000.0,
        "Interest Income Non Operating": 2264000.0,
        "Operating Income": -35633000.0,
        "Operating Expense": 44643000.0,
        "Research And Development": 988000.0,
        "Selling General And Administration": 43655000.0,
        "Selling And Marketing Expense": 2413000.0,
        "General And Administrative Expense": 41242000.0,
        "Other Gand A": 41242000.0,
        "Gross Profit": 9010000.0,
        "Cost Of Revenue": 38468000.0,
        "Total Revenue": 47478000.0,
        "Operating Revenue": 47478000.0
    },
    "2024-03-31": {
        "Tax Effect Of Unusual Items": 67659.101436,
        "Tax Rate For Calcs": 0.019453,
        "Normalized EBITDA": -11752000.0,
        "Total Unusual Items": 3478000.0,
        "Total Unusual Items Excluding Goodwill": 3478000.0,
        "Net Income From Continuing Operation Net Minority Interest": -4234000.0,
        "Reconciled Depreciation": 1594000.0,
        "Reconciled Cost Of Revenue": 41375000.0,
        "EBITDA": -8274000.0,
        "EBIT": -9868000.0,
        "Net Interest Income": 2072000.0,
        "Interest Income": 2072000.0,
        "Normalized Income": -7644340.898564,
        "Net Income From Continuing And Discontinued Operation": -4234000.0,
        "Total Expenses": 61382000.0,
        "Total Operating Income As Reported": -9868000.0,
        "Diluted Average Shares": 75796411.0,
        "Basic Average Shares": 75796411.0,
        "Diluted EPS": -0.06,
        "Basic EPS": -0.06,
        "Diluted NI Availto Com Stockholders": -4234000.0,
        "Average Dilution Earnings": NaN,
        "Net Income Common Stockholders": -4234000.0,
        "Otherunder Preferred Stock Dividend": NaN,
        "Net Income": -4234000.0,
        "Net Income Including Noncontrolling Interests": -4234000.0,
        "Net Income Continuous Operations": -4234000.0,
        "Tax Provision": -84000.0,
        "Pretax Income": -4318000.0,
        "Other Income Expense": 3478000.0,
        "Gain On Sale Of Security": 3478000.0,
        "Net Non Operating Interest Income Expense": 2072000.0,
        "Interest Income Non Operating": 2072000.0,
        "Operating Income": -9868000.0,
        "Operating Expense": 20007000.0,
        "Research And Development": 670000.0,
        "Selling General And Administration": 19337000.0,
        "Selling And Marketing Expense": 2128000.0,
        "General And Administrative Expense": 17209000.0,
        "Other Gand A": 17209000.0,
        "Gross Profit": 10139000.0,
        "Cost Of Revenue": 41375000.0,
        "Total Revenue": 51514000.0,
        "Operating Revenue": 51514000.0
    },
    "2024-06-30": {
        "Tax Effect Of Unusual Items": -191730.0,
        "Tax Rate For Calcs": 0.21,
        "Normalized EBITDA": -9677000.0,
        "Total Unusual Items": -913000.0,
        "Total Unusual Items Excluding Goodwill": -913000.0,
        "Net Income From Continuing Operation Net Minority Interest": -11326000.0,
        "Reconciled Depreciation": 1559000.0,
        "Reconciled Cost Of Revenue": 51591000.0,
        "EBITDA": -10590000.0,
        "EBIT": -12149000.0,
        "Net Interest Income": 1788000.0,
        "Interest Income": 1788000.0,
        "Normalized Income": -10604730.0,
        "Net Income From Continuing And Discontinued Operation": -11326000.0,
        "Total Expenses": 80094000.0,
        "Total Operating Income As Reported": -12149000.0,
        "Diluted Average Shares": 77603604.0,
        "Basic Average Shares": 77603604.0,
        "Diluted EPS": -0.15,
        "Basic EPS": -0.15,
        "Diluted NI Availto Com Stockholders": -11326000.0,
        "Average Dilution Earnings": NaN,
        "Net Income Common Stockholders": -11326000.0,
        "Otherunder Preferred Stock Dividend": NaN,
        "Net Income": -11326000.0,
        "Net Income Including Noncontrolling Interests": -11326000.0,
        "Net Income Continuous Operations": -11326000.0,
        "Tax Provision": 52000.0,
        "Pretax Income": -11274000.0,
        "Other Income Expense": -913000.0,
        "Gain On Sale Of Security": -913000.0,
        "Net Non Operating Interest Income Expense": 1788000.0,
        "Interest Income Non Operating": 1788000.0,
        "Operating Income": -12149000.0,
        "Operating Expense": 28503000.0,
        "Research And Development": 971000.0,
        "Selling General And Administration": 27532000.0,
        "Selling And Marketing Expense": 2396000.0,
        "General And Administrative Expense": 25136000.0,
        "Other Gand A": 25136000.0,
        "Gross Profit": 16354000.0,
        "Cost Of Revenue": 51591000.0,
        "Total Revenue": 67945000.0,
        "Operating Revenue": 67945000.0
    },
    "2024-09-30": {
        "Tax Effect Of Unusual Items": -17027.992278,
        "Tax Rate For Calcs": 0.05695,
        "Normalized EBITDA": -1959000.0,
        "Total Unusual Items": -299000.0,
        "Total Unusual Items Excluding Goodwill": -299000.0,
        "Net Income From Continuing Operation Net Minority Interest": -1954000.0,
        "Reconciled Depreciation": 1279000.0,
        "Reconciled Cost Of Revenue": 55040000.0,
        "EBITDA": -2258000.0,
        "EBIT": -3537000.0,
        "Net Interest Income": 1764000.0,
        "Interest Income": 1764000.0,
        "Normalized Income": -1672027.992278,
        "Net Income From Continuing And Discontinued Operation": -1954000.0,
        "Total Expenses": 78414000.0,
        "Total Operating Income As Reported": -3537000.0,
        "Diluted Average Shares": 78044254.0,
        "Basic Average Shares": 78044254.0,
        "Diluted EPS": -0.03,
        "Basic EPS": -0.03,
        "Diluted NI Availto Com Stockholders": -1954000.0,
        "Average Dilution Earnings": 0.0,
        "Net Income Common Stockholders": -1954000.0,
        "Otherunder Preferred Stock Dividend": 0.0,
        "Net Income": -1954000.0,
        "Net Income Including Noncontrolling Interests": -1954000.0,
        "Net Income Continuous Operations": -1954000.0,
        "Tax Provision": -118000.0,
        "Pretax Income": -2072000.0,
        "Other Income Expense": -299000.0,
        "Gain On Sale Of Security": -299000.0,
        "Net Non Operating Interest Income Expense": 1764000.0,
        "Interest Income Non Operating": 1764000.0,
        "Operating Income": -3537000.0,
        "Operating Expense": 23374000.0,
        "Research And Development": 800000.0,
        "Selling General And Administration": 22574000.0,
        "Selling And Marketing Expense": 2162000.0,
        "General And Administrative Expense": 20412000.0,
        "Other Gand A": 20412000.0,
        "Gross Profit": 19837000.0,
        "Cost Of Revenue": 55040000.0,
        "Total Revenue": 74877000.0,
        "Operating Revenue": 74877000.0
    },
    "2024-12-31": {
        "Tax Effect Of Unusual Items": -33055.162659,
        "Tax Rate For Calcs": 0.010608,
        "Normalized EBITDA": -3726000.0,
        "Total Unusual Items": -3116000.0,
        "Total Unusual Items Excluding Goodwill": -3116000.0,
        "Net Income From Continuing Operation Net Minority Interest": -9793000.0,
        "Reconciled Depreciation": 1530000.0,
        "Reconciled Cost Of Revenue": 41768000.0,
        "EBITDA": -6842000.0,
        "EBIT": -8372000.0,
        "Net Interest Income": 1590000.0,
        "Interest Income": 1590000.0,
        "Normalized Income": -6710055.162659,
        "Net Income From Continuing And Discontinued Operation": -9793000.0,
        "Total Expenses": 62729000.0,
        "Total Operating Income As Reported": -8372000.0,
        "Diluted Average Shares": 79419028.0,
        "Basic Average Shares": 79419028.0,
        "Diluted EPS": -0.123308,
        "Basic EPS": -0.123308,
        "Diluted NI Availto Com Stockholders": -9793000.0,
        "Average Dilution Earnings": NaN,
        "Net Income Common Stockholders": -9793000.0,
        "Otherunder Preferred Stock Dividend": NaN,
        "Net Income": -9793000.0,
        "Net Income Including Noncontrolling Interests": -9793000.0,
        "Net Income Continuous Operations": -9793000.0,
        "Tax Provision": -105000.0,
        "Pretax Income": -9898000.0,
        "Other Income Expense": -3116000.0,
        "Gain On Sale Of Security": -3116000.0,
        "Net Non Operating Interest Income Expense": 1590000.0,
        "Interest Income Non Operating": 1590000.0,
        "Operating Income": -8372000.0,
        "Operating Expense": 20961000.0,
        "Research And Development": 743000.0,
        "Selling General And Administration": 20218000.0,
        "Selling And Marketing Expense": 1264000.0,
        "General And Administrative Expense": 18954000.0,
        "Other Gand A": 18954000.0,
        "Gross Profit": 12589000.0,
        "Cost Of Revenue": 41768000.0,
        "Total Revenue": 54357000.0,
        "Operating Revenue": 54357000.0
    },
    "2025-03-31": {
        "Tax Effect Of Unusual Items": 13328.774929,
        "Tax Rate For Calcs": 0.004843,
        "Normalized EBITDA": -8638000.0,
        "Total Unusual Items": 2752000.0,
        "Total Unusual Items Excluding Goodwill": 2752000.0,
        "Net Income From Continuing Operation Net Minority Interest": -3493000.0,
        "Reconciled Depreciation": 1697000.0,
        "Reconciled Cost Of Revenue": 42328000.0,
        "EBITDA": -5886000.0,
        "EBIT": -7583000.0,
        "Net Interest Income": 1321000.0,
        "Interest Income": 1321000.0,
        "Normalized Income": -6231671.225071,
        "Net Income From Continuing And Discontinued Operation": -3493000.0,
        "Total Expenses": 61889000.0,
        "Total Operating Income As Reported": -7583000.0,
        "Diluted Average Shares": 79891829.0,
        "Basic Average Shares": 79891829.0,
        "Diluted EPS": -0.04,
        "Basic EPS": -0.04,
        "Diluted NI Availto Com Stockholders": -3493000.0,
        "Average Dilution Earnings": NaN,
        "Net Income Common Stockholders": -3493000.0,
        "Otherunder Preferred Stock Dividend": NaN,
        "Net Income": -3493000.0,
        "Net Income Including Noncontrolling Interests": -3493000.0,
        "Net Income Continuous Operations": -3493000.0,
        "Tax Provision": -17000.0,
        "Pretax Income": -3510000.0,
        "Other Income Expense": 2752000.0,
        "Gain On Sale Of Security": 2752000.0,
        "Net Non Operating Interest Income Expense": 1321000.0,
        "Interest Income Non Operating": 1321000.0,
        "Operating Income": -7583000.0,
        "Operating Expense": 19561000.0,
        "Research And Development": 812000.0,
        "Selling General And Administration": 18749000.0,
        "Selling And Marketing Expense": 1435000.0,
        "General And Administrative Expense": 17314000.0,
        "Other Gand A": 17314000.0,
        "Gross Profit": 11978000.0,
        "Cost Of Revenue": 42328000.0,
        "Total Revenue": 54306000.0,
        "Operating Revenue": 54306000.0
    },
    "2025-06-30": {
        "Tax Effect Of Unusual Items": 16170.0,
        "Tax Rate For Calcs": 0.21,
        "Normalized EBITDA": -3255000.0,
        "Total Unusual Items": 77000.0,
        "Total Unusual Items Excluding Goodwill": 77000.0,
        "Net Income From Continuing Operation Net Minority Interest": -3743000.0,
        "Reconciled Depreciation": 1776000.0,
        "Reconciled Cost Of Revenue": 53064000.0,
        "EBITDA": -3178000.0,
        "EBIT": -4954000.0,
        "Net Interest Income": 1155000.0,
        "Interest Income": 1155000.0,
        "Normalized Income": -3803830.0,
        "Net Income From Continuing And Discontinued Operation": -3743000.0,
        "Total Expenses": 75755000.0,
        "Total Operating Income As Reported": -4954000.0,
        "Diluted Average Shares": 81297402.0,
        "Basic Average Shares": 81297402.0,
        "Diluted EPS": -0.05,
        "Basic EPS": -0.05,
        "Diluted NI Availto Com Stockholders": -3743000.0,
        "Average Dilution Earnings": NaN,
        "Net Income Common Stockholders": -3743000.0,
        "Otherunder Preferred Stock Dividend": NaN,
        "Net Income": -3743000.0,
        "Net Income Including Noncontrolling Interests": -3743000.0,
        "Net Income Continuous Operations": -3743000.0,
        "Tax Provision": 21000.0,
        "Pretax Income": -3722000.0,
        "Other Income Expense": 77000.0,
        "Gain On Sale Of Security": 77000.0,
        "Net Non Operating Interest Income Expense": 1155000.0,
        "Interest Income Non Operating": 1155000.0,
        "Operating Income": -4954000.0,
        "Operating Expense": 22691000.0,
        "Research And Development": 915000.0,
        "Selling General And Administration": 21776000.0,
        "Selling And Marketing Expense": 1634000.0,
        "General And Administrative Expense": 20142000.0,
        "Other Gand A": 20142000.0,
        "Gross Profit": 17737000.0,
        "Cost Of Revenue": 53064000.0,
        "Total Revenue": 70801000.0,
        "Operating Revenue": 70801000.0
    }
}