{
    "2023-03-31": {
        "Tax Effect Of Unusual Items": NaN,
        "Tax Rate For Calcs": NaN,
        "Normalized EBITDA": NaN,
        "Total Unusual Items": NaN,
        "Total Unusual Items Excluding Goodwill": NaN,
        "Net Income From Continuing Operation Net Minority Interest": NaN,
        "Reconciled Depreciation": NaN,
        "Reconciled Cost Of Revenue": NaN,
        "EBITDA": NaN,
        "EBIT": NaN,
        "Net Interest Income": NaN,
        "Interest Expense": 411000.0,
        "Normalized Income": NaN,
        "Net Income From Continuing And Discontinued Operation": NaN,
        "Total Expenses": NaN,
        "Total Operating Income As Reported": NaN,
        "Diluted Average Shares": 43027612.0,
        "Basic Average Shares": 43027612.0,
        "Diluted EPS": -0.32,
        "Basic EPS": -0.32,
        "Diluted NI Availto Com Stockholders": NaN,
        "Net Income Common Stockholders": NaN,
        "Net Income": NaN,
        "Net Income Including Noncontrolling Interests": NaN,
        "Net Income Discontinuous Operations": NaN,
        "Net Income Continuous Operations": NaN,
        "Tax Provision": NaN,
        "Pretax Income": NaN,
        "Other Income Expense": NaN,
        "Other Non Operating Income Expenses": NaN,
        "Special Income Charges": NaN,
        "Impairment Of Capital Assets": NaN,
        "Restructuring And Mergern Acquisition": NaN,
        "Gain On Sale Of Security": NaN,
        "Net Non Operating Interest Income Expense": NaN,
        "Interest Expense Non Operating": 411000.0,
        "Operating Income": NaN,
        "Operating Expense": NaN,
        "Depreciation Amortization Depletion Income Statement": NaN,
        "Depreciation And Amortization In Income Statement": NaN,
        "Amortization": NaN,
        "Amortization Of Intangibles Income Statement": NaN,
        "Research And Development": NaN,
        "Selling General And Administration": NaN,
        "Selling And Marketing Expense": NaN,
        "General And Administrative Expense": NaN,
        "Other Gand A": NaN,
        "Gross Profit": NaN,
        "Cost Of Revenue": NaN,
        "Total Revenue": NaN,
        "Operating Revenue": NaN
    },
    "2022-12-31": {
        "Tax Effect Of Unusual Items": NaN,
        "Tax Rate For Calcs": NaN,
        "Normalized EBITDA": NaN,
        "Total Unusual Items": NaN,
        "Total Unusual Items Excluding Goodwill": NaN,
        "Net Income From Continuing Operation Net Minority Interest": NaN,
        "Reconciled Depreciation": NaN,
        "Reconciled Cost Of Revenue": NaN,
        "EBITDA": NaN,
        "EBIT": NaN,
        "Net Interest Income": NaN,
        "Interest Expense": NaN,
        "Normalized Income": NaN,
        "Net Income From Continuing And Discontinued Operation": NaN,
        "Total Expenses": NaN,
        "Total Operating Income As Reported": NaN,
        "Diluted Average Shares": NaN,
        "Basic Average Shares": NaN,
        "Diluted EPS": NaN,
        "Basic EPS": NaN,
        "Diluted NI Availto Com Stockholders": NaN,
        "Net Income Common Stockholders": NaN,
        "Otherunder Preferred Stock Dividend": 0.0,
        "Net Income": NaN,
        "Net Income Including Noncontrolling Interests": NaN,
        "Net Income Discontinuous Operations": NaN,
        "Net Income Continuous Operations": NaN,
        "Tax Provision": NaN,
        "Pretax Income": NaN,
        "Other Income Expense": NaN,
        "Other Non Operating Income Expenses": NaN,
        "Special Income Charges": NaN,
        "Impairment Of Capital Assets": 40464000.0,
        "Restructuring And Mergern Acquisition": NaN,
        "Gain On Sale Of Security": 0.0,
        "Net Non Operating Interest Income Expense": NaN,
        "Total Other Finance Cost": 506000.0,
        "Interest Expense Non Operating": NaN,
        "Operating Income": NaN,
        "Operating Expense": NaN,
        "Depreciation Amortization Depletion Income Statement": NaN,
        "Depreciation And Amortization In Income Statement": NaN,
        "Amortization": NaN,
        "Amortization Of Intangibles Income Statement": NaN,
        "Research And Development": NaN,
        "Selling General And Administration": NaN,
        "Selling And Marketing Expense": NaN,
        "General And Administrative Expense": NaN,
        "Other Gand A": NaN,
        "Gross Profit": NaN,
        "Cost Of Revenue": NaN,
        "Total Revenue": NaN,
        "Operating Revenue": NaN
    },
    "2022-09-30": {
        "Tax Effect Of Unusual Items": NaN,
        "Tax Rate For Calcs": NaN,
        "Normalized EBITDA": NaN,
        "Total Unusual Items": NaN,
        "Total Unusual Items Excluding Goodwill": NaN,
        "Net Income From Continuing Operation Net Minority Interest": NaN,
        "Reconciled Depreciation": NaN,
        "Reconciled Cost Of Revenue": NaN,
        "EBITDA": NaN,
        "EBIT": NaN,
        "Net Interest Income": NaN,
        "Interest Expense": 15000.0,
        "Normalized Income": NaN,
        "Net Income From Continuing And Discontinued Operation": NaN,
        "Total Expenses": NaN,
        "Total Operating Income As Reported": NaN,
        "Diluted Average Shares": NaN,
        "Basic Average Shares": NaN,
        "Diluted EPS": NaN,
        "Basic EPS": NaN,
        "Diluted NI Availto Com Stockholders": NaN,
        "Net Income Common Stockholders": NaN,
        "Otherunder Preferred Stock Dividend": 0.0,
        "Net Income": NaN,
        "Net Income Including Noncontrolling Interests": NaN,
        "Net Income Continuous Operations": NaN,
        "Tax Provision": NaN,
        "Pretax Income": NaN,
        "Other Income Expense": NaN,
        "Other Non Operating Income Expenses": NaN,
        "Special Income Charges": NaN,
        "Impairment Of Capital Assets": 0.0,
        "Restructuring And Mergern Acquisition": NaN,
        "Gain On Sale Of Security": 697000.0,
        "Net Non Operating Interest Income Expense": NaN,
        "Total Other Finance Cost": -10000.0,
        "Interest Expense Non Operating": 15000.0,
        "Operating Income": NaN,
        "Operating Expense": NaN,
        "Depreciation Amortization Depletion Income Statement": NaN,
        "Depreciation And Amortization In Income Statement": NaN,
        "Amortization": NaN,
        "Amortization Of Intangibles Income Statement": NaN,
        "Research And Development": NaN,
        "Selling General And Administration": NaN,
        "Selling And Marketing Expense": NaN,
        "General And Administrative Expense": NaN,
        "Other Gand A": NaN,
        "Gross Profit": NaN,
        "Cost Of Revenue": NaN,
        "Total Revenue": NaN,
        "Operating Revenue": NaN
    },
    "2022-06-30": {
        "Tax Effect Of Unusual Items": -3310225.26313,
        "Tax Rate For Calcs": 0.049008,
        "Normalized EBITDA": -4274000.0,
        "Total Unusual Items": -67544000.0,
        "Total Unusual Items Excluding Goodwill": -67544000.0,
        "Net Income From Continuing Operation Net Minority Interest": -72554000.0,
        "Reconciled Depreciation": 4466000.0,
        "Reconciled Cost Of Revenue": 24591000.0,
        "EBITDA": -71818000.0,
        "EBIT": -76284000.0,
        "Net Interest Income": -9000.0,
        "Interest Expense": 9000.0,
        "Normalized Income": -8320225.26313,
        "Net Income From Continuing And Discontinued Operation": -72554000.0,
        "Total Expenses": 49251000.0,
        "Total Operating Income As Reported": -76262000.0,
        "Diluted Average Shares": 42460189.0,
        "Basic Average Shares": 42460189.0,
        "Diluted EPS": -1.72,
        "Basic EPS": -1.72,
        "Diluted NI Availto Com Stockholders": -72554000.0,
        "Average Dilution Earnings": 0.0,
        "Net Income Common Stockholders": -72554000.0,
        "Otherunder Preferred Stock Dividend": NaN,
        "Net Income": -72554000.0,
        "Net Income Including Noncontrolling Interests": -72554000.0,
        "Net Income Continuous Operations": -72554000.0,
        "Tax Provision": -3739000.0,
        "Pretax Income": -76293000.0,
        "Other Income Expense": -67566000.0,
        "Other Non Operating Income Expenses": -22000.0,
        "Special Income Charges": -67544000.0,
        "Impairment Of Capital Assets": 69900000.0,
        "Restructuring And Mergern Acquisition": -2356000.0,
        "Gain On Sale Of Security": NaN,
        "Net Non Operating Interest Income Expense": -9000.0,
        "Total Other Finance Cost": NaN,
        "Interest Expense Non Operating": 9000.0,
        "Operating Income": -8718000.0,
        "Operating Expense": 23057000.0,
        "Depreciation Amortization Depletion Income Statement": 2863000.0,
        "Depreciation And Amortization In Income Statement": 2863000.0,
        "Amortization": 2863000.0,
        "Amortization Of Intangibles Income Statement": 2863000.0,
        "Research And Development": 3428000.0,
        "Selling General And Administration": 16766000.0,
        "Selling And Marketing Expense": 5415000.0,
        "General And Administrative Expense": 11351000.0,
        "Other Gand A": 11351000.0,
        "Gross Profit": 14339000.0,
        "Cost Of Revenue": 26194000.0,
        "Total Revenue": 40533000.0,
        "Operating Revenue": 40533000.0
    },
    "2022-03-31": {
        "Diluted EPS": -0.18,
        "Total Revenue": 36,
        "Gross Profit": 12,
        "Operating Income": -8,
        "EBIT": -3,
        "Net Income": -7
    },
    "2021-12-31": {
        "Diluted EPS": -0.39,
        "Total Revenue": 37,
        "Gross Profit": 6,
        "Operating Income": -18,
        "EBIT": -14,
        "Net Income": -16
    },
    "2021-09-30": {
        "Diluted EPS": 0.0,
        "Total Revenue": 34,
        "Gross Profit": 9,
        "Operating Income": -11,
        "EBIT": -7,
        "Net Income": 0
    },
    "2021-06-30": {
        "Diluted EPS": 0.19,
        "Total Revenue": 31,
        "Gross Profit": 13,
        "Operating Income": -5,
        "EBIT": -2,
        "Net Income": 8
    },
    "2021-03-31": {
        "Diluted EPS": -0.03,
        "Total Revenue": 17,
        "Gross Profit": 9,
        "Operating Income": -1,
        "EBIT": 1,
        "Net Income": -1
    },
    "2020-12-31": {
        "Diluted EPS": 0.69,
        "Total Revenue": 15,
        "Gross Profit": 8,
        "Operating Income": -5,
        "EBIT": -4,
        "Net Income": 1
    },
    "2020-09-30": {
        "Diluted EPS": -0.04,
        "Total Revenue": 11,
        "Gross Profit": 6,
        "Operating Income": -1,
        "EBIT": 0,
        "Net Income": -1
    },
    "2020-06-30": {
        "Diluted EPS": -0.7,
        "Total Revenue": 10,
        "Gross Profit": 5,
        "Operating Income": 0,
        "EBIT": 1,
        "Net Income": -16
    },
    "2020-03-31": {
        "Diluted EPS": -0.01,
        "Total Revenue": 12,
        "Gross Profit": 8,
        "Operating Income": 0,
        "EBIT": 1,
        "Net Income": 18
    },
    "2019-12-31": {
        "Diluted EPS": 0.57,
        "Total Revenue": 8,
        "Gross Profit": 5,
        "Operating Income": -1,
        "EBIT": 0,
        "Net Income": 3
    },
    "2019-09-30": {
        "Diluted EPS": 0.35,
        "Total Revenue": 7,
        "Gross Profit": 5,
        "Operating Income": -1,
        "EBIT": 0,
        "Net Income": 10
    },
    "2019-06-30": {
        "Diluted EPS": 0.02,
        "Total Revenue": 7,
        "Gross Profit": 5,
        "Operating Income": 1,
        "EBIT": 1,
        "Net Income": 4
    },
    "2019-03-31": {
        "Diluted EPS": -1.03,
        "Total Revenue": 6,
        "Gross Profit": 4,
        "Operating Income": 1,
        "EBIT": 1,
        "Net Income": -19
    },
    "2018-12-31": {
        "Diluted EPS": -1.65,
        "Total Revenue": 5,
        "Gross Profit": 4,
        "Operating Income": 1,
        "EBIT": 1,
        "Net Income": -27
    },
    "2018-09-30": {
        "Diluted EPS": 0.05,
        "Total Revenue": 5,
        "Gross Profit": 4,
        "Operating Income": 1,
        "EBIT": 1,
        "Net Income": 1
    },
    "2018-06-30": {
        "Diluted EPS": 0.05,
        "Total Revenue": 5,
        "Gross Profit": 4,
        "Operating Income": 1,
        "EBIT": 1,
        "Net Income": 1
    },
    "2018-03-31": {
        "Diluted EPS": -0.01,
        "Total Revenue": 4,
        "Gross Profit": 2,
        "Operating Income": 0,
        "EBIT": 0,
        "Net Income": 0
    },
    "2017-12-31": {
        "Diluted EPS": -0.05,
        "Total Revenue": 3,
        "Gross Profit": 2,
        "Operating Income": 0,
        "EBIT": 0,
        "Net Income": -1
    },
    "2017-09-30": {
        "Diluted EPS": -0.03,
        "Total Revenue": 3,
        "Gross Profit": 2,
        "Operating Income": 0,
        "EBIT": 0,
        "Net Income": 0
    },
    "2017-06-30": {
        "Diluted EPS": -0.06,
        "Total Revenue": 3,
        "Gross Profit": 2,
        "Operating Income": 0,
        "EBIT": 0,
        "Net Income": -1
    },
    "2017-03-31": {
        "Diluted EPS": -0.07,
        "Total Revenue": 2,
        "Gross Profit": 1,
        "Operating Income": 0,
        "EBIT": 0,
        "Net Income": -1
    },
    "2016-12-31": {
        "Diluted EPS": -0.25,
        "Total Revenue": 2,
        "Gross Profit": 1,
        "Operating Income": -1,
        "EBIT": 0,
        "Net Income": -3
    },
    "2016-09-30": {
        "Diluted EPS": -0.08,
        "Total Revenue": 2,
        "Gross Profit": 1,
        "Operating Income": -1,
        "EBIT": -1,
        "Net Income": -1
    },
    "2016-06-30": {
        "Diluted EPS": -0.11,
        "Total Revenue": 2,
        "Gross Profit": 1,
        "Operating Income": -2,
        "EBIT": -1,
        "Net Income": -1
    },
    "2016-03-31": {
        "Diluted EPS": -0.1,
        "Total Revenue": 2,
        "Gross Profit": 1,
        "Operating Income": -1,
        "EBIT": -1,
        "Net Income": -1
    },
    "2015-12-31": {
        "Diluted EPS": -0.09,
        "Total Revenue": 2,
        "Gross Profit": 1,
        "Operating Income": -1,
        "EBIT": -1,
        "Net Income": -1
    },
    "2015-09-30": {
        "Diluted EPS": -0.09,
        "Total Revenue": 2,
        "Gross Profit": 1,
        "Operating Income": -1,
        "EBIT": -1,
        "Net Income": -1
    },
    "2015-06-30": {
        "Diluted EPS": -0.08,
        "Total Revenue": 1,
        "Gross Profit": 1,
        "Operating Income": -1,
        "EBIT": -1,
        "Net Income": -1
    },
    "2015-03-31": {
        "Diluted EPS": -0.09,
        "Total Revenue": 2,
        "Gross Profit": 1,
        "Operating Income": -1,
        "EBIT": -1,
        "Net Income": -1
    },
    "2014-12-31": {
        "Diluted EPS": -0.07,
        "Total Revenue": 2,
        "Gross Profit": 1,
        "Operating Income": -1,
        "EBIT": -1,
        "Net Income": -1
    },
    "2014-09-30": {
        "Diluted EPS": -0.07,
        "Total Revenue": 1,
        "Gross Profit": 1,
        "Operating Income": -1,
        "EBIT": -1,
        "Net Income": -1
    },
    "2014-06-30": {
        "Diluted EPS": -0.07,
        "Total Revenue": 1,
        "Gross Profit": 1,
        "Operating Income": -1,
        "EBIT": -1,
        "Net Income": -1
    },
    "2014-03-31": {
        "Diluted EPS": -0.1,
        "Total Revenue": 2,
        "Gross Profit": 1,
        "Operating Income": 0,
        "EBIT": 0,
        "Net Income": -1
    },
    "2013-12-31": {
        "Diluted EPS": -0.1,
        "Total Revenue": 2,
        "Gross Profit": 1,
        "Operating Income": 0,
        "EBIT": 0,
        "Net Income": 0
    },
    "2013-09-30": {
        "Diluted EPS": -0.06,
        "Total Revenue": 2,
        "Gross Profit": 1,
        "Operating Income": 0,
        "EBIT": 0,
        "Net Income": 0
    },
    "2013-06-30": {
        "Diluted EPS": -0.06,
        "Total Revenue": 2,
        "Gross Profit": 1,
        "Operating Income": 0,
        "EBIT": 0,
        "Net Income": 0
    },
    "2013-03-31": {
        "Diluted EPS": 0.0,
        "Total Revenue": 2,
        "Gross Profit": 1,
        "Operating Income": 0,
        "EBIT": 0,
        "Net Income": 0
    },
    "2012-12-31": {
        "Diluted EPS": -0.05,
        "Total Revenue": 2,
        "Gross Profit": 1,
        "Operating Income": 0,
        "EBIT": 0,
        "Net Income": -1
    },
    "2012-09-30": {
        "Diluted EPS": -0.14,
        "Total Revenue": 2,
        "Gross Profit": 1,
        "Operating Income": 0,
        "EBIT": 0,
        "Net Income": 0
    },
    "2012-06-30": {
        "Diluted EPS": -0.14,
        "Total Revenue": 1,
        "Gross Profit": 0,
        "Operating Income": 0,
        "EBIT": 0,
        "Net Income": 0
    },
    "2012-03-31": {
        "Diluted EPS": 0.0,
        "Total Revenue": 1,
        "Gross Profit": 0,
        "Operating Income": 0,
        "EBIT": 0,
        "Net Income": 0
    },
    "2011-12-31": {
        "Diluted EPS": 0.0,
        "Total Revenue": 1,
        "Gross Profit": 0,
        "Operating Income": 0,
        "EBIT": 0,
        "Net Income": 0
    },
    "2011-09-30": {
        "Diluted EPS": -0.14,
        "Total Revenue": 1,
        "Gross Profit": 0,
        "Operating Income": 0,
        "EBIT": 0,
        "Net Income": 0
    },
    "2011-06-30": {
        "Diluted EPS": -0.14,
        "Total Revenue": 1,
        "Gross Profit": 0,
        "Operating Income": 0,
        "EBIT": 0,
        "Net Income": 0
    },
    "2011-03-31": {
        "Diluted EPS": -0.14,
        "Total Revenue": 1,
        "Gross Profit": 0,
        "Operating Income": 0,
        "EBIT": 0,
        "Net Income": -1
    },
    "2010-12-31": {
        "Diluted EPS": 0.0,
        "Total Revenue": 1,
        "Gross Profit": 0,
        "Operating Income": 0,
        "EBIT": 0,
        "Net Income": 0
    },
    "2010-09-30": {
        "Diluted EPS": -0.14,
        "Total Revenue": 1,
        "Gross Profit": 0,
        "Operating Income": 0,
        "EBIT": 0,
        "Net Income": 0
    },
    "2010-06-30": {
        "Diluted EPS": -0.14,
        "Total Revenue": 0,
        "Gross Profit": 0,
        "Operating Income": 0,
        "EBIT": 0,
        "Net Income": -1
    },
    "2010-03-31": {
        "Diluted EPS": -0.14,
        "Total Revenue": 1,
        "Gross Profit": 0,
        "Operating Income": 0,
        "EBIT": 0,
        "Net Income": -1
    },
    "2009-12-31": {
        "Diluted EPS": -0.14,
        "Total Revenue": 0,
        "Gross Profit": 0,
        "Operating Income": 0,
        "EBIT": 0,
        "Net Income": 0
    },
    "2009-09-30": {
        "Diluted EPS": -0.14,
        "Total Revenue": 0,
        "Gross Profit": 0,
        "Operating Income": 0,
        "EBIT": 0,
        "Net Income": -1
    },
    "2009-06-30": {
        "Diluted EPS": -0.14,
        "Total Revenue": 0,
        "Gross Profit": 0,
        "Operating Income": -1,
        "EBIT": -1,
        "Net Income": -1
    },
    "2009-03-31": {
        "Diluted EPS": -0.14,
        "Total Revenue": 0,
        "Gross Profit": 0,
        "Operating Income": -1,
        "EBIT": -1,
        "Net Income": -1
    },
    "2023-06-30": {
        "Tax Effect Of Unusual Items": NaN,
        "Tax Rate For Calcs": NaN,
        "Normalized EBITDA": NaN,
        "Total Unusual Items": NaN,
        "Total Unusual Items Excluding Goodwill": NaN,
        "Net Income From Continuing Operation Net Minority Interest": NaN,
        "Reconciled Depreciation": NaN,
        "Reconciled Cost Of Revenue": NaN,
        "EBITDA": NaN,
        "EBIT": NaN,
        "Net Interest Income": NaN,
        "Interest Expense": 387000.0,
        "Normalized Income": NaN,
        "Net Income From Continuing And Discontinued Operation": NaN,
        "Total Expenses": NaN,
        "Total Operating Income As Reported": NaN,
        "Diluted Average Shares": 43441219.0,
        "Basic Average Shares": 43441219.0,
        "Diluted EPS": -0.23,
        "Basic EPS": -0.23,
        "Diluted NI Availto Com Stockholders": NaN,
        "Net Income Common Stockholders": NaN,
        "Net Income": NaN,
        "Net Income Including Noncontrolling Interests": NaN,
        "Net Income Discontinuous Operations": -4681000.0,
        "Net Income Continuous Operations": NaN,
        "Tax Provision": NaN,
        "Pretax Income": NaN,
        "Other Income Expense": NaN,
        "Other Non Operating Income Expenses": NaN,
        "Special Income Charges": NaN,
        "Impairment Of Capital Assets": 0.0,
        "Restructuring And Mergern Acquisition": NaN,
        "Gain On Sale Of Security": NaN,
        "Net Non Operating Interest Income Expense": NaN,
        "Interest Expense Non Operating": 387000.0,
        "Operating Income": NaN,
        "Operating Expense": NaN,
        "Depreciation Amortization Depletion Income Statement": NaN,
        "Depreciation And Amortization In Income Statement": NaN,
        "Amortization": NaN,
        "Amortization Of Intangibles Income Statement": NaN,
        "Research And Development": NaN,
        "Selling General And Administration": NaN,
        "Selling And Marketing Expense": NaN,
        "General And Administrative Expense": NaN,
        "Other Gand A": NaN,
        "Gross Profit": NaN,
        "Cost Of Revenue": NaN,
        "Total Revenue": NaN,
        "Operating Revenue": NaN
    },
    "2023-09-30": {
        "Tax Effect Of Unusual Items": NaN,
        "Tax Rate For Calcs": NaN,
        "Normalized EBITDA": NaN,
        "Total Unusual Items": NaN,
        "Total Unusual Items Excluding Goodwill": NaN,
        "Net Income From Continuing Operation Net Minority Interest": NaN,
        "Reconciled Depreciation": NaN,
        "Reconciled Cost Of Revenue": NaN,
        "EBITDA": NaN,
        "EBIT": NaN,
        "Net Interest Income": NaN,
        "Interest Expense": 449000.0,
        "Normalized Income": NaN,
        "Net Income From Continuing And Discontinued Operation": NaN,
        "Total Expenses": NaN,
        "Total Operating Income As Reported": NaN,
        "Diluted Average Shares": NaN,
        "Basic Average Shares": NaN,
        "Diluted EPS": NaN,
        "Basic EPS": NaN,
        "Diluted NI Availto Com Stockholders": NaN,
        "Net Income Common Stockholders": NaN,
        "Net Income": NaN,
        "Net Income Including Noncontrolling Interests": NaN,
        "Net Income Discontinuous Operations": NaN,
        "Net Income Continuous Operations": NaN,
        "Tax Provision": NaN,
        "Pretax Income": NaN,
        "Other Income Expense": NaN,
        "Other Non Operating Income Expenses": NaN,
        "Special Income Charges": NaN,
        "Impairment Of Capital Assets": 8310000.0,
        "Restructuring And Mergern Acquisition": NaN,
        "Gain On Sale Of Security": NaN,
        "Net Non Operating Interest Income Expense": NaN,
        "Total Other Finance Cost": NaN,
        "Interest Expense Non Operating": 449000.0,
        "Operating Income": NaN,
        "Operating Expense": NaN,
        "Depreciation Amortization Depletion Income Statement": NaN,
        "Depreciation And Amortization In Income Statement": NaN,
        "Amortization": NaN,
        "Amortization Of Intangibles Income Statement": NaN,
        "Research And Development": NaN,
        "Selling General And Administration": NaN,
        "Selling And Marketing Expense": NaN,
        "General And Administrative Expense": NaN,
        "Other Gand A": NaN,
        "Gross Profit": NaN,
        "Cost Of Revenue": NaN,
        "Total Revenue": NaN,
        "Operating Revenue": NaN
    },
    "2023-12-31": {
        "Tax Effect Of Unusual Items": NaN,
        "Tax Rate For Calcs": NaN,
        "Normalized EBITDA": NaN,
        "Total Unusual Items": 415000.0,
        "Total Unusual Items Excluding Goodwill": 415000.0,
        "Net Income From Continuing Operation Net Minority Interest": NaN,
        "Reconciled Depreciation": NaN,
        "Reconciled Cost Of Revenue": NaN,
        "EBITDA": NaN,
        "EBIT": NaN,
        "Net Interest Income": NaN,
        "Interest Expense": NaN,
        "Normalized Income": NaN,
        "Net Income From Continuing And Discontinued Operation": NaN,
        "Total Expenses": NaN,
        "Total Operating Income As Reported": NaN,
        "Diluted Average Shares": NaN,
        "Basic Average Shares": NaN,
        "Diluted EPS": NaN,
        "Basic EPS": NaN,
        "Diluted NI Availto Com Stockholders": NaN,
        "Net Income Common Stockholders": NaN,
        "Net Income": NaN,
        "Net Income Including Noncontrolling Interests": NaN,
        "Net Income Discontinuous Operations": NaN,
        "Net Income Continuous Operations": NaN,
        "Tax Provision": NaN,
        "Pretax Income": NaN,
        "Other Income Expense": NaN,
        "Other Non Operating Income Expenses": NaN,
        "Special Income Charges": 415000.0,
        "Impairment Of Capital Assets": 0.0,
        "Restructuring And Mergern Acquisition": -415000.0,
        "Gain On Sale Of Security": NaN,
        "Net Non Operating Interest Income Expense": NaN,
        "Total Other Finance Cost": NaN,
        "Interest Expense Non Operating": NaN,
        "Operating Income": NaN,
        "Operating Expense": NaN,
        "Depreciation Amortization Depletion Income Statement": NaN,
        "Depreciation And Amortization In Income Statement": NaN,
        "Amortization": NaN,
        "Amortization Of Intangibles Income Statement": NaN,
        "Research And Development": NaN,
        "Selling General And Administration": NaN,
        "Selling And Marketing Expense": NaN,
        "General And Administrative Expense": NaN,
        "Other Gand A": NaN,
        "Gross Profit": NaN,
        "Cost Of Revenue": NaN,
        "Total Revenue": NaN,
        "Operating Revenue": NaN
    },
    "2024-03-31": {
        "Tax Effect Of Unusual Items": NaN,
        "Tax Rate For Calcs": NaN,
        "Normalized EBITDA": NaN,
        "Total Unusual Items": -237000.0,
        "Total Unusual Items Excluding Goodwill": -237000.0,
        "Net Income From Continuing Operation Net Minority Interest": NaN,
        "Reconciled Depreciation": NaN,
        "Reconciled Cost Of Revenue": NaN,
        "EBITDA": NaN,
        "EBIT": NaN,
        "Net Interest Income": NaN,
        "Interest Expense": 207000.0,
        "Normalized Income": NaN,
        "Net Income From Continuing And Discontinued Operation": NaN,
        "Total Expenses": NaN,
        "Total Operating Income As Reported": NaN,
        "Diluted Average Shares": NaN,
        "Basic Average Shares": NaN,
        "Diluted EPS": NaN,
        "Basic EPS": NaN,
        "Diluted NI Availto Com Stockholders": NaN,
        "Net Income Common Stockholders": NaN,
        "Net Income": NaN,
        "Net Income Including Noncontrolling Interests": NaN,
        "Net Income Discontinuous Operations": NaN,
        "Net Income Continuous Operations": NaN,
        "Tax Provision": NaN,
        "Pretax Income": NaN,
        "Other Income Expense": NaN,
        "Other Non Operating Income Expenses": NaN,
        "Special Income Charges": -237000.0,
        "Impairment Of Capital Assets": NaN,
        "Restructuring And Mergern Acquisition": 237000.0,
        "Gain On Sale Of Security": NaN,
        "Net Non Operating Interest Income Expense": NaN,
        "Total Other Finance Cost": 140000.0,
        "Interest Expense Non Operating": 207000.0,
        "Operating Income": NaN,
        "Operating Expense": NaN,
        "Depreciation Amortization Depletion Income Statement": NaN,
        "Depreciation And Amortization In Income Statement": NaN,
        "Amortization": NaN,
        "Amortization Of Intangibles Income Statement": NaN,
        "Research And Development": NaN,
        "Selling General And Administration": NaN,
        "Selling And Marketing Expense": NaN,
        "General And Administrative Expense": NaN,
        "Other Gand A": NaN,
        "Gross Profit": NaN,
        "Cost Of Revenue": NaN,
        "Total Revenue": NaN,
        "Operating Revenue": NaN
    },
    "2024-06-30": {
        "Tax Effect Of Unusual Items": -855540.0,
        "Tax Rate For Calcs": 0.21,
        "Normalized EBITDA": 5130000.0,
        "Total Unusual Items": -4074000.0,
        "Total Unusual Items Excluding Goodwill": -4074000.0,
        "Net Income From Continuing Operation Net Minority Interest": -5560000.0,
        "Reconciled Depreciation": 2362000.0,
        "Reconciled Cost Of Revenue": 4829000.0,
        "EBITDA": 1056000.0,
        "EBIT": -1306000.0,
        "Net Interest Income": -325000.0,
        "Interest Expense": 361000.0,
        "Normalized Income": -2341540.0,
        "Net Income From Continuing And Discontinued Operation": -20719000.0,
        "Total Expenses": 21021000.0,
        "Total Operating Income As Reported": -1306000.0,
        "Diluted Average Shares": 46004037.0,
        "Basic Average Shares": 46004037.0,
        "Diluted EPS": -0.5,
        "Basic EPS": -0.5,
        "Diluted NI Availto Com Stockholders": -20719000.0,
        "Net Income Common Stockholders": -20719000.0,
        "Net Income": -20719000.0,
        "Net Income Including Noncontrolling Interests": -35878000.0,
        "Net Income Discontinuous Operations": -15159000.0,
        "Net Income Continuous Operations": -20719000.0,
        "Tax Provision": 1000.0,
        "Pretax Income": -5559000.0,
        "Other Income Expense": -3928000.0,
        "Other Non Operating Income Expenses": 146000.0,
        "Special Income Charges": 0.0,
        "Impairment Of Capital Assets": NaN,
        "Restructuring And Mergern Acquisition": 0.0,
        "Gain On Sale Of Security": -4074000.0,
        "Net Non Operating Interest Income Expense": -325000.0,
        "Total Other Finance Cost": 325000.0,
        "Interest Expense Non Operating": 361000.0,
        "Operating Income": -1306000.0,
        "Operating Expense": 14513000.0,
        "Depreciation Amortization Depletion Income Statement": 683000.0,
        "Depreciation And Amortization In Income Statement": 683000.0,
        "Amortization": 683000.0,
        "Amortization Of Intangibles Income Statement": 683000.0,
        "Research And Development": 2029000.0,
        "Selling General And Administration": 11801000.0,
        "Selling And Marketing Expense": 2483000.0,
        "General And Administrative Expense": 9318000.0,
        "Other Gand A": 9318000.0,
        "Gross Profit": 13207000.0,
        "Cost Of Revenue": 6508000.0,
        "Total Revenue": 19715000.0,
        "Operating Revenue": 19715000.0
    },
    "2024-09-30": {
        "Tax Effect Of Unusual Items": 0.0,
        "Tax Rate For Calcs": 0.016176,
        "Normalized EBITDA": 853000.0,
        "Total Unusual Items": 0.0,
        "Total Unusual Items Excluding Goodwill": 0.0,
        "Net Income From Continuing Operation Net Minority Interest": -1703000.0,
        "Reconciled Depreciation": 2317000.0,
        "Reconciled Cost Of Revenue": 12869000.0,
        "EBITDA": 853000.0,
        "EBIT": -1464000.0,
        "Net Interest Income": -267000.0,
        "Interest Expense": 267000.0,
        "Normalized Income": -1703000.0,
        "Net Income From Continuing And Discontinued Operation": -1703000.0,
        "Total Expenses": 32130000.0,
        "Total Operating Income As Reported": -1559000.0,
        "Diluted Average Shares": 46175345.0,
        "Basic Average Shares": 46175345.0,
        "Diluted EPS": -0.04,
        "Basic EPS": -0.04,
        "Diluted NI Availto Com Stockholders": -1703000.0,
        "Net Income Common Stockholders": -1703000.0,
        "Net Income": -1703000.0,
        "Net Income Including Noncontrolling Interests": -1703000.0,
        "Net Income Discontinuous Operations": 0.0,
        "Net Income Continuous Operations": -1703000.0,
        "Tax Provision": -28000.0,
        "Pretax Income": -1731000.0,
        "Other Income Expense": 95000.0,
        "Other Non Operating Income Expenses": 95000.0,
        "Special Income Charges": 0.0,
        "Impairment Of Capital Assets": 0.0,
        "Restructuring And Mergern Acquisition": 0.0,
        "Gain On Sale Of Security": NaN,
        "Net Non Operating Interest Income Expense": -267000.0,
        "Total Other Finance Cost": NaN,
        "Interest Expense Non Operating": 267000.0,
        "Operating Income": -1559000.0,
        "Operating Expense": 17854000.0,
        "Depreciation Amortization Depletion Income Statement": 910000.0,
        "Depreciation And Amortization In Income Statement": 910000.0,
        "Amortization": 910000.0,
        "Amortization Of Intangibles Income Statement": 910000.0,
        "Research And Development": 2050000.0,
        "Selling General And Administration": 14894000.0,
        "Selling And Marketing Expense": 3543000.0,
        "General And Administrative Expense": 11351000.0,
        "Other Gand A": 11351000.0,
        "Gross Profit": 16295000.0,
        "Cost Of Revenue": 14276000.0,
        "Total Revenue": 30571000.0,
        "Operating Revenue": 30571000.0
    },
    "2024-12-31": {
        "Tax Effect Of Unusual Items": 0.0,
        "Tax Rate For Calcs": 0.21,
        "Normalized EBITDA": 6747000.0,
        "Total Unusual Items": 0.0,
        "Total Unusual Items Excluding Goodwill": 0.0,
        "Net Income From Continuing Operation Net Minority Interest": 1674000.0,
        "Reconciled Depreciation": 1704000.0,
        "Reconciled Cost Of Revenue": -11695000.0,
        "EBITDA": 6747000.0,
        "EBIT": 5043000.0,
        "Net Interest Income": 77000.0,
        "Interest Expense": NaN,
        "Normalized Income": 1674000.0,
        "Net Income From Continuing And Discontinued Operation": 12459000.0,
        "Total Expenses": -4810000.0,
        "Total Operating Income As Reported": 1386000.0,
        "Diluted Average Shares": 48032700.0,
        "Basic Average Shares": 46648902.0,
        "Diluted EPS": 0.26,
        "Basic EPS": 0.27,
        "Diluted NI Availto Com Stockholders": 12459000.0,
        "Net Income Common Stockholders": 12459000.0,
        "Net Income": 12459000.0,
        "Net Income Including Noncontrolling Interests": 12459000.0,
        "Net Income Discontinuous Operations": 10785000.0,
        "Net Income Continuous Operations": 1674000.0,
        "Tax Provision": -131000.0,
        "Pretax Income": 1543000.0,
        "Other Income Expense": 80000.0,
        "Other Non Operating Income Expenses": 80000.0,
        "Special Income Charges": 0.0,
        "Impairment Of Capital Assets": NaN,
        "Restructuring And Mergern Acquisition": 0.0,
        "Gain On Sale Of Security": 0.0,
        "Net Non Operating Interest Income Expense": 77000.0,
        "Total Other Finance Cost": NaN,
        "Interest Expense Non Operating": NaN,
        "Operating Income": 1386000.0,
        "Operating Expense": 6885000.0,
        "Depreciation Amortization Depletion Income Statement": 3000.0,
        "Depreciation And Amortization In Income Statement": 3000.0,
        "Amortization": 3000.0,
        "Amortization Of Intangibles Income Statement": 3000.0,
        "Research And Development": 1085000.0,
        "Selling General And Administration": 5797000.0,
        "Selling And Marketing Expense": -791000.0,
        "General And Administrative Expense": 6588000.0,
        "Other Gand A": 6588000.0,
        "Gross Profit": 8271000.0,
        "Cost Of Revenue": -11695000.0,
        "Total Revenue": -3424000.0,
        "Operating Revenue": -3424000.0
    },
    "2025-03-31": {
        "Tax Effect Of Unusual Items": 0.0,
        "Tax Rate For Calcs": 0.21,
        "Normalized EBITDA": 166000.0,
        "Total Unusual Items": NaN,
        "Total Unusual Items Excluding Goodwill": NaN,
        "Net Income From Continuing Operation Net Minority Interest": -448000.0,
        "Reconciled Depreciation": 1384000.0,
        "Reconciled Cost Of Revenue": 7473000.0,
        "EBITDA": 166000.0,
        "EBIT": -1218000.0,
        "Net Interest Income": 681000.0,
        "Interest Expense": NaN,
        "Normalized Income": -448000.0,
        "Net Income From Continuing And Discontinued Operation": -448000.0,
        "Total Expenses": 25159000.0,
        "Total Operating Income As Reported": -1218000.0,
        "Diluted Average Shares": 47134720.0,
        "Basic Average Shares": 47134720.0,
        "Diluted EPS": -0.01,
        "Basic EPS": -0.01,
        "Diluted NI Availto Com Stockholders": -448000.0,
        "Net Income Common Stockholders": -448000.0,
        "Net Income": -448000.0,
        "Net Income Including Noncontrolling Interests": -448000.0,
        "Net Income Discontinuous Operations": 0.0,
        "Net Income Continuous Operations": -448000.0,
        "Tax Provision": 14000.0,
        "Pretax Income": -434000.0,
        "Other Income Expense": 103000.0,
        "Other Non Operating Income Expenses": 103000.0,
        "Special Income Charges": NaN,
        "Impairment Of Capital Assets": NaN,
        "Restructuring And Mergern Acquisition": NaN,
        "Gain On Sale Of Security": NaN,
        "Net Non Operating Interest Income Expense": 681000.0,
        "Total Other Finance Cost": -681000.0,
        "Interest Expense Non Operating": NaN,
        "Operating Income": -1218000.0,
        "Operating Expense": 17004000.0,
        "Depreciation Amortization Depletion Income Statement": 702000.0,
        "Depreciation And Amortization In Income Statement": 702000.0,
        "Amortization": 702000.0,
        "Amortization Of Intangibles Income Statement": 702000.0,
        "Research And Development": 2204000.0,
        "Selling General And Administration": 14098000.0,
        "Selling And Marketing Expense": 2597000.0,
        "General And Administrative Expense": 11501000.0,
        "Other Gand A": 11501000.0,
        "Gross Profit": 15786000.0,
        "Cost Of Revenue": 8155000.0,
        "Total Revenue": 23941000.0,
        "Operating Revenue": 23941000.0
    },
    "2025-06-30": {
        "Tax Effect Of Unusual Items": 0.0,
        "Tax Rate For Calcs": 0.21,
        "Normalized EBITDA": -15261000.0,
        "Total Unusual Items": NaN,
        "Total Unusual Items Excluding Goodwill": NaN,
        "Net Income From Continuing Operation Net Minority Interest": -15838000.0,
        "Reconciled Depreciation": 1382000.0,
        "Reconciled Cost Of Revenue": 8314000.0,
        "EBITDA": -15261000.0,
        "EBIT": -16643000.0,
        "Net Interest Income": 684000.0,
        "Interest Expense": NaN,
        "Normalized Income": -15838000.0,
        "Net Income From Continuing And Discontinued Operation": -15838000.0,
        "Total Expenses": 42064000.0,
        "Total Operating Income As Reported": -16643000.0,
        "Diluted Average Shares": 47798146.0,
        "Basic Average Shares": 47798146.0,
        "Diluted EPS": -0.33,
        "Basic EPS": -0.33,
        "Diluted NI Availto Com Stockholders": -15838000.0,
        "Net Income Common Stockholders": -15838000.0,
        "Net Income": -15838000.0,
        "Net Income Including Noncontrolling Interests": -15838000.0,
        "Net Income Discontinuous Operations": 0.0,
        "Net Income Continuous Operations": -15838000.0,
        "Tax Provision": 126000.0,
        "Pretax Income": -15712000.0,
        "Other Income Expense": 247000.0,
        "Other Non Operating Income Expenses": 247000.0,
        "Special Income Charges": NaN,
        "Impairment Of Capital Assets": NaN,
        "Restructuring And Mergern Acquisition": NaN,
        "Gain On Sale Of Security": NaN,
        "Net Non Operating Interest Income Expense": 684000.0,
        "Total Other Finance Cost": -684000.0,
        "Interest Expense Non Operating": NaN,
        "Operating Income": -16643000.0,
        "Operating Expense": 33076000.0,
        "Depreciation Amortization Depletion Income Statement": 708000.0,
        "Depreciation And Amortization In Income Statement": 708000.0,
        "Amortization": 708000.0,
        "Amortization Of Intangibles Income Statement": 708000.0,
        "Research And Development": 18240000.0,
        "Selling General And Administration": 14128000.0,
        "Selling And Marketing Expense": 2732000.0,
        "General And Administrative Expense": 11396000.0,
        "Other Gand A": 11396000.0,
        "Gross Profit": 16433000.0,
        "Cost Of Revenue": 8988000.0,
        "Total Revenue": 25421000.0,
        "Operating Revenue": 25421000.0
    }
}