{
    "2023-06-30": {
        "Tax Effect Of Unusual Items": 55860000.0,
        "Tax Rate For Calcs": 0.245,
        "Normalized EBITDA": 1809000000.0,
        "Total Unusual Items": 228000000.0,
        "Total Unusual Items Excluding Goodwill": 228000000.0,
        "Net Income From Continuing Operation Net Minority Interest": 1366000000.0,
        "Reconciled Depreciation": 102000000.0,
        "Reconciled Cost Of Revenue": 2322000000.0,
        "EBITDA": 2037000000.0,
        "EBIT": 1935000000.0,
        "Net Interest Income": 20000000.0,
        "Interest Expense": 69000000.0,
        "Interest Income": 89000000.0,
        "Normalized Income": 1193860000.0,
        "Net Income From Continuing And Discontinued Operation": 1366000000.0,
        "Total Expenses": 2845000000.0,
        "Rent Expense Supplemental": 100000000.0,
        "Total Operating Income As Reported": 1615000000.0,
        "Diluted Average Shares": 150739213.0,
        "Basic Average Shares": 149604642.0,
        "Diluted EPS": 9.06,
        "Basic EPS": 9.13,
        "Diluted NI Availto Com Stockholders": 1366000000.0,
        "Net Income Common Stockholders": 1366000000.0,
        "Net Income": 1366000000.0,
        "Minority Interests": -57000000.0,
        "Net Income Including Noncontrolling Interests": 1423000000.0,
        "Net Income Continuous Operations": 1423000000.0,
        "Tax Provision": 443000000.0,
        "Pretax Income": 1866000000.0,
        "Other Income Expense": 228000000.0,
        "Special Income Charges": -1000000.0,
        "Restructuring And Mergern Acquisition": 1000000.0,
        "Gain On Sale Of Security": 229000000.0,
        "Net Non Operating Interest Income Expense": 20000000.0,
        "Interest Expense Non Operating": 69000000.0,
        "Interest Income Non Operating": 89000000.0,
        "Operating Income": 1618000000.0,
        "Operating Expense": 458000000.0,
        "Depreciation Amortization Depletion Income Statement": 37000000.0,
        "Depreciation And Amortization In Income Statement": 37000000.0,
        "Amortization": 37000000.0,
        "Amortization Of Intangibles Income Statement": 37000000.0,
        "Selling General And Administration": 421000000.0,
        "Selling And Marketing Expense": 74000000.0,
        "General And Administrative Expense": 347000000.0,
        "Other Gand A": 247000000.0,
        "Rent And Landing Fees": 100000000.0,
        "Gross Profit": 2076000000.0,
        "Cost Of Revenue": 2387000000.0,
        "Total Revenue": 4463000000.0,
        "Operating Revenue": 4463000000.0
    },
    "2023-03-31": {
        "Tax Effect Of Unusual Items": 22500000.0,
        "Tax Rate For Calcs": 0.25,
        "Normalized EBITDA": 1629000000.0,
        "Total Unusual Items": 90000000.0,
        "Total Unusual Items Excluding Goodwill": 90000000.0,
        "Net Income From Continuing Operation Net Minority Interest": 1157000000.0,
        "Reconciled Depreciation": 106000000.0,
        "Reconciled Cost Of Revenue": 2272000000.0,
        "EBITDA": 1719000000.0,
        "EBIT": 1613000000.0,
        "Net Interest Income": 27000000.0,
        "Interest Expense": 59000000.0,
        "Interest Income": 86000000.0,
        "Normalized Income": 1089500000.0,
        "Net Income From Continuing And Discontinued Operation": 1157000000.0,
        "Total Expenses": 2806000000.0,
        "Rent Expense Supplemental": 110000000.0,
        "Total Operating Income As Reported": 1438000000.0,
        "Diluted Average Shares": 151300000.0,
        "Basic Average Shares": 149900000.0,
        "Diluted EPS": 7.64,
        "Basic EPS": 7.72,
        "Diluted NI Availto Com Stockholders": 1157000000.0,
        "Net Income Common Stockholders": 1157000000.0,
        "Net Income": 1157000000.0,
        "Minority Interests": -12000000.0,
        "Net Income Including Noncontrolling Interests": 1169000000.0,
        "Net Income Continuous Operations": 1169000000.0,
        "Tax Provision": 385000000.0,
        "Pretax Income": 1554000000.0,
        "Other Income Expense": 90000000.0,
        "Special Income Charges": 0.0,
        "Restructuring And Mergern Acquisition": 0.0,
        "Gain On Sale Of Security": 90000000.0,
        "Net Non Operating Interest Income Expense": 27000000.0,
        "Interest Expense Non Operating": 59000000.0,
        "Interest Income Non Operating": 86000000.0,
        "Operating Income": 1437000000.0,
        "Operating Expense": 465000000.0,
        "Depreciation Amortization Depletion Income Statement": 37000000.0,
        "Depreciation And Amortization In Income Statement": 37000000.0,
        "Amortization": 37000000.0,
        "Amortization Of Intangibles Income Statement": 37000000.0,
        "Selling General And Administration": 428000000.0,
        "Selling And Marketing Expense": 74000000.0,
        "General And Administrative Expense": 354000000.0,
        "Other Gand A": 244000000.0,
        "Rent And Landing Fees": 110000000.0,
        "Gross Profit": 1902000000.0,
        "Cost Of Revenue": 2341000000.0,
        "Total Revenue": 4243000000.0,
        "Operating Revenue": 4243000000.0
    },
    "2022-12-31": {
        "Tax Effect Of Unusual Items": 22345641.646489,
        "Tax Rate For Calcs": 0.208838,
        "Normalized EBITDA": 1709000000.0,
        "Total Unusual Items": 107000000.0,
        "Total Unusual Items Excluding Goodwill": 107000000.0,
        "Net Income From Continuing Operation Net Minority Interest": 1259000000.0,
        "Reconciled Depreciation": 110000000.0,
        "Reconciled Cost Of Revenue": 2129000000.0,
        "EBITDA": 1816000000.0,
        "EBIT": 1706000000.0,
        "Net Interest Income": 18000000.0,
        "Interest Expense": 54000000.0,
        "Interest Income": 72000000.0,
        "Normalized Income": 1174345641.646489,
        "Net Income From Continuing And Discontinued Operation": 1259000000.0,
        "Total Expenses": 2810000000.0,
        "Rent Expense Supplemental": 99000000.0,
        "Total Operating Income As Reported": 1427000000.0,
        "Diluted Average Shares": 151839446.0,
        "Basic Average Shares": 150035914.0,
        "Diluted EPS": 8.29,
        "Basic EPS": 8.39,
        "Diluted NI Availto Com Stockholders": 1259000000.0,
        "Net Income Common Stockholders": 1259000000.0,
        "Net Income": 1259000000.0,
        "Minority Interests": -48000000.0,
        "Net Income Including Noncontrolling Interests": 1307000000.0,
        "Net Income Continuous Operations": 1307000000.0,
        "Tax Provision": 345000000.0,
        "Pretax Income": 1652000000.0,
        "Other Income Expense": 107000000.0,
        "Special Income Charges": -92000000.0,
        "Restructuring And Mergern Acquisition": 92000000.0,
        "Gain On Sale Of Security": 199000000.0,
        "Net Non Operating Interest Income Expense": 18000000.0,
        "Interest Expense Non Operating": 54000000.0,
        "Interest Income Non Operating": 72000000.0,
        "Operating Income": 1527000000.0,
        "Operating Expense": 608000000.0,
        "Depreciation Amortization Depletion Income Statement": 37000000.0,
        "Depreciation And Amortization In Income Statement": 37000000.0,
        "Amortization": 37000000.0,
        "Amortization Of Intangibles Income Statement": 37000000.0,
        "Selling General And Administration": 571000000.0,
        "Selling And Marketing Expense": 100000000.0,
        "General And Administrative Expense": 471000000.0,
        "Other Gand A": 372000000.0,
        "Rent And Landing Fees": 99000000.0,
        "Gross Profit": 2135000000.0,
        "Cost Of Revenue": 2202000000.0,
        "Total Revenue": 4337000000.0,
        "Operating Revenue": 4337000000.0
    },
    "2022-09-30": {
        "Tax Effect Of Unusual Items": 33175635.71851,
        "Tax Rate For Calcs": 0.195151,
        "Normalized EBITDA": 1609000000.0,
        "Total Unusual Items": 170000000.0,
        "Total Unusual Items Excluding Goodwill": 170000000.0,
        "Net Income From Continuing Operation Net Minority Interest": 1406000000.0,
        "Reconciled Depreciation": 38000000.0,
        "Reconciled Cost Of Revenue": 2193000000.0,
        "EBITDA": 1779000000.0,
        "EBIT": 1741000000.0,
        "Net Interest Income": -9000000.0,
        "Interest Expense": 50000000.0,
        "Interest Income": 41000000.0,
        "Normalized Income": 1269175635.71851,
        "Net Income From Continuing And Discontinued Operation": 1406000000.0,
        "Total Expenses": 2781000000.0,
        "Rent Expense Supplemental": 99000000.0,
        "Total Operating Income As Reported": 1526000000.0,
        "Diluted Average Shares": 152000000.0,
        "Basic Average Shares": 150600000.0,
        "Diluted EPS": 9.25,
        "Basic EPS": 9.33,
        "Diluted NI Availto Com Stockholders": 1406000000.0,
        "Net Income Common Stockholders": 1406000000.0,
        "Net Income": 1406000000.0,
        "Minority Interests": 45000000.0,
        "Net Income Including Noncontrolling Interests": 1361000000.0,
        "Net Income Continuous Operations": 1361000000.0,
        "Tax Provision": 330000000.0,
        "Pretax Income": 1691000000.0,
        "Other Income Expense": 170000000.0,
        "Special Income Charges": -1000000.0,
        "Restructuring And Mergern Acquisition": 1000000.0,
        "Gain On Sale Of Security": 171000000.0,
        "Net Non Operating Interest Income Expense": -9000000.0,
        "Interest Expense Non Operating": 50000000.0,
        "Interest Income Non Operating": 41000000.0,
        "Operating Income": 1530000000.0,
        "Operating Expense": 588000000.0,
        "Depreciation Amortization Depletion Income Statement": 38000000.0,
        "Depreciation And Amortization In Income Statement": 38000000.0,
        "Amortization": 38000000.0,
        "Amortization Of Intangibles Income Statement": 38000000.0,
        "Selling General And Administration": 550000000.0,
        "Selling And Marketing Expense": 95000000.0,
        "General And Administrative Expense": 455000000.0,
        "Other Gand A": 356000000.0,
        "Rent And Landing Fees": 99000000.0,
        "Gross Profit": 2118000000.0,
        "Cost Of Revenue": 2193000000.0,
        "Total Revenue": 4311000000.0,
        "Operating Revenue": 4311000000.0
    },
    "2022-06-30": {
        "Tax Effect Of Unusual Items": -78684000.0,
        "Tax Rate For Calcs": 0.249,
        "Normalized EBITDA": 1729000000.0,
        "Total Unusual Items": -316000000.0,
        "Total Unusual Items Excluding Goodwill": -316000000.0,
        "Net Income From Continuing Operation Net Minority Interest": 1077000000.0,
        "Reconciled Depreciation": 38000000.0,
        "Reconciled Cost Of Revenue": 2290000000.0,
        "EBITDA": 1413000000.0,
        "EBIT": 1375000000.0,
        "Net Interest Income": -33000000.0,
        "Interest Expense": 54000000.0,
        "Interest Income": 21000000.0,
        "Normalized Income": 1314316000.0,
        "Net Income From Continuing And Discontinued Operation": 1077000000.0,
        "Total Expenses": 2856000000.0,
        "Rent Expense Supplemental": 106000000.0,
        "Total Operating Income As Reported": 1668000000.0,
        "Diluted Average Shares": 152452320.0,
        "Basic Average Shares": 151292580.0,
        "Diluted EPS": 7.06,
        "Basic EPS": 7.12,
        "Diluted NI Availto Com Stockholders": 1077000000.0,
        "Net Income Common Stockholders": 1077000000.0,
        "Net Income": 1077000000.0,
        "Minority Interests": 114000000.0,
        "Net Income Including Noncontrolling Interests": 963000000.0,
        "Net Income Continuous Operations": 963000000.0,
        "Tax Provision": 358000000.0,
        "Pretax Income": 1321000000.0,
        "Other Income Expense": -316000000.0,
        "Special Income Charges": 0.0,
        "Restructuring And Mergern Acquisition": 0.0,
        "Gain On Sale Of Security": -316000000.0,
        "Net Non Operating Interest Income Expense": -33000000.0,
        "Interest Expense Non Operating": 54000000.0,
        "Interest Income Non Operating": 21000000.0,
        "Operating Income": 1670000000.0,
        "Operating Expense": 566000000.0,
        "Depreciation Amortization Depletion Income Statement": 38000000.0,
        "Depreciation And Amortization In Income Statement": 38000000.0,
        "Amortization": 38000000.0,
        "Amortization Of Intangibles Income Statement": 38000000.0,
        "Selling General And Administration": 528000000.0,
        "Selling And Marketing Expense": 76000000.0,
        "General And Administrative Expense": 452000000.0,
        "Other Gand A": 346000000.0,
        "Rent And Landing Fees": 106000000.0,
        "Gross Profit": 2236000000.0,
        "Cost Of Revenue": 2290000000.0,
        "Total Revenue": 4526000000.0,
        "Operating Revenue": 4526000000.0
    },
    "2022-03-31": {
        "Diluted EPS": 9.35,
        "Total Revenue": NaN,
        "Gross Profit": NaN,
        "Operating Income": NaN,
        "EBIT": NaN,
        "Net Income": NaN
    },
    "2021-12-31": {
        "Diluted EPS": 10.64,
        "Total Revenue": NaN,
        "Gross Profit": NaN,
        "Operating Income": NaN,
        "EBIT": NaN,
        "Net Income": NaN
    },
    "2021-09-30": {
        "Diluted EPS": 10.89,
        "Total Revenue": NaN,
        "Gross Profit": NaN,
        "Operating Income": NaN,
        "EBIT": NaN,
        "Net Income": NaN
    },
    "2021-06-30": {
        "Diluted EPS": 8.92,
        "Total Revenue": NaN,
        "Gross Profit": NaN,
        "Operating Income": NaN,
        "EBIT": NaN,
        "Net Income": NaN
    },
    "2021-03-31": {
        "Diluted EPS": 7.77,
        "Total Revenue": NaN,
        "Gross Profit": NaN,
        "Operating Income": NaN,
        "EBIT": NaN,
        "Net Income": NaN
    },
    "2020-12-31": {
        "Diluted EPS": 9.98,
        "Total Revenue": NaN,
        "Gross Profit": NaN,
        "Operating Income": NaN,
        "EBIT": NaN,
        "Net Income": NaN
    },
    "2020-09-30": {
        "Diluted EPS": 8.87,
        "Total Revenue": NaN,
        "Gross Profit": NaN,
        "Operating Income": NaN,
        "EBIT": NaN,
        "Net Income": NaN
    },
    "2020-06-30": {
        "Diluted EPS": 7.85,
        "Total Revenue": NaN,
        "Gross Profit": NaN,
        "Operating Income": NaN,
        "EBIT": NaN,
        "Net Income": NaN
    },
    "2020-03-31": {
        "Diluted EPS": 5.15,
        "Total Revenue": NaN,
        "Gross Profit": NaN,
        "Operating Income": 684,
        "EBIT": 766,
        "Net Income": 806
    },
    "2019-12-31": {
        "Diluted EPS": 8.26,
        "Total Revenue": NaN,
        "Gross Profit": NaN,
        "Operating Income": NaN,
        "EBIT": NaN,
        "Net Income": NaN
    },
    "2019-09-30": {
        "Diluted EPS": 7.15,
        "Total Revenue": NaN,
        "Gross Profit": NaN,
        "Operating Income": NaN,
        "EBIT": NaN,
        "Net Income": NaN
    },
    "2019-06-30": {
        "Diluted EPS": 6.41,
        "Total Revenue": NaN,
        "Gross Profit": NaN,
        "Operating Income": NaN,
        "EBIT": NaN,
        "Net Income": NaN
    },
    "2019-03-31": {
        "Diluted EPS": 6.61,
        "Total Revenue": NaN,
        "Gross Profit": NaN,
        "Operating Income": NaN,
        "EBIT": NaN,
        "Net Income": NaN
    },
    "2018-12-31": {
        "Diluted EPS": 5.74,
        "Total Revenue": NaN,
        "Gross Profit": NaN,
        "Operating Income": NaN,
        "EBIT": NaN,
        "Net Income": 927
    },
    "2018-09-30": {
        "Diluted EPS": 7.54,
        "Total Revenue": NaN,
        "Gross Profit": NaN,
        "Operating Income": NaN,
        "EBIT": NaN,
        "Net Income": NaN
    },
    "2018-06-30": {
        "Diluted EPS": 6.62,
        "Total Revenue": NaN,
        "Gross Profit": NaN,
        "Operating Income": NaN,
        "EBIT": NaN,
        "Net Income": NaN
    },
    "2018-03-31": {
        "Diluted EPS": 6.68,
        "Total Revenue": NaN,
        "Gross Profit": NaN,
        "Operating Income": NaN,
        "EBIT": NaN,
        "Net Income": NaN
    },
    "2017-12-31": {
        "Diluted EPS": 13.95,
        "Total Revenue": NaN,
        "Gross Profit": NaN,
        "Operating Income": NaN,
        "EBIT": NaN,
        "Net Income": NaN
    },
    "2017-09-30": {
        "Diluted EPS": 5.76,
        "Total Revenue": NaN,
        "Gross Profit": NaN,
        "Operating Income": NaN,
        "EBIT": NaN,
        "Net Income": 944
    },
    "2017-06-30": {
        "Diluted EPS": 5.2,
        "Total Revenue": NaN,
        "Gross Profit": NaN,
        "Operating Income": NaN,
        "EBIT": NaN,
        "Net Income": 854
    },
    "2017-03-31": {
        "Diluted EPS": 5.21,
        "Total Revenue": NaN,
        "Gross Profit": NaN,
        "Operating Income": NaN,
        "EBIT": NaN,
        "Net Income": 859
    },
    "2016-12-31": {
        "Diluted EPS": 5.11,
        "Total Revenue": NaN,
        "Gross Profit": NaN,
        "Operating Income": NaN,
        "EBIT": NaN,
        "Net Income": 847
    },
    "2016-09-30": {
        "Diluted EPS": 5.26,
        "Total Revenue": NaN,
        "Gross Profit": NaN,
        "Operating Income": NaN,
        "EBIT": NaN,
        "Net Income": 875
    },
    "2016-06-30": {
        "Diluted EPS": 4.73,
        "Total Revenue": NaN,
        "Gross Profit": NaN,
        "Operating Income": NaN,
        "EBIT": NaN,
        "Net Income": 789
    },
    "2016-03-31": {
        "Diluted EPS": 3.92,
        "Total Revenue": NaN,
        "Gross Profit": NaN,
        "Operating Income": 963,
        "EBIT": NaN,
        "Net Income": 657
    },
    "2015-12-31": {
        "Diluted EPS": 5.11,
        "Total Revenue": NaN,
        "Gross Profit": NaN,
        "Operating Income": NaN,
        "EBIT": NaN,
        "Net Income": 861
    },
    "2015-09-30": {
        "Diluted EPS": 5.0,
        "Total Revenue": NaN,
        "Gross Profit": NaN,
        "Operating Income": NaN,
        "EBIT": NaN,
        "Net Income": 843
    },
    "2015-06-30": {
        "Diluted EPS": 4.84,
        "Total Revenue": NaN,
        "Gross Profit": NaN,
        "Operating Income": NaN,
        "EBIT": NaN,
        "Net Income": 819
    },
    "2015-03-31": {
        "Diluted EPS": 4.84,
        "Total Revenue": NaN,
        "Gross Profit": NaN,
        "Operating Income": NaN,
        "EBIT": NaN,
        "Net Income": 822
    },
    "2014-12-31": {
        "Diluted EPS": 4.76,
        "Total Revenue": NaN,
        "Gross Profit": NaN,
        "Operating Income": NaN,
        "EBIT": NaN,
        "Net Income": 813
    },
    "2014-09-30": {
        "Diluted EPS": 5.37,
        "Total Revenue": NaN,
        "Gross Profit": NaN,
        "Operating Income": NaN,
        "EBIT": NaN,
        "Net Income": 917
    },
    "2014-06-30": {
        "Diluted EPS": 4.72,
        "Total Revenue": NaN,
        "Gross Profit": NaN,
        "Operating Income": NaN,
        "EBIT": NaN,
        "Net Income": 808
    },
    "2014-03-31": {
        "Diluted EPS": 4.4,
        "Total Revenue": NaN,
        "Gross Profit": NaN,
        "Operating Income": NaN,
        "EBIT": NaN,
        "Net Income": 756
    },
    "2013-12-31": {
        "Diluted EPS": 4.85,
        "Total Revenue": NaN,
        "Gross Profit": NaN,
        "Operating Income": NaN,
        "EBIT": NaN,
        "Net Income": 841
    },
    "2013-09-30": {
        "Diluted EPS": 4.21,
        "Total Revenue": NaN,
        "Gross Profit": NaN,
        "Operating Income": 966,
        "EBIT": NaN,
        "Net Income": 730
    },
    "2013-06-30": {
        "Diluted EPS": 4.19,
        "Total Revenue": NaN,
        "Gross Profit": NaN,
        "Operating Income": 849,
        "EBIT": 933,
        "Net Income": 729
    },
    "2013-03-31": {
        "Diluted EPS": 3.62,
        "Total Revenue": NaN,
        "Gross Profit": NaN,
        "Operating Income": 909,
        "EBIT": 993,
        "Net Income": 632
    },
    "2012-12-31": {
        "Diluted EPS": 3.92,
        "Total Revenue": NaN,
        "Gross Profit": NaN,
        "Operating Income": NaN,
        "EBIT": NaN,
        "Net Income": 690
    },
    "2012-09-30": {
        "Diluted EPS": 3.65,
        "Total Revenue": NaN,
        "Gross Profit": NaN,
        "Operating Income": 875,
        "EBIT": 962,
        "Net Income": 642
    },
    "2012-06-30": {
        "Diluted EPS": 3.08,
        "Total Revenue": NaN,
        "Gross Profit": NaN,
        "Operating Income": 829,
        "EBIT": 915,
        "Net Income": 554
    },
    "2012-03-31": {
        "Diluted EPS": 3.14,
        "Total Revenue": NaN,
        "Gross Profit": NaN,
        "Operating Income": 815,
        "EBIT": 904,
        "Net Income": 572
    },
    "2011-12-31": {
        "Diluted EPS": 3.04,
        "Total Revenue": NaN,
        "Gross Profit": NaN,
        "Operating Income": 808,
        "EBIT": 903,
        "Net Income": 562
    },
    "2011-09-30": {
        "Diluted EPS": 3.23,
        "Total Revenue": NaN,
        "Gross Profit": NaN,
        "Operating Income": 777,
        "EBIT": 873,
        "Net Income": 595
    },
    "2011-06-30": {
        "Diluted EPS": 3.21,
        "Total Revenue": NaN,
        "Gross Profit": NaN,
        "Operating Income": 866,
        "EBIT": 960,
        "Net Income": 619
    },
    "2011-03-31": {
        "Diluted EPS": 2.89,
        "Total Revenue": NaN,
        "Gross Profit": NaN,
        "Operating Income": 798,
        "EBIT": 893,
        "Net Income": 561
    },
    "2010-12-31": {
        "Diluted EPS": 3.34,
        "Total Revenue": NaN,
        "Gross Profit": NaN,
        "Operating Income": 940,
        "EBIT": NaN,
        "Net Income": 657
    },
    "2010-09-30": {
        "Diluted EPS": 2.83,
        "Total Revenue": NaN,
        "Gross Profit": NaN,
        "Operating Income": 707,
        "EBIT": 807,
        "Net Income": 551
    },
    "2010-06-30": {
        "Diluted EPS": 2.21,
        "Total Revenue": NaN,
        "Gross Profit": NaN,
        "Operating Income": 697,
        "EBIT": 803,
        "Net Income": 432
    },
    "2010-03-31": {
        "Diluted EPS": 2.17,
        "Total Revenue": NaN,
        "Gross Profit": NaN,
        "Operating Income": 654,
        "EBIT": 758,
        "Net Income": 423
    },
    "2009-12-31": {
        "Diluted EPS": 1.63,
        "Total Revenue": NaN,
        "Gross Profit": NaN,
        "Operating Income": 389,
        "EBIT": 477,
        "Net Income": 256
    },
    "2009-09-30": {
        "Diluted EPS": 2.27,
        "Total Revenue": NaN,
        "Gross Profit": NaN,
        "Operating Income": 357,
        "EBIT": 440,
        "Net Income": 317
    },
    "2009-06-30": {
        "Diluted EPS": 1.59,
        "Total Revenue": NaN,
        "Gross Profit": 904,
        "Operating Income": 261,
        "EBIT": 345,
        "Net Income": 218
    },
    "2009-03-31": {
        "Diluted EPS": 0.62,
        "Total Revenue": 987,
        "Gross Profit": 860,
        "Operating Income": 271,
        "EBIT": 355,
        "Net Income": 84
    },
    "2023-09-30": {
        "Tax Effect Of Unusual Items": NaN,
        "Tax Rate For Calcs": NaN,
        "Normalized EBITDA": NaN,
        "Total Unusual Items": NaN,
        "Total Unusual Items Excluding Goodwill": NaN,
        "Net Income From Continuing Operation Net Minority Interest": NaN,
        "Reconciled Depreciation": NaN,
        "Reconciled Cost Of Revenue": NaN,
        "EBITDA": NaN,
        "EBIT": NaN,
        "Net Interest Income": NaN,
        "Interest Expense": NaN,
        "Interest Income": NaN,
        "Normalized Income": NaN,
        "Net Income From Continuing And Discontinued Operation": NaN,
        "Total Expenses": NaN,
        "Rent Expense Supplemental": NaN,
        "Total Operating Income As Reported": NaN,
        "Diluted Average Shares": 150500000.0,
        "Basic Average Shares": 149200000.0,
        "Diluted EPS": 10.66,
        "Basic EPS": 10.75,
        "Diluted NI Availto Com Stockholders": NaN,
        "Net Income Common Stockholders": NaN,
        "Net Income": NaN,
        "Minority Interests": NaN,
        "Net Income Including Noncontrolling Interests": NaN,
        "Net Income Continuous Operations": NaN,
        "Tax Provision": NaN,
        "Pretax Income": NaN,
        "Other Income Expense": NaN,
        "Special Income Charges": NaN,
        "Restructuring And Mergern Acquisition": NaN,
        "Gain On Sale Of Security": NaN,
        "Net Non Operating Interest Income Expense": NaN,
        "Interest Expense Non Operating": NaN,
        "Interest Income Non Operating": NaN,
        "Operating Income": NaN,
        "Operating Expense": NaN,
        "Depreciation Amortization Depletion Income Statement": NaN,
        "Depreciation And Amortization In Income Statement": NaN,
        "Amortization": NaN,
        "Amortization Of Intangibles Income Statement": NaN,
        "Selling General And Administration": NaN,
        "Selling And Marketing Expense": NaN,
        "General And Administrative Expense": NaN,
        "Other Gand A": NaN,
        "Rent And Landing Fees": NaN,
        "Gross Profit": NaN,
        "Cost Of Revenue": NaN,
        "Total Revenue": NaN,
        "Operating Revenue": NaN
    },
    "2023-12-31": {
        "Tax Effect Of Unusual Items": 46823040.996367,
        "Tax Rate For Calcs": 0.227296,
        "Normalized EBITDA": 1914000000.0,
        "Total Unusual Items": 206000000.0,
        "Total Unusual Items Excluding Goodwill": 206000000.0,
        "Net Income From Continuing Operation Net Minority Interest": 1375000000.0,
        "Reconciled Depreciation": 111000000.0,
        "Reconciled Cost Of Revenue": 2272000000.0,
        "EBITDA": 2120000000.0,
        "EBIT": 2009000000.0,
        "Net Interest Income": 77000000.0,
        "Interest Expense": 82000000.0,
        "Interest Income": 159000000.0,
        "Normalized Income": 1215823040.996367,
        "Net Income From Continuing And Discontinued Operation": 1375000000.0,
        "Total Expenses": 2987000000.0,
        "Rent Expense Supplemental": 105000000.0,
        "Total Operating Income As Reported": 1585000000.0,
        "Diluted Average Shares": 150200000.0,
        "Basic Average Shares": 148700000.0,
        "Diluted EPS": 9.15,
        "Basic EPS": 9.25,
        "Diluted NI Availto Com Stockholders": 1375000000.0,
        "Net Income Common Stockholders": 1375000000.0,
        "Net Income": 1375000000.0,
        "Minority Interests": -114000000.0,
        "Net Income Including Noncontrolling Interests": 1489000000.0,
        "Net Income Continuous Operations": 1489000000.0,
        "Tax Provision": 438000000.0,
        "Pretax Income": 1927000000.0,
        "Other Income Expense": 206000000.0,
        "Special Income Charges": -63000000.0,
        "Restructuring And Mergern Acquisition": 63000000.0,
        "Gain On Sale Of Security": 269000000.0,
        "Net Non Operating Interest Income Expense": 77000000.0,
        "Interest Expense Non Operating": 82000000.0,
        "Interest Income Non Operating": 159000000.0,
        "Operating Income": 1644000000.0,
        "Operating Expense": 642000000.0,
        "Depreciation Amortization Depletion Income Statement": 38000000.0,
        "Depreciation And Amortization In Income Statement": 38000000.0,
        "Amortization": 38000000.0,
        "Amortization Of Intangibles Income Statement": 38000000.0,
        "Selling General And Administration": 604000000.0,
        "Selling And Marketing Expense": 100000000.0,
        "General And Administrative Expense": 504000000.0,
        "Other Gand A": 399000000.0,
        "Rent And Landing Fees": 105000000.0,
        "Gross Profit": 2286000000.0,
        "Cost Of Revenue": 2345000000.0,
        "Total Revenue": 4631000000.0,
        "Operating Revenue": 4631000000.0
    },
    "2024-03-31": {
        "Tax Effect Of Unusual Items": 27456000.0,
        "Tax Rate For Calcs": 0.156,
        "Normalized EBITDA": 1940000000.0,
        "Total Unusual Items": 176000000.0,
        "Total Unusual Items Excluding Goodwill": 176000000.0,
        "Net Income From Continuing Operation Net Minority Interest": 1573000000.0,
        "Reconciled Depreciation": 111000000.0,
        "Reconciled Cost Of Revenue": 2395000000.0,
        "EBITDA": 2116000000.0,
        "EBIT": 2005000000.0,
        "Net Interest Income": 49000000.0,
        "Interest Expense": 92000000.0,
        "Interest Income": 141000000.0,
        "Normalized Income": 1424456000.0,
        "Net Income From Continuing And Discontinued Operation": 1573000000.0,
        "Total Expenses": 3040000000.0,
        "Rent Expense Supplemental": 101000000.0,
        "Total Operating Income As Reported": 1693000000.0,
        "Diluted Average Shares": 150100000.0,
        "Basic Average Shares": 148700000.0,
        "Diluted EPS": 10.48,
        "Basic EPS": 10.58,
        "Diluted NI Availto Com Stockholders": 1573000000.0,
        "Net Income Common Stockholders": 1573000000.0,
        "Net Income": 1573000000.0,
        "Minority Interests": -50000000.0,
        "Net Income Including Noncontrolling Interests": 1623000000.0,
        "Net Income Continuous Operations": 1623000000.0,
        "Tax Provision": 290000000.0,
        "Pretax Income": 1913000000.0,
        "Other Income Expense": 176000000.0,
        "Special Income Charges": 7000000.0,
        "Restructuring And Mergern Acquisition": -7000000.0,
        "Gain On Sale Of Security": 169000000.0,
        "Net Non Operating Interest Income Expense": 49000000.0,
        "Interest Expense Non Operating": 92000000.0,
        "Interest Income Non Operating": 141000000.0,
        "Operating Income": 1688000000.0,
        "Operating Expense": 572000000.0,
        "Depreciation Amortization Depletion Income Statement": 38000000.0,
        "Depreciation And Amortization In Income Statement": 38000000.0,
        "Amortization": 38000000.0,
        "Amortization Of Intangibles Income Statement": 38000000.0,
        "Selling General And Administration": 534000000.0,
        "Selling And Marketing Expense": 82000000.0,
        "General And Administrative Expense": 452000000.0,
        "Other Gand A": 351000000.0,
        "Rent And Landing Fees": 101000000.0,
        "Gross Profit": 2260000000.0,
        "Cost Of Revenue": 2468000000.0,
        "Total Revenue": 4728000000.0,
        "Operating Revenue": 4728000000.0
    },
    "2024-06-30": {
        "Tax Effect Of Unusual Items": 37657894.736842,
        "Tax Rate For Calcs": 0.236842,
        "Normalized EBITDA": 2089000000.0,
        "Total Unusual Items": 159000000.0,
        "Total Unusual Items Excluding Goodwill": 159000000.0,
        "Net Income From Continuing Operation Net Minority Interest": 1495000000.0,
        "Reconciled Depreciation": 108000000.0,
        "Reconciled Cost Of Revenue": 2363000000.0,
        "EBITDA": 2248000000.0,
        "EBIT": 2140000000.0,
        "Net Interest Income": 52000000.0,
        "Interest Expense": 126000000.0,
        "Interest Income": 178000000.0,
        "Normalized Income": 1373657894.736842,
        "Net Income From Continuing And Discontinued Operation": 1495000000.0,
        "Total Expenses": 3002000000.0,
        "Rent Expense Supplemental": 102000000.0,
        "Total Operating Income As Reported": 1800000000.0,
        "Diluted Average Shares": 149657889.0,
        "Basic Average Shares": 148442950.0,
        "Diluted EPS": 9.99,
        "Basic EPS": 10.07,
        "Diluted NI Availto Com Stockholders": 1495000000.0,
        "Net Income Common Stockholders": 1495000000.0,
        "Net Income": 1495000000.0,
        "Minority Interests": -42000000.0,
        "Net Income Including Noncontrolling Interests": 1537000000.0,
        "Net Income Continuous Operations": 1537000000.0,
        "Tax Provision": 477000000.0,
        "Pretax Income": 2014000000.0,
        "Other Income Expense": 159000000.0,
        "Special Income Charges": -1000000.0,
        "Restructuring And Mergern Acquisition": 1000000.0,
        "Gain On Sale Of Security": 160000000.0,
        "Net Non Operating Interest Income Expense": 52000000.0,
        "Interest Expense Non Operating": 126000000.0,
        "Interest Income Non Operating": 178000000.0,
        "Operating Income": 1803000000.0,
        "Operating Expense": 570000000.0,
        "Depreciation Amortization Depletion Income Statement": 39000000.0,
        "Depreciation And Amortization In Income Statement": 39000000.0,
        "Amortization": 39000000.0,
        "Amortization Of Intangibles Income Statement": 39000000.0,
        "Selling General And Administration": 531000000.0,
        "Selling And Marketing Expense": 76000000.0,
        "General And Administrative Expense": 455000000.0,
        "Other Gand A": 353000000.0,
        "Rent And Landing Fees": 102000000.0,
        "Gross Profit": 2373000000.0,
        "Cost Of Revenue": 2432000000.0,
        "Total Revenue": 4805000000.0,
        "Operating Revenue": 4805000000.0
    },
    "2024-09-30": {
        "Tax Effect Of Unusual Items": 45760000.0,
        "Tax Rate For Calcs": 0.26,
        "Normalized EBITDA": 2353000000.0,
        "Total Unusual Items": 176000000.0,
        "Total Unusual Items Excluding Goodwill": 176000000.0,
        "Net Income From Continuing Operation Net Minority Interest": 1631000000.0,
        "Reconciled Depreciation": 110000000.0,
        "Reconciled Cost Of Revenue": 2519000000.0,
        "EBITDA": 2529000000.0,
        "EBIT": 2419000000.0,
        "Net Interest Income": 82000000.0,
        "Interest Expense": 154000000.0,
        "Interest Income": 236000000.0,
        "Normalized Income": 1500760000.0,
        "Net Income From Continuing And Discontinued Operation": 1631000000.0,
        "Total Expenses": 3190000000.0,
        "Rent Expense Supplemental": 105000000.0,
        "Total Operating Income As Reported": 2006000000.0,
        "Diluted Average Shares": 149600000.0,
        "Basic Average Shares": 148000000.0,
        "Diluted EPS": 10.9,
        "Basic EPS": 11.02,
        "Diluted NI Availto Com Stockholders": 1631000000.0,
        "Net Income Common Stockholders": 1631000000.0,
        "Net Income": 1631000000.0,
        "Minority Interests": -60000000.0,
        "Net Income Including Noncontrolling Interests": 1691000000.0,
        "Net Income Continuous Operations": 1691000000.0,
        "Tax Provision": 574000000.0,
        "Pretax Income": 2265000000.0,
        "Other Income Expense": 176000000.0,
        "Special Income Charges": 2000000.0,
        "Restructuring And Mergern Acquisition": -2000000.0,
        "Gain On Sale Of Security": 174000000.0,
        "Net Non Operating Interest Income Expense": 82000000.0,
        "Interest Expense Non Operating": 154000000.0,
        "Interest Income Non Operating": 236000000.0,
        "Operating Income": 2007000000.0,
        "Operating Expense": 650000000.0,
        "Depreciation Amortization Depletion Income Statement": 89000000.0,
        "Depreciation And Amortization In Income Statement": 89000000.0,
        "Amortization": 89000000.0,
        "Amortization Of Intangibles Income Statement": 89000000.0,
        "Selling General And Administration": 561000000.0,
        "Selling And Marketing Expense": 64000000.0,
        "General And Administrative Expense": 497000000.0,
        "Other Gand A": 392000000.0,
        "Rent And Landing Fees": 105000000.0,
        "Gross Profit": 2657000000.0,
        "Cost Of Revenue": 2540000000.0,
        "Total Revenue": 5197000000.0,
        "Operating Revenue": 5197000000.0
    },
    "2024-12-31": {
        "Tax Effect Of Unusual Items": 3572990.965288,
        "Tax Rate For Calcs": 0.210176,
        "Normalized EBITDA": 2452000000.0,
        "Total Unusual Items": 17000000.0,
        "Total Unusual Items Excluding Goodwill": 17000000.0,
        "Net Income From Continuing Operation Net Minority Interest": 1670000000.0,
        "Reconciled Depreciation": 200000000.0,
        "Reconciled Cost Of Revenue": 2806000000.0,
        "EBITDA": 2469000000.0,
        "EBIT": 2269000000.0,
        "Net Interest Income": 46000000.0,
        "Interest Expense": 166000000.0,
        "Interest Income": 212000000.0,
        "Normalized Income": 1656572990.965288,
        "Net Income From Continuing And Discontinued Operation": 1670000000.0,
        "Total Expenses": 3637000000.0,
        "Rent Expense Supplemental": 113000000.0,
        "Total Operating Income As Reported": 2075000000.0,
        "Diluted Average Shares": 157000000.0,
        "Basic Average Shares": 155000000.0,
        "Diluted EPS": 10.63,
        "Basic EPS": 10.78,
        "Diluted NI Availto Com Stockholders": 1670000000.0,
        "Net Income Common Stockholders": 1670000000.0,
        "Net Income": 1670000000.0,
        "Minority Interests": 9000000.0,
        "Net Income Including Noncontrolling Interests": 1661000000.0,
        "Net Income Continuous Operations": 1661000000.0,
        "Tax Provision": 442000000.0,
        "Pretax Income": 2103000000.0,
        "Other Income Expense": 17000000.0,
        "Special Income Charges": 28000000.0,
        "Restructuring And Mergern Acquisition": -28000000.0,
        "Gain On Sale Of Security": -11000000.0,
        "Net Non Operating Interest Income Expense": 46000000.0,
        "Interest Expense Non Operating": 166000000.0,
        "Interest Income Non Operating": 212000000.0,
        "Operating Income": 2040000000.0,
        "Operating Expense": 756000000.0,
        "Depreciation Amortization Depletion Income Statement": 125000000.0,
        "Depreciation And Amortization In Income Statement": 125000000.0,
        "Amortization": 125000000.0,
        "Amortization Of Intangibles Income Statement": 125000000.0,
        "Selling General And Administration": 631000000.0,
        "Selling And Marketing Expense": 92000000.0,
        "General And Administrative Expense": 539000000.0,
        "Other Gand A": 426000000.0,
        "Rent And Landing Fees": 113000000.0,
        "Gross Profit": 2796000000.0,
        "Cost Of Revenue": 2881000000.0,
        "Total Revenue": 5677000000.0,
        "Operating Revenue": 5677000000.0
    },
    "2025-03-31": {
        "Tax Effect Of Unusual Items": -4230000.0,
        "Tax Rate For Calcs": 0.141,
        "Normalized EBITDA": 2153000000.0,
        "Total Unusual Items": -30000000.0,
        "Total Unusual Items Excluding Goodwill": -30000000.0,
        "Net Income From Continuing Operation Net Minority Interest": 1510000000.0,
        "Reconciled Depreciation": 194000000.0,
        "Reconciled Cost Of Revenue": 2673000000.0,
        "EBITDA": 2123000000.0,
        "EBIT": 1929000000.0,
        "Net Interest Income": 7000000.0,
        "Interest Expense": 166000000.0,
        "Interest Income": 173000000.0,
        "Normalized Income": 1535770000.0,
        "Net Income From Continuing And Discontinued Operation": 1510000000.0,
        "Total Expenses": 3490000000.0,
        "Rent Expense Supplemental": 114000000.0,
        "Total Operating Income As Reported": 1698000000.0,
        "Diluted Average Shares": 156600000.0,
        "Basic Average Shares": 155000000.0,
        "Diluted EPS": 9.64,
        "Basic EPS": 9.74,
        "Diluted NI Availto Com Stockholders": 1510000000.0,
        "Net Income Common Stockholders": 1510000000.0,
        "Net Income": 1510000000.0,
        "Minority Interests": -5000000.0,
        "Net Income Including Noncontrolling Interests": 1515000000.0,
        "Net Income Continuous Operations": 1515000000.0,
        "Tax Provision": 248000000.0,
        "Pretax Income": 1763000000.0,
        "Other Income Expense": -30000000.0,
        "Special Income Charges": -96000000.0,
        "Restructuring And Mergern Acquisition": 96000000.0,
        "Gain On Sale Of Security": 66000000.0,
        "Net Non Operating Interest Income Expense": 7000000.0,
        "Interest Expense Non Operating": 166000000.0,
        "Interest Income Non Operating": 173000000.0,
        "Operating Income": 1786000000.0,
        "Operating Expense": 740000000.0,
        "Depreciation Amortization Depletion Income Statement": 117000000.0,
        "Depreciation And Amortization In Income Statement": 117000000.0,
        "Amortization": 117000000.0,
        "Amortization Of Intangibles Income Statement": 117000000.0,
        "Selling General And Administration": 623000000.0,
        "Selling And Marketing Expense": 97000000.0,
        "General And Administrative Expense": 526000000.0,
        "Other Gand A": 412000000.0,
        "Rent And Landing Fees": 114000000.0,
        "Gross Profit": 2526000000.0,
        "Cost Of Revenue": 2750000000.0,
        "Total Revenue": 5276000000.0,
        "Operating Revenue": 5276000000.0
    },
    "2025-06-30": {
        "Tax Effect Of Unusual Items": 112343250.44405,
        "Tax Rate For Calcs": 0.260657,
        "Normalized EBITDA": 2211000000.0,
        "Total Unusual Items": 431000000.0,
        "Total Unusual Items Excluding Goodwill": 431000000.0,
        "Net Income From Continuing Operation Net Minority Interest": 1593000000.0,
        "Reconciled Depreciation": 217000000.0,
        "Reconciled Cost Of Revenue": 2747000000.0,
        "EBITDA": 2642000000.0,
        "EBIT": 2425000000.0,
        "Net Interest Income": -29000000.0,
        "Interest Expense": 173000000.0,
        "Interest Income": 144000000.0,
        "Normalized Income": 1274343250.44405,
        "Net Income From Continuing And Discontinued Operation": 1593000000.0,
        "Total Expenses": 3573000000.0,
        "Rent Expense Supplemental": 120000000.0,
        "Total Operating Income As Reported": 1731000000.0,
        "Diluted Average Shares": 156253855.0,
        "Basic Average Shares": 154868992.0,
        "Diluted EPS": 10.19,
        "Basic EPS": 10.29,
        "Diluted NI Availto Com Stockholders": 1593000000.0,
        "Net Income Common Stockholders": 1593000000.0,
        "Net Income": 1593000000.0,
        "Minority Interests": -72000000.0,
        "Net Income Including Noncontrolling Interests": 1665000000.0,
        "Net Income Continuous Operations": 1665000000.0,
        "Tax Provision": 587000000.0,
        "Pretax Income": 2252000000.0,
        "Other Income Expense": 431000000.0,
        "Special Income Charges": -115000000.0,
        "Restructuring And Mergern Acquisition": 115000000.0,
        "Gain On Sale Of Security": 546000000.0,
        "Net Non Operating Interest Income Expense": -29000000.0,
        "Interest Expense Non Operating": 173000000.0,
        "Interest Income Non Operating": 144000000.0,
        "Operating Income": 1850000000.0,
        "Operating Expense": 746000000.0,
        "Depreciation Amortization Depletion Income Statement": 137000000.0,
        "Depreciation And Amortization In Income Statement": 137000000.0,
        "Amortization": 137000000.0,
        "Amortization Of Intangibles Income Statement": 137000000.0,
        "Selling General And Administration": 609000000.0,
        "Selling And Marketing Expense": 93000000.0,
        "General And Administrative Expense": 516000000.0,
        "Other Gand A": 396000000.0,
        "Rent And Landing Fees": 120000000.0,
        "Gross Profit": 2596000000.0,
        "Cost Of Revenue": 2827000000.0,
        "Total Revenue": 5423000000.0,
        "Operating Revenue": 5423000000.0
    }
}