{
    "2023-03-31": {
        "Tax Effect Of Unusual Items": -452064.0,
        "Tax Rate For Calcs": 0.136,
        "Normalized EBITDA": 170259000.0,
        "Total Unusual Items": -3324000.0,
        "Total Unusual Items Excluding Goodwill": -3324000.0,
        "Net Income From Continuing Operation Net Minority Interest": 91311000.0,
        "Reconciled Depreciation": 46302000.0,
        "Reconciled Cost Of Revenue": 1008683000.0,
        "EBITDA": 166935000.0,
        "EBIT": 120633000.0,
        "Net Interest Income": -12444000.0,
        "Interest Expense": 12444000.0,
        "Normalized Income": 94182936.0,
        "Net Income From Continuing And Discontinued Operation": 91311000.0,
        "Total Expenses": 1120789000.0,
        "Total Operating Income As Reported": 120633000.0,
        "Diluted Average Shares": 98011000.0,
        "Basic Average Shares": 89116000.0,
        "Diluted EPS": 0.93,
        "Basic EPS": 1.02,
        "Diluted NI Availto Com Stockholders": 91311000.0,
        "Net Income Common Stockholders": 91311000.0,
        "Net Income": 91311000.0,
        "Minority Interests": -2117000.0,
        "Net Income Including Noncontrolling Interests": 93428000.0,
        "Net Income Continuous Operations": 93428000.0,
        "Tax Provision": 14761000.0,
        "Pretax Income": 108189000.0,
        "Other Income Expense": -3324000.0,
        "Special Income Charges": -3324000.0,
        "Other Special Charges": NaN,
        "Write Off": 3324000.0,
        "Gain On Sale Of Security": NaN,
        "Net Non Operating Interest Income Expense": -12444000.0,
        "Interest Expense Non Operating": 12444000.0,
        "Operating Income": 123957000.0,
        "Operating Expense": 112106000.0,
        "Depreciation Amortization Depletion Income Statement": 46302000.0,
        "Depreciation And Amortization In Income Statement": 46302000.0,
        "Selling General And Administration": 65804000.0,
        "General And Administrative Expense": 65804000.0,
        "Other Gand A": 65804000.0,
        "Gross Profit": 236063000.0,
        "Cost Of Revenue": 1008683000.0,
        "Total Revenue": 1244746000.0,
        "Operating Revenue": 1244746000.0
    },
    "2022-12-31": {
        "Tax Effect Of Unusual Items": NaN,
        "Tax Rate For Calcs": NaN,
        "Normalized EBITDA": NaN,
        "Total Unusual Items": NaN,
        "Total Unusual Items Excluding Goodwill": NaN,
        "Net Income From Continuing Operation Net Minority Interest": NaN,
        "Reconciled Depreciation": NaN,
        "Reconciled Cost Of Revenue": NaN,
        "EBITDA": NaN,
        "EBIT": NaN,
        "Net Interest Income": NaN,
        "Interest Expense": NaN,
        "Normalized Income": NaN,
        "Net Income From Continuing And Discontinued Operation": NaN,
        "Total Expenses": NaN,
        "Total Operating Income As Reported": NaN,
        "Diluted Average Shares": NaN,
        "Basic Average Shares": NaN,
        "Diluted EPS": NaN,
        "Basic EPS": NaN,
        "Diluted NI Availto Com Stockholders": NaN,
        "Net Income Common Stockholders": NaN,
        "Net Income": NaN,
        "Minority Interests": NaN,
        "Net Income Including Noncontrolling Interests": NaN,
        "Net Income Continuous Operations": NaN,
        "Tax Provision": NaN,
        "Pretax Income": NaN,
        "Other Income Expense": NaN,
        "Special Income Charges": NaN,
        "Other Special Charges": 0.0,
        "Write Off": NaN,
        "Restructuring And Mergern Acquisition": NaN,
        "Gain On Sale Of Security": 0.0,
        "Net Non Operating Interest Income Expense": NaN,
        "Interest Expense Non Operating": NaN,
        "Operating Income": NaN,
        "Operating Expense": NaN,
        "Depreciation Amortization Depletion Income Statement": NaN,
        "Depreciation And Amortization In Income Statement": NaN,
        "Selling General And Administration": NaN,
        "General And Administrative Expense": NaN,
        "Other Gand A": NaN,
        "Gross Profit": NaN,
        "Cost Of Revenue": NaN,
        "Total Revenue": NaN,
        "Operating Revenue": NaN
    },
    "2022-09-30": {
        "Tax Effect Of Unusual Items": NaN,
        "Tax Rate For Calcs": NaN,
        "Normalized EBITDA": NaN,
        "Total Unusual Items": NaN,
        "Total Unusual Items Excluding Goodwill": NaN,
        "Net Income From Continuing Operation Net Minority Interest": NaN,
        "Reconciled Depreciation": NaN,
        "Reconciled Cost Of Revenue": NaN,
        "EBITDA": NaN,
        "EBIT": NaN,
        "Net Interest Income": NaN,
        "Interest Expense": NaN,
        "Normalized Income": NaN,
        "Net Income From Continuing And Discontinued Operation": NaN,
        "Total Expenses": NaN,
        "Total Operating Income As Reported": NaN,
        "Diluted Average Shares": NaN,
        "Basic Average Shares": NaN,
        "Diluted EPS": NaN,
        "Basic EPS": NaN,
        "Diluted NI Availto Com Stockholders": NaN,
        "Average Dilution Earnings": 0.0,
        "Net Income Common Stockholders": NaN,
        "Net Income": NaN,
        "Minority Interests": NaN,
        "Net Income Including Noncontrolling Interests": NaN,
        "Net Income Continuous Operations": NaN,
        "Tax Provision": NaN,
        "Pretax Income": NaN,
        "Other Income Expense": NaN,
        "Special Income Charges": NaN,
        "Other Special Charges": NaN,
        "Write Off": NaN,
        "Gain On Sale Of Security": NaN,
        "Net Non Operating Interest Income Expense": NaN,
        "Interest Expense Non Operating": NaN,
        "Operating Income": NaN,
        "Operating Expense": NaN,
        "Other Operating Expenses": 267944000.0,
        "Depreciation Amortization Depletion Income Statement": NaN,
        "Depreciation And Amortization In Income Statement": NaN,
        "Selling General And Administration": NaN,
        "General And Administrative Expense": NaN,
        "Other Gand A": NaN,
        "Gross Profit": NaN,
        "Cost Of Revenue": NaN,
        "Total Revenue": NaN,
        "Operating Revenue": NaN
    },
    "2022-06-30": {
        "Tax Effect Of Unusual Items": -50203200.0,
        "Tax Rate For Calcs": 0.4,
        "Normalized EBITDA": 129169000.0,
        "Total Unusual Items": -125508000.0,
        "Total Unusual Items Excluding Goodwill": -125508000.0,
        "Net Income From Continuing Operation Net Minority Interest": -63635000.0,
        "Reconciled Depreciation": 41257000.0,
        "Reconciled Cost Of Revenue": 936747000.0,
        "EBITDA": 3661000.0,
        "EBIT": -37596000.0,
        "Net Interest Income": -12548000.0,
        "Interest Expense": 12548000.0,
        "Normalized Income": 11669800.0,
        "Net Income From Continuing And Discontinued Operation": -63635000.0,
        "Total Expenses": 1037250000.0,
        "Total Operating Income As Reported": 87719000.0,
        "Diluted Average Shares": 88898000.0,
        "Basic Average Shares": 88898000.0,
        "Diluted EPS": -0.72,
        "Basic EPS": -0.72,
        "Diluted NI Availto Com Stockholders": -63635000.0,
        "Average Dilution Earnings": 0.0,
        "Net Income Common Stockholders": -63635000.0,
        "Net Income": -63635000.0,
        "Minority Interests": -1955000.0,
        "Net Income Including Noncontrolling Interests": -61680000.0,
        "Net Income Continuous Operations": -61680000.0,
        "Tax Provision": 11536000.0,
        "Pretax Income": -50144000.0,
        "Other Income Expense": -125508000.0,
        "Other Non Operating Income Expenses": NaN,
        "Special Income Charges": -107823000.0,
        "Other Special Charges": 107630000.0,
        "Write Off": 193000.0,
        "Gain On Sale Of Security": -17685000.0,
        "Net Non Operating Interest Income Expense": -12548000.0,
        "Interest Expense Non Operating": 12548000.0,
        "Operating Income": 87912000.0,
        "Operating Expense": 100503000.0,
        "Other Operating Expenses": 263529000.0,
        "Depreciation Amortization Depletion Income Statement": 41257000.0,
        "Depreciation And Amortization In Income Statement": 41257000.0,
        "Selling General And Administration": 59246000.0,
        "General And Administrative Expense": 59246000.0,
        "Other Gand A": 59246000.0,
        "Gross Profit": 188415000.0,
        "Cost Of Revenue": 936747000.0,
        "Total Revenue": 1125162000.0,
        "Operating Revenue": 1125162000.0
    },
    "2023-06-30": {
        "Tax Effect Of Unusual Items": -155295.0,
        "Tax Rate For Calcs": 0.085,
        "Normalized EBITDA": 138838000.0,
        "Total Unusual Items": -1827000.0,
        "Total Unusual Items Excluding Goodwill": -1827000.0,
        "Net Income From Continuing Operation Net Minority Interest": 68277000.0,
        "Reconciled Depreciation": 47565000.0,
        "Reconciled Cost Of Revenue": 950498000.0,
        "EBITDA": 137011000.0,
        "EBIT": 89446000.0,
        "Net Interest Income": -12961000.0,
        "Interest Expense": 12961000.0,
        "Normalized Income": 69948705.0,
        "Net Income From Continuing And Discontinued Operation": 68277000.0,
        "Total Expenses": 1061421000.0,
        "Total Operating Income As Reported": 89446000.0,
        "Diluted Average Shares": 97401000.0,
        "Basic Average Shares": 88559000.0,
        "Diluted EPS": 0.7,
        "Basic EPS": 0.77,
        "Diluted NI Availto Com Stockholders": 68277000.0,
        "Net Income Common Stockholders": 68277000.0,
        "Net Income": 68277000.0,
        "Minority Interests": -1725000.0,
        "Net Income Including Noncontrolling Interests": 70002000.0,
        "Net Income Continuous Operations": 70002000.0,
        "Tax Provision": 6483000.0,
        "Pretax Income": 76485000.0,
        "Other Income Expense": -1827000.0,
        "Special Income Charges": -1827000.0,
        "Other Special Charges": NaN,
        "Write Off": 1827000.0,
        "Restructuring And Mergern Acquisition": NaN,
        "Net Non Operating Interest Income Expense": -12961000.0,
        "Interest Expense Non Operating": 12961000.0,
        "Operating Income": 91273000.0,
        "Operating Expense": 110923000.0,
        "Depreciation Amortization Depletion Income Statement": 47565000.0,
        "Depreciation And Amortization In Income Statement": 47565000.0,
        "Selling General And Administration": 63358000.0,
        "General And Administrative Expense": 63358000.0,
        "Other Gand A": 63358000.0,
        "Gross Profit": 202196000.0,
        "Cost Of Revenue": 950498000.0,
        "Total Revenue": 1152694000.0,
        "Operating Revenue": 1152694000.0
    },
    "2022-03-31": {
        "Diluted EPS": 0.73,
        "Total Revenue": NaN,
        "Gross Profit": 469,
        "Operating Income": 107,
        "EBIT": 158,
        "Net Income": 76
    },
    "2021-12-31": {
        "Diluted EPS": 0.59,
        "Total Revenue": NaN,
        "Gross Profit": 431,
        "Operating Income": 78,
        "EBIT": 127,
        "Net Income": 61
    },
    "2021-09-30": {
        "Diluted EPS": 0.03,
        "Total Revenue": NaN,
        "Gross Profit": 416,
        "Operating Income": 15,
        "EBIT": 62,
        "Net Income": 3
    },
    "2021-06-30": {
        "Diluted EPS": 0.75,
        "Total Revenue": NaN,
        "Gross Profit": 470,
        "Operating Income": 125,
        "EBIT": 172,
        "Net Income": 83
    },
    "2021-03-31": {
        "Diluted EPS": 0.63,
        "Total Revenue": 987,
        "Gross Profit": 421,
        "Operating Income": 91,
        "EBIT": 142,
        "Net Income": 69
    },
    "2020-12-31": {
        "Diluted EPS": -0.16,
        "Total Revenue": 813,
        "Gross Profit": 317,
        "Operating Income": -7,
        "EBIT": 45,
        "Net Income": -14
    },
    "2020-09-30": {
        "Diluted EPS": -0.2,
        "Total Revenue": 771,
        "Gross Profit": 294,
        "Operating Income": -14,
        "EBIT": 37,
        "Net Income": -18
    },
    "2020-06-30": {
        "Diluted EPS": -1.05,
        "Total Revenue": 578,
        "Gross Profit": 192,
        "Operating Income": -112,
        "EBIT": -61,
        "Net Income": -92
    },
    "2020-03-31": {
        "Diluted EPS": -0.44,
        "Total Revenue": NaN,
        "Gross Profit": 379,
        "Operating Income": -42,
        "EBIT": 16,
        "Net Income": -38
    },
    "2019-12-31": {
        "Diluted EPS": 0.33,
        "Total Revenue": NaN,
        "Gross Profit": 411,
        "Operating Income": 43,
        "EBIT": 101,
        "Net Income": 28
    },
    "2019-09-30": {
        "Diluted EPS": 0.11,
        "Total Revenue": 967,
        "Gross Profit": 378,
        "Operating Income": 22,
        "EBIT": 75,
        "Net Income": 9
    },
    "2019-06-30": {
        "Diluted EPS": 0.32,
        "Total Revenue": NaN,
        "Gross Profit": 408,
        "Operating Income": 43,
        "EBIT": 100,
        "Net Income": 29
    },
    "2019-03-31": {
        "Diluted EPS": 0.69,
        "Total Revenue": NaN,
        "Gross Profit": 457,
        "Operating Income": 82,
        "EBIT": 141,
        "Net Income": 64
    },
    "2018-12-31": {
        "Diluted EPS": 0.14,
        "Total Revenue": NaN,
        "Gross Profit": 405,
        "Operating Income": 21,
        "EBIT": 79,
        "Net Income": 11
    },
    "2018-09-30": {
        "Diluted EPS": 0.04,
        "Total Revenue": 965,
        "Gross Profit": 369,
        "Operating Income": 13,
        "EBIT": 69,
        "Net Income": 4
    },
    "2018-06-30": {
        "Diluted EPS": 0.28,
        "Total Revenue": NaN,
        "Gross Profit": 407,
        "Operating Income": 33,
        "EBIT": 90,
        "Net Income": 27
    },
    "2018-03-31": {
        "Diluted EPS": 0.68,
        "Total Revenue": NaN,
        "Gross Profit": 453,
        "Operating Income": 78,
        "EBIT": 139,
        "Net Income": 65
    },
    "2017-12-31": {
        "Diluted EPS": 0.16,
        "Total Revenue": NaN,
        "Gross Profit": 432,
        "Operating Income": 15,
        "EBIT": 74,
        "Net Income": 12
    },
    "2017-09-30": {
        "Diluted EPS": 0.06,
        "Total Revenue": 956,
        "Gross Profit": 374,
        "Operating Income": 5,
        "EBIT": 58,
        "Net Income": 6
    },
    "2017-06-30": {
        "Diluted EPS": 0.34,
        "Total Revenue": NaN,
        "Gross Profit": 415,
        "Operating Income": 41,
        "EBIT": 96,
        "Net Income": 35
    },
    "2017-03-31": {
        "Diluted EPS": 0.46,
        "Total Revenue": NaN,
        "Gross Profit": 466,
        "Operating Income": 77,
        "EBIT": 132,
        "Net Income": 49
    },
    "2016-12-31": {
        "Diluted EPS": -0.05,
        "Total Revenue": NaN,
        "Gross Profit": 413,
        "Operating Income": -8,
        "EBIT": 52,
        "Net Income": -7
    },
    "2016-09-30": {
        "Diluted EPS": 0.18,
        "Total Revenue": NaN,
        "Gross Profit": 393,
        "Operating Income": 32,
        "EBIT": 87,
        "Net Income": 21
    },
    "2016-06-30": {
        "Diluted EPS": -0.08,
        "Total Revenue": NaN,
        "Gross Profit": 423,
        "Operating Income": 13,
        "EBIT": 70,
        "Net Income": -9
    },
    "2016-03-31": {
        "Diluted EPS": 0.29,
        "Total Revenue": NaN,
        "Gross Profit": 466,
        "Operating Income": 87,
        "EBIT": 145,
        "Net Income": 34
    },
    "2015-12-31": {
        "Diluted EPS": 0.15,
        "Total Revenue": NaN,
        "Gross Profit": 420,
        "Operating Income": 32,
        "EBIT": 90,
        "Net Income": 18
    },
    "2015-09-30": {
        "Diluted EPS": 0.13,
        "Total Revenue": NaN,
        "Gross Profit": 401,
        "Operating Income": 39,
        "EBIT": 92,
        "Net Income": 17
    },
    "2015-06-30": {
        "Diluted EPS": 0.26,
        "Total Revenue": NaN,
        "Gross Profit": 441,
        "Operating Income": 63,
        "EBIT": 117,
        "Net Income": 32
    },
    "2015-03-31": {
        "Diluted EPS": 0.47,
        "Total Revenue": NaN,
        "Gross Profit": 491,
        "Operating Income": 98,
        "EBIT": 155,
        "Net Income": 61
    },
    "2014-12-31": {
        "Diluted EPS": 0.17,
        "Total Revenue": NaN,
        "Gross Profit": 444,
        "Operating Income": 41,
        "EBIT": 98,
        "Net Income": 22
    },
    "2014-09-30": {
        "Diluted EPS": -0.09,
        "Total Revenue": NaN,
        "Gross Profit": 422,
        "Operating Income": -1,
        "EBIT": 54,
        "Net Income": -11
    },
    "2014-06-30": {
        "Diluted EPS": 0.21,
        "Total Revenue": NaN,
        "Gross Profit": 450,
        "Operating Income": 62,
        "EBIT": 118,
        "Net Income": 26
    },
    "2014-03-31": {
        "Diluted EPS": 0.42,
        "Total Revenue": NaN,
        "Gross Profit": 473,
        "Operating Income": 90,
        "EBIT": 146,
        "Net Income": 54
    },
    "2013-12-31": {
        "Diluted EPS": 0.46,
        "Total Revenue": NaN,
        "Gross Profit": 410,
        "Operating Income": 31,
        "EBIT": 81,
        "Net Income": 59
    },
    "2013-09-30": {
        "Diluted EPS": 0.09,
        "Total Revenue": 968,
        "Gross Profit": 376,
        "Operating Income": 30,
        "EBIT": 75,
        "Net Income": 11
    },
    "2013-06-30": {
        "Diluted EPS": 0.58,
        "Total Revenue": NaN,
        "Gross Profit": 409,
        "Operating Income": 68,
        "EBIT": 115,
        "Net Income": 75
    },
    "2013-03-31": {
        "Diluted EPS": 0.5,
        "Total Revenue": NaN,
        "Gross Profit": 442,
        "Operating Income": 97,
        "EBIT": 146,
        "Net Income": 63
    },
    "2012-12-31": {
        "Diluted EPS": 0.12,
        "Total Revenue": 998,
        "Gross Profit": 395,
        "Operating Income": 54,
        "EBIT": 100,
        "Net Income": 18
    },
    "2012-09-30": {
        "Diluted EPS": -0.31,
        "Total Revenue": 953,
        "Gross Profit": 373,
        "Operating Income": -12,
        "EBIT": 33,
        "Net Income": -36
    },
    "2012-06-30": {
        "Diluted EPS": 0.16,
        "Total Revenue": 981,
        "Gross Profit": 394,
        "Operating Income": 49,
        "EBIT": 95,
        "Net Income": 17
    },
    "2012-03-31": {
        "Diluted EPS": 0.47,
        "Total Revenue": NaN,
        "Gross Profit": 426,
        "Operating Income": 90,
        "EBIT": 139,
        "Net Income": 50
    },
    "2011-12-31": {
        "Diluted EPS": 0.28,
        "Total Revenue": 956,
        "Gross Profit": 379,
        "Operating Income": 61,
        "EBIT": 108,
        "Net Income": 31
    },
    "2011-09-30": {
        "Diluted EPS": 0.01,
        "Total Revenue": 928,
        "Gross Profit": 366,
        "Operating Income": 21,
        "EBIT": 65,
        "Net Income": 1
    },
    "2011-06-30": {
        "Diluted EPS": 0.13,
        "Total Revenue": 956,
        "Gross Profit": 375,
        "Operating Income": 41,
        "EBIT": 86,
        "Net Income": 14
    },
    "2011-03-31": {
        "Diluted EPS": 0.52,
        "Total Revenue": NaN,
        "Gross Profit": 401,
        "Operating Income": 91,
        "EBIT": 138,
        "Net Income": 55
    },
    "2010-12-31": {
        "Diluted EPS": 0.0,
        "Total Revenue": NaN,
        "Gross Profit": NaN,
        "Operating Income": NaN,
        "EBIT": NaN,
        "Net Income": NaN
    },
    "2009-12-31": {
        "Diluted EPS": 0.0,
        "Total Revenue": NaN,
        "Gross Profit": NaN,
        "Operating Income": NaN,
        "EBIT": NaN,
        "Net Income": NaN
    },
    "2023-09-30": {
        "Tax Effect Of Unusual Items": NaN,
        "Tax Rate For Calcs": NaN,
        "Normalized EBITDA": NaN,
        "Total Unusual Items": NaN,
        "Total Unusual Items Excluding Goodwill": NaN,
        "Net Income From Continuing Operation Net Minority Interest": NaN,
        "Reconciled Depreciation": NaN,
        "Reconciled Cost Of Revenue": NaN,
        "EBITDA": NaN,
        "EBIT": NaN,
        "Net Interest Income": NaN,
        "Interest Expense": NaN,
        "Normalized Income": NaN,
        "Net Income From Continuing And Discontinued Operation": NaN,
        "Total Expenses": NaN,
        "Total Operating Income As Reported": NaN,
        "Diluted Average Shares": 98548000.0,
        "Basic Average Shares": 88707000.0,
        "Diluted EPS": 0.45,
        "Basic EPS": 0.5,
        "Diluted NI Availto Com Stockholders": NaN,
        "Net Income Common Stockholders": NaN,
        "Net Income": NaN,
        "Minority Interests": NaN,
        "Net Income Including Noncontrolling Interests": NaN,
        "Net Income Continuous Operations": NaN,
        "Tax Provision": NaN,
        "Pretax Income": NaN,
        "Other Income Expense": NaN,
        "Special Income Charges": NaN,
        "Other Special Charges": NaN,
        "Write Off": NaN,
        "Restructuring And Mergern Acquisition": NaN,
        "Net Non Operating Interest Income Expense": NaN,
        "Interest Expense Non Operating": NaN,
        "Operating Income": NaN,
        "Operating Expense": NaN,
        "Depreciation Amortization Depletion Income Statement": NaN,
        "Depreciation And Amortization In Income Statement": NaN,
        "Selling General And Administration": NaN,
        "General And Administrative Expense": NaN,
        "Other Gand A": NaN,
        "Gross Profit": NaN,
        "Cost Of Revenue": NaN,
        "Total Revenue": NaN,
        "Operating Revenue": NaN
    },
    "2023-12-31": {
        "Tax Effect Of Unusual Items": -7230510.0,
        "Tax Rate For Calcs": 0.21,
        "Normalized EBITDA": 140586000.0,
        "Total Unusual Items": -34431000.0,
        "Total Unusual Items Excluding Goodwill": -34431000.0,
        "Net Income From Continuing Operation Net Minority Interest": 43270000.0,
        "Reconciled Depreciation": 49306000.0,
        "Reconciled Cost Of Revenue": 984549000.0,
        "EBITDA": 106155000.0,
        "EBIT": 56849000.0,
        "Net Interest Income": -13921000.0,
        "Interest Expense": 13921000.0,
        "Normalized Income": 70470490.0,
        "Net Income From Continuing And Discontinued Operation": 43270000.0,
        "Total Expenses": 1102917000.0,
        "Total Operating Income As Reported": 56849000.0,
        "Diluted Average Shares": 96226000.0,
        "Basic Average Shares": 86918000.0,
        "Diluted EPS": 0.45,
        "Basic EPS": 0.5,
        "Diluted NI Availto Com Stockholders": 43270000.0,
        "Net Income Common Stockholders": 43270000.0,
        "Net Income": 43270000.0,
        "Minority Interests": -2283000.0,
        "Net Income Including Noncontrolling Interests": 45553000.0,
        "Net Income Continuous Operations": 45553000.0,
        "Tax Provision": -2625000.0,
        "Pretax Income": 42928000.0,
        "Other Income Expense": -34431000.0,
        "Special Income Charges": -34431000.0,
        "Other Special Charges": NaN,
        "Write Off": 41269000.0,
        "Restructuring And Mergern Acquisition": NaN,
        "Net Non Operating Interest Income Expense": -13921000.0,
        "Interest Expense Non Operating": 13921000.0,
        "Operating Income": 91280000.0,
        "Operating Expense": 118368000.0,
        "Depreciation Amortization Depletion Income Statement": 49306000.0,
        "Depreciation And Amortization In Income Statement": 49306000.0,
        "Selling General And Administration": 69062000.0,
        "General And Administrative Expense": 69062000.0,
        "Other Gand A": 69062000.0,
        "Gross Profit": 209648000.0,
        "Cost Of Revenue": 984549000.0,
        "Total Revenue": 1194197000.0,
        "Operating Revenue": 1190591000.0
    },
    "2024-03-31": {
        "Tax Effect Of Unusual Items": NaN,
        "Tax Rate For Calcs": NaN,
        "Normalized EBITDA": NaN,
        "Total Unusual Items": NaN,
        "Total Unusual Items Excluding Goodwill": NaN,
        "Net Income From Continuing Operation Net Minority Interest": NaN,
        "Reconciled Depreciation": NaN,
        "Reconciled Cost Of Revenue": NaN,
        "EBITDA": NaN,
        "EBIT": NaN,
        "Net Interest Income": NaN,
        "Interest Expense": NaN,
        "Normalized Income": NaN,
        "Net Income From Continuing And Discontinued Operation": NaN,
        "Total Expenses": NaN,
        "Total Operating Income As Reported": NaN,
        "Diluted Average Shares": NaN,
        "Basic Average Shares": NaN,
        "Diluted EPS": NaN,
        "Basic EPS": NaN,
        "Diluted NI Availto Com Stockholders": NaN,
        "Net Income Common Stockholders": NaN,
        "Net Income": NaN,
        "Minority Interests": NaN,
        "Net Income Including Noncontrolling Interests": NaN,
        "Net Income Discontinuous Operations": 2908000.0,
        "Net Income Continuous Operations": NaN,
        "Earnings From Equity Interest Net Of Tax": 0.0,
        "Tax Provision": NaN,
        "Pretax Income": NaN,
        "Other Income Expense": NaN,
        "Special Income Charges": NaN,
        "Other Special Charges": 135797000.0,
        "Write Off": NaN,
        "Restructuring And Mergern Acquisition": NaN,
        "Net Non Operating Interest Income Expense": NaN,
        "Interest Expense Non Operating": NaN,
        "Operating Income": NaN,
        "Operating Expense": NaN,
        "Depreciation Amortization Depletion Income Statement": NaN,
        "Depreciation And Amortization In Income Statement": NaN,
        "Selling General And Administration": NaN,
        "General And Administrative Expense": NaN,
        "Other Gand A": NaN,
        "Gross Profit": NaN,
        "Cost Of Revenue": NaN,
        "Total Revenue": NaN,
        "Operating Revenue": NaN
    },
    "2024-06-30": {
        "Tax Effect Of Unusual Items": NaN,
        "Tax Rate For Calcs": NaN,
        "Normalized EBITDA": NaN,
        "Total Unusual Items": NaN,
        "Total Unusual Items Excluding Goodwill": NaN,
        "Net Income From Continuing Operation Net Minority Interest": NaN,
        "Reconciled Depreciation": NaN,
        "Reconciled Cost Of Revenue": NaN,
        "EBITDA": NaN,
        "EBIT": NaN,
        "Net Interest Income": NaN,
        "Interest Expense": NaN,
        "Normalized Income": NaN,
        "Net Income From Continuing And Discontinued Operation": NaN,
        "Total Expenses": NaN,
        "Total Operating Income As Reported": NaN,
        "Diluted Average Shares": NaN,
        "Basic Average Shares": NaN,
        "Diluted EPS": NaN,
        "Basic EPS": NaN,
        "Diluted NI Availto Com Stockholders": NaN,
        "Net Income Common Stockholders": NaN,
        "Net Income": NaN,
        "Minority Interests": NaN,
        "Net Income Including Noncontrolling Interests": NaN,
        "Net Income Discontinuous Operations": 3655000.0,
        "Net Income Continuous Operations": NaN,
        "Earnings From Equity Interest Net Of Tax": 0.0,
        "Tax Provision": NaN,
        "Pretax Income": NaN,
        "Other Income Expense": NaN,
        "Special Income Charges": NaN,
        "Other Special Charges": NaN,
        "Write Off": NaN,
        "Restructuring And Mergern Acquisition": 2213000.0,
        "Net Non Operating Interest Income Expense": NaN,
        "Interest Expense Non Operating": NaN,
        "Operating Income": NaN,
        "Operating Expense": NaN,
        "Depreciation Amortization Depletion Income Statement": NaN,
        "Depreciation And Amortization In Income Statement": NaN,
        "Selling General And Administration": NaN,
        "General And Administrative Expense": NaN,
        "Other Gand A": NaN,
        "Gross Profit": NaN,
        "Cost Of Revenue": NaN,
        "Total Revenue": NaN,
        "Operating Revenue": NaN
    },
    "2024-09-30": {
        "Tax Effect Of Unusual Items": -1222620.0,
        "Tax Rate For Calcs": 0.21,
        "Normalized EBITDA": 58583000.0,
        "Total Unusual Items": -5822000.0,
        "Total Unusual Items Excluding Goodwill": -5822000.0,
        "Net Income From Continuing Operation Net Minority Interest": -665000.0,
        "Reconciled Depreciation": 44344000.0,
        "Reconciled Cost Of Revenue": 791441000.0,
        "EBITDA": 52761000.0,
        "EBIT": 8417000.0,
        "Net Interest Income": -16483000.0,
        "Interest Expense": 16483000.0,
        "Normalized Income": 3934380.0,
        "Net Income From Continuing And Discontinued Operation": 6912000.0,
        "Total Expenses": 895774000.0,
        "Total Operating Income As Reported": 8642000.0,
        "Diluted Average Shares": 86164000.0,
        "Basic Average Shares": 85063000.0,
        "Diluted EPS": 0.08,
        "Basic EPS": 0.08,
        "Diluted NI Availto Com Stockholders": 6912000.0,
        "Net Income Common Stockholders": 6912000.0,
        "Net Income": 6912000.0,
        "Minority Interests": -629000.0,
        "Net Income Including Noncontrolling Interests": 7541000.0,
        "Net Income Discontinuous Operations": NaN,
        "Net Income Continuous Operations": -36000.0,
        "Earnings From Equity Interest Net Of Tax": NaN,
        "Tax Provision": -8030000.0,
        "Pretax Income": -8066000.0,
        "Other Income Expense": -5822000.0,
        "Special Income Charges": -5822000.0,
        "Other Special Charges": 225000.0,
        "Write Off": 1268000.0,
        "Restructuring And Mergern Acquisition": 4329000.0,
        "Net Non Operating Interest Income Expense": -16483000.0,
        "Interest Expense Non Operating": 16483000.0,
        "Operating Income": 14239000.0,
        "Operating Expense": 104333000.0,
        "Depreciation Amortization Depletion Income Statement": 44344000.0,
        "Depreciation And Amortization In Income Statement": 44344000.0,
        "Selling General And Administration": 59989000.0,
        "General And Administrative Expense": 59989000.0,
        "Other Gand A": 59989000.0,
        "Gross Profit": 118572000.0,
        "Cost Of Revenue": 791441000.0,
        "Total Revenue": 910013000.0,
        "Operating Revenue": 910013000.0
    },
    "2024-12-31": {
        "Tax Effect Of Unusual Items": -6627600.0,
        "Tax Rate For Calcs": 0.21,
        "Normalized EBITDA": 57499000.0,
        "Total Unusual Items": -31560000.0,
        "Total Unusual Items Excluding Goodwill": -31560000.0,
        "Net Income From Continuing Operation Net Minority Interest": -3479000.0,
        "Reconciled Depreciation": 26565000.0,
        "Reconciled Cost Of Revenue": 517042000.0,
        "EBITDA": 25939000.0,
        "EBIT": -626000.0,
        "Net Interest Income": -18222000.0,
        "Interest Expense": 18222000.0,
        "Normalized Income": 21453400.0,
        "Net Income From Continuing And Discontinued Operation": -79461000.0,
        "Total Expenses": 566577000.0,
        "Total Operating Income As Reported": -626000.0,
        "Diluted Average Shares": 85428000.0,
        "Basic Average Shares": 84845000.0,
        "Diluted EPS": -0.94,
        "Basic EPS": -0.94,
        "Diluted NI Availto Com Stockholders": -79461000.0,
        "Net Income Common Stockholders": -79461000.0,
        "Net Income": -79461000.0,
        "Minority Interests": -1924000.0,
        "Net Income Including Noncontrolling Interests": -77537000.0,
        "Net Income Discontinuous Operations": NaN,
        "Net Income Continuous Operations": -1555000.0,
        "Earnings From Equity Interest Net Of Tax": NaN,
        "Tax Provision": -17293000.0,
        "Pretax Income": -18848000.0,
        "Other Income Expense": -31560000.0,
        "Special Income Charges": -31560000.0,
        "Other Special Charges": 0.0,
        "Write Off": 29267000.0,
        "Restructuring And Mergern Acquisition": 2293000.0,
        "Net Non Operating Interest Income Expense": -18222000.0,
        "Interest Expense Non Operating": 18222000.0,
        "Operating Income": 30934000.0,
        "Operating Expense": 49535000.0,
        "Depreciation Amortization Depletion Income Statement": 26565000.0,
        "Depreciation And Amortization In Income Statement": 26565000.0,
        "Selling General And Administration": 22970000.0,
        "General And Administrative Expense": 22970000.0,
        "Other Gand A": 22970000.0,
        "Gross Profit": 80469000.0,
        "Cost Of Revenue": 517042000.0,
        "Total Revenue": 597511000.0,
        "Operating Revenue": 597511000.0
    },
    "2025-03-31": {
        "Tax Effect Of Unusual Items": -7000.0,
        "Tax Rate For Calcs": 0.02,
        "Normalized EBITDA": 101528000.0,
        "Total Unusual Items": -350000.0,
        "Total Unusual Items Excluding Goodwill": -350000.0,
        "Net Income From Continuing Operation Net Minority Interest": 42406000.0,
        "Reconciled Depreciation": 43947000.0,
        "Reconciled Cost Of Revenue": 886689000.0,
        "EBITDA": 101178000.0,
        "EBIT": 57231000.0,
        "Net Interest Income": -11187000.0,
        "Interest Expense": 11187000.0,
        "Normalized Income": 42749000.0,
        "Net Income From Continuing And Discontinued Operation": 42152000.0,
        "Total Expenses": 992013000.0,
        "Total Operating Income As Reported": 57231000.0,
        "Diluted Average Shares": 85130000.0,
        "Basic Average Shares": 84902000.0,
        "Diluted EPS": 0.5,
        "Basic EPS": 0.5,
        "Diluted NI Availto Com Stockholders": 42152000.0,
        "Net Income Common Stockholders": 42152000.0,
        "Net Income": 42152000.0,
        "Minority Interests": -1444000.0,
        "Net Income Including Noncontrolling Interests": 43596000.0,
        "Net Income Discontinuous Operations": -254000.0,
        "Net Income Continuous Operations": 43850000.0,
        "Earnings From Equity Interest Net Of Tax": -1291000.0,
        "Tax Provision": 903000.0,
        "Pretax Income": 46044000.0,
        "Other Income Expense": -350000.0,
        "Special Income Charges": -350000.0,
        "Other Special Charges": NaN,
        "Write Off": 350000.0,
        "Restructuring And Mergern Acquisition": NaN,
        "Net Non Operating Interest Income Expense": -11187000.0,
        "Interest Expense Non Operating": 11187000.0,
        "Operating Income": 57581000.0,
        "Operating Expense": 105324000.0,
        "Depreciation Amortization Depletion Income Statement": 43947000.0,
        "Depreciation And Amortization In Income Statement": 43947000.0,
        "Selling General And Administration": 61377000.0,
        "General And Administrative Expense": 61377000.0,
        "Other Gand A": 61377000.0,
        "Gross Profit": 162905000.0,
        "Cost Of Revenue": 886689000.0,
        "Total Revenue": 1049594000.0,
        "Operating Revenue": 1049594000.0
    },
    "2025-06-30": {
        "Tax Effect Of Unusual Items": -323400.0,
        "Tax Rate For Calcs": 0.21,
        "Normalized EBITDA": 75788000.0,
        "Total Unusual Items": -1540000.0,
        "Total Unusual Items Excluding Goodwill": -1540000.0,
        "Net Income From Continuing Operation Net Minority Interest": 24640000.0,
        "Reconciled Depreciation": 44598000.0,
        "Reconciled Cost Of Revenue": 867051000.0,
        "EBITDA": 74248000.0,
        "EBIT": 29650000.0,
        "Net Interest Income": -10699000.0,
        "Interest Expense": 10699000.0,
        "Normalized Income": 25856600.0,
        "Net Income From Continuing And Discontinued Operation": 25419000.0,
        "Total Expenses": 971176000.0,
        "Total Operating Income As Reported": 29650000.0,
        "Diluted Average Shares": 85140000.0,
        "Basic Average Shares": 85041000.0,
        "Diluted EPS": 0.3,
        "Basic EPS": 0.3,
        "Diluted NI Availto Com Stockholders": 25419000.0,
        "Net Income Common Stockholders": 25419000.0,
        "Net Income": 25419000.0,
        "Minority Interests": -1253000.0,
        "Net Income Including Noncontrolling Interests": 26672000.0,
        "Net Income Discontinuous Operations": 779000.0,
        "Net Income Continuous Operations": 25893000.0,
        "Earnings From Equity Interest Net Of Tax": -1806000.0,
        "Tax Provision": -8748000.0,
        "Pretax Income": 18951000.0,
        "Other Income Expense": -1540000.0,
        "Special Income Charges": -1540000.0,
        "Other Special Charges": NaN,
        "Write Off": 5680000.0,
        "Restructuring And Mergern Acquisition": -4140000.0,
        "Net Non Operating Interest Income Expense": -10699000.0,
        "Interest Expense Non Operating": 10699000.0,
        "Operating Income": 31190000.0,
        "Operating Expense": 104125000.0,
        "Depreciation Amortization Depletion Income Statement": 44598000.0,
        "Depreciation And Amortization In Income Statement": 44598000.0,
        "Selling General And Administration": 59527000.0,
        "General And Administrative Expense": 59527000.0,
        "Other Gand A": 59527000.0,
        "Gross Profit": 135315000.0,
        "Cost Of Revenue": 867051000.0,
        "Total Revenue": 1002366000.0,
        "Operating Revenue": 1002366000.0
    },
    "2025-09-30": {
        "Tax Effect Of Unusual Items": -1695036.0,
        "Tax Rate For Calcs": 0.051,
        "Normalized EBITDA": 41763000.0,
        "Total Unusual Items": -33236000.0,
        "Total Unusual Items Excluding Goodwill": -33236000.0,
        "Net Income From Continuing Operation Net Minority Interest": -46048000.0,
        "Reconciled Depreciation": 44947000.0,
        "Reconciled Cost Of Revenue": 827947000.0,
        "EBITDA": 8527000.0,
        "EBIT": -36420000.0,
        "Net Interest Income": -11112000.0,
        "Interest Expense": 11112000.0,
        "Normalized Income": -14507036.0,
        "Net Income From Continuing And Discontinued Operation": -45859000.0,
        "Total Expenses": 931997000.0,
        "Total Operating Income As Reported": -36420000.0,
        "Diluted Average Shares": 85093000.0,
        "Basic Average Shares": 85093000.0,
        "Diluted EPS": -0.54,
        "Basic EPS": -0.54,
        "Diluted NI Availto Com Stockholders": -45859000.0,
        "Net Income Common Stockholders": -45859000.0,
        "Net Income": -45859000.0,
        "Minority Interests": -583000.0,
        "Net Income Including Noncontrolling Interests": -45276000.0,
        "Net Income Discontinuous Operations": 189000.0,
        "Net Income Continuous Operations": -45465000.0,
        "Earnings From Equity Interest Net Of Tax": -337000.0,
        "Tax Provision": -2404000.0,
        "Pretax Income": -47532000.0,
        "Other Income Expense": -33236000.0,
        "Special Income Charges": -33236000.0,
        "Other Special Charges": NaN,
        "Write Off": 32455000.0,
        "Restructuring And Mergern Acquisition": 781000.0,
        "Net Non Operating Interest Income Expense": -11112000.0,
        "Interest Expense Non Operating": 11112000.0,
        "Operating Income": -3184000.0,
        "Operating Expense": 104050000.0,
        "Depreciation Amortization Depletion Income Statement": 44947000.0,
        "Depreciation And Amortization In Income Statement": 44947000.0,
        "Selling General And Administration": 59103000.0,
        "General And Administrative Expense": 59103000.0,
        "Other Gand A": 59103000.0,
        "Gross Profit": 100866000.0,
        "Cost Of Revenue": 827947000.0,
        "Total Revenue": 928813000.0,
        "Operating Revenue": 928813000.0
    }
}