{
    "2023-03-31": {
        "Tax Effect Of Unusual Items": NaN,
        "Tax Rate For Calcs": NaN,
        "Normalized EBITDA": NaN,
        "Total Unusual Items": NaN,
        "Total Unusual Items Excluding Goodwill": NaN,
        "Net Income From Continuing Operation Net Minority Interest": NaN,
        "Reconciled Depreciation": NaN,
        "Reconciled Cost Of Revenue": NaN,
        "EBITDA": NaN,
        "EBIT": NaN,
        "Net Interest Income": NaN,
        "Interest Expense": NaN,
        "Normalized Income": NaN,
        "Net Income From Continuing And Discontinued Operation": NaN,
        "Total Expenses": NaN,
        "Total Operating Income As Reported": NaN,
        "Diluted Average Shares": NaN,
        "Basic Average Shares": NaN,
        "Diluted EPS": NaN,
        "Basic EPS": NaN,
        "Diluted NI Availto Com Stockholders": NaN,
        "Net Income Common Stockholders": NaN,
        "Net Income": NaN,
        "Net Income Including Noncontrolling Interests": NaN,
        "Net Income Continuous Operations": NaN,
        "Tax Provision": NaN,
        "Pretax Income": NaN,
        "Other Income Expense": NaN,
        "Other Non Operating Income Expenses": 50000.0,
        "Special Income Charges": NaN,
        "Other Special Charges": NaN,
        "Impairment Of Capital Assets": NaN,
        "Restructuring And Mergern Acquisition": 0.0,
        "Gain On Sale Of Security": NaN,
        "Net Non Operating Interest Income Expense": NaN,
        "Interest Expense Non Operating": NaN,
        "Operating Income": NaN,
        "Operating Expense": NaN,
        "Other Operating Expenses": NaN,
        "Selling General And Administration": NaN,
        "General And Administrative Expense": NaN,
        "Other Gand A": NaN,
        "Salaries And Wages": 22709000.0,
        "Gross Profit": NaN,
        "Cost Of Revenue": NaN,
        "Total Revenue": NaN,
        "Operating Revenue": NaN
    },
    "2022-12-31": {
        "Tax Effect Of Unusual Items": NaN,
        "Tax Rate For Calcs": NaN,
        "Normalized EBITDA": NaN,
        "Total Unusual Items": NaN,
        "Total Unusual Items Excluding Goodwill": NaN,
        "Net Income From Continuing Operation Net Minority Interest": NaN,
        "Reconciled Depreciation": NaN,
        "Reconciled Cost Of Revenue": NaN,
        "EBITDA": NaN,
        "EBIT": NaN,
        "Net Interest Income": NaN,
        "Interest Expense": NaN,
        "Normalized Income": NaN,
        "Net Income From Continuing And Discontinued Operation": NaN,
        "Total Expenses": NaN,
        "Total Operating Income As Reported": NaN,
        "Diluted Average Shares": NaN,
        "Basic Average Shares": NaN,
        "Diluted EPS": NaN,
        "Basic EPS": NaN,
        "Diluted NI Availto Com Stockholders": NaN,
        "Net Income Common Stockholders": NaN,
        "Net Income": NaN,
        "Net Income Including Noncontrolling Interests": NaN,
        "Net Income Continuous Operations": NaN,
        "Tax Provision": NaN,
        "Pretax Income": NaN,
        "Other Income Expense": NaN,
        "Other Non Operating Income Expenses": -121000.0,
        "Special Income Charges": NaN,
        "Other Special Charges": NaN,
        "Impairment Of Capital Assets": NaN,
        "Restructuring And Mergern Acquisition": NaN,
        "Gain On Sale Of Security": NaN,
        "Net Non Operating Interest Income Expense": NaN,
        "Total Other Finance Cost": 473000.0,
        "Interest Expense Non Operating": NaN,
        "Operating Income": NaN,
        "Operating Expense": NaN,
        "Other Operating Expenses": NaN,
        "Selling General And Administration": NaN,
        "General And Administrative Expense": NaN,
        "Other Gand A": NaN,
        "Salaries And Wages": 22959000.0,
        "Gross Profit": NaN,
        "Cost Of Revenue": NaN,
        "Total Revenue": NaN,
        "Operating Revenue": NaN
    },
    "2022-09-30": {
        "Tax Effect Of Unusual Items": NaN,
        "Tax Rate For Calcs": NaN,
        "Normalized EBITDA": NaN,
        "Total Unusual Items": NaN,
        "Total Unusual Items Excluding Goodwill": NaN,
        "Net Income From Continuing Operation Net Minority Interest": NaN,
        "Reconciled Depreciation": NaN,
        "Reconciled Cost Of Revenue": NaN,
        "EBITDA": NaN,
        "EBIT": NaN,
        "Net Interest Income": NaN,
        "Interest Expense": 917000.0,
        "Normalized Income": NaN,
        "Net Income From Continuing And Discontinued Operation": NaN,
        "Total Expenses": NaN,
        "Total Operating Income As Reported": NaN,
        "Diluted Average Shares": NaN,
        "Basic Average Shares": NaN,
        "Diluted EPS": NaN,
        "Basic EPS": NaN,
        "Diluted NI Availto Com Stockholders": NaN,
        "Net Income Common Stockholders": NaN,
        "Net Income": NaN,
        "Net Income Including Noncontrolling Interests": NaN,
        "Net Income Continuous Operations": NaN,
        "Tax Provision": NaN,
        "Pretax Income": NaN,
        "Other Income Expense": NaN,
        "Other Non Operating Income Expenses": NaN,
        "Special Income Charges": NaN,
        "Other Special Charges": NaN,
        "Impairment Of Capital Assets": 0.0,
        "Restructuring And Mergern Acquisition": NaN,
        "Gain On Sale Of Security": NaN,
        "Net Non Operating Interest Income Expense": NaN,
        "Total Other Finance Cost": 917000.0,
        "Interest Expense Non Operating": 917000.0,
        "Operating Income": NaN,
        "Operating Expense": NaN,
        "Other Operating Expenses": NaN,
        "Selling General And Administration": NaN,
        "General And Administrative Expense": NaN,
        "Other Gand A": NaN,
        "Salaries And Wages": NaN,
        "Gross Profit": NaN,
        "Cost Of Revenue": NaN,
        "Total Revenue": NaN,
        "Operating Revenue": NaN
    },
    "2022-06-30": {
        "Tax Effect Of Unusual Items": 0.0,
        "Tax Rate For Calcs": 0.0,
        "Normalized EBITDA": -21645000.0,
        "Total Unusual Items": -317000.0,
        "Total Unusual Items Excluding Goodwill": -317000.0,
        "Net Income From Continuing Operation Net Minority Interest": -22621000.0,
        "Reconciled Depreciation": 2635000.0,
        "Reconciled Cost Of Revenue": 9529000.0,
        "EBITDA": -21962000.0,
        "EBIT": -21962000.0,
        "Net Interest Income": -139000.0,
        "Interest Expense": NaN,
        "Normalized Income": -22304000.0,
        "Net Income From Continuing And Discontinued Operation": -22621000.0,
        "Total Expenses": 33323000.0,
        "Total Operating Income As Reported": -21962000.0,
        "Diluted Average Shares": 43509693.0,
        "Basic Average Shares": 43509693.0,
        "Diluted EPS": -0.52,
        "Basic EPS": -0.52,
        "Diluted NI Availto Com Stockholders": -22621000.0,
        "Net Income Common Stockholders": -22621000.0,
        "Net Income": -22621000.0,
        "Net Income Including Noncontrolling Interests": -22621000.0,
        "Net Income Continuous Operations": -22621000.0,
        "Tax Provision": NaN,
        "Pretax Income": -22621000.0,
        "Other Income Expense": -520000.0,
        "Other Non Operating Income Expenses": -203000.0,
        "Special Income Charges": 0.0,
        "Other Special Charges": NaN,
        "Gain On Sale Of Security": -317000.0,
        "Net Non Operating Interest Income Expense": -139000.0,
        "Total Other Finance Cost": 139000.0,
        "Interest Expense Non Operating": NaN,
        "Operating Income": -21962000.0,
        "Operating Expense": 23794000.0,
        "Other Operating Expenses": 4013000.0,
        "Selling General And Administration": 19781000.0,
        "General And Administrative Expense": 19781000.0,
        "Other Gand A": 9002000.0,
        "Salaries And Wages": 10779000.0,
        "Gross Profit": 1832000.0,
        "Cost Of Revenue": 9529000.0,
        "Total Revenue": 11361000.0,
        "Operating Revenue": 11172000.0
    },
    "2022-03-31": {
        "Diluted EPS": -0.36,
        "Total Revenue": 10,
        "Gross Profit": 2,
        "Operating Income": -15,
        "EBIT": -14,
        "Net Income": -15
    },
    "2021-12-31": {
        "Diluted EPS": -0.46,
        "Total Revenue": 8,
        "Gross Profit": 1,
        "Operating Income": -20,
        "EBIT": -19,
        "Net Income": -19
    },
    "2021-09-30": {
        "Diluted EPS": -0.36,
        "Total Revenue": 6,
        "Gross Profit": 1,
        "Operating Income": -16,
        "EBIT": -16,
        "Net Income": -15
    },
    "2021-06-30": {
        "Diluted EPS": -0.32,
        "Total Revenue": 4,
        "Gross Profit": 1,
        "Operating Income": -12,
        "EBIT": -11,
        "Net Income": -13
    },
    "2021-03-31": {
        "Diluted EPS": -0.18,
        "Total Revenue": 2,
        "Gross Profit": 0,
        "Operating Income": -7,
        "EBIT": -7,
        "Net Income": -7
    },
    "2020-12-31": {
        "Diluted EPS": -0.25,
        "Total Revenue": 2,
        "Gross Profit": 0,
        "Operating Income": -8,
        "EBIT": -7,
        "Net Income": -8
    },
    "2020-09-30": {
        "Diluted EPS": -0.12,
        "Total Revenue": 1,
        "Gross Profit": 0,
        "Operating Income": -4,
        "EBIT": -4,
        "Net Income": -4
    },
    "2020-06-30": {
        "Diluted EPS": -0.11,
        "Total Revenue": 2,
        "Gross Profit": 0,
        "Operating Income": -3,
        "EBIT": -3,
        "Net Income": -3
    },
    "2020-03-31": {
        "Diluted EPS": -0.11,
        "Total Revenue": 1,
        "Gross Profit": 0,
        "Operating Income": -3,
        "EBIT": -3,
        "Net Income": -3
    },
    "2019-12-31": {
        "Diluted EPS": -0.11,
        "Total Revenue": 1,
        "Gross Profit": 0,
        "Operating Income": -3,
        "EBIT": -3,
        "Net Income": -3
    },
    "2019-09-30": {
        "Diluted EPS": -0.1,
        "Total Revenue": 1,
        "Gross Profit": 0,
        "Operating Income": -3,
        "EBIT": -3,
        "Net Income": -3
    },
    "2019-06-30": {
        "Diluted EPS": -0.09,
        "Total Revenue": 1,
        "Gross Profit": 0,
        "Operating Income": -2,
        "EBIT": -2,
        "Net Income": -2
    },
    "2019-03-31": {
        "Diluted EPS": -0.07,
        "Total Revenue": 1,
        "Gross Profit": 0,
        "Operating Income": -2,
        "EBIT": -2,
        "Net Income": -2
    },
    "2018-12-31": {
        "Diluted EPS": 1.46,
        "Total Revenue": 1,
        "Gross Profit": 0,
        "Operating Income": -2,
        "EBIT": -2,
        "Net Income": -2
    },
    "2018-09-30": {
        "Diluted EPS": -0.13,
        "Total Revenue": 1,
        "Gross Profit": 0,
        "Operating Income": -4,
        "EBIT": -3,
        "Net Income": -2
    },
    "2018-06-30": {
        "Diluted EPS": -0.05,
        "Total Revenue": 1,
        "Gross Profit": 0,
        "Operating Income": -2,
        "EBIT": -2,
        "Net Income": -1
    },
    "2018-03-31": {
        "Diluted EPS": -2.58,
        "Total Revenue": 1,
        "Gross Profit": 0,
        "Operating Income": -4,
        "EBIT": -3,
        "Net Income": -22
    },
    "2017-12-31": {
        "Diluted EPS": 14.33,
        "Total Revenue": 1,
        "Gross Profit": 0,
        "Operating Income": -2,
        "EBIT": -2,
        "Net Income": 26
    },
    "2017-09-30": {
        "Diluted EPS": -34.68,
        "Total Revenue": 1,
        "Gross Profit": 0,
        "Operating Income": -1,
        "EBIT": -1,
        "Net Income": -94
    },
    "2017-06-30": {
        "Diluted EPS": -3.21,
        "Total Revenue": 1,
        "Gross Profit": 0,
        "Operating Income": -2,
        "EBIT": -1,
        "Net Income": -5
    },
    "2017-03-31": {
        "Diluted EPS": -2.39,
        "Total Revenue": 1,
        "Gross Profit": 0,
        "Operating Income": -2,
        "EBIT": -1,
        "Net Income": -4
    },
    "2016-12-31": {
        "Diluted EPS": 0.0,
        "Total Revenue": NaN,
        "Gross Profit": NaN,
        "Operating Income": NaN,
        "EBIT": NaN,
        "Net Income": NaN
    },
    "2015-12-31": {
        "Diluted EPS": 0.0,
        "Total Revenue": NaN,
        "Gross Profit": NaN,
        "Operating Income": NaN,
        "EBIT": NaN,
        "Net Income": NaN
    },
    "2023-06-30": {
        "Tax Effect Of Unusual Items": NaN,
        "Tax Rate For Calcs": NaN,
        "Normalized EBITDA": NaN,
        "Total Unusual Items": NaN,
        "Total Unusual Items Excluding Goodwill": NaN,
        "Net Income From Continuing Operation Net Minority Interest": NaN,
        "Reconciled Depreciation": NaN,
        "Reconciled Cost Of Revenue": NaN,
        "EBITDA": NaN,
        "EBIT": NaN,
        "Net Interest Income": NaN,
        "Interest Expense": 786000.0,
        "Normalized Income": NaN,
        "Net Income From Continuing And Discontinued Operation": NaN,
        "Total Expenses": NaN,
        "Total Operating Income As Reported": NaN,
        "Diluted Average Shares": NaN,
        "Basic Average Shares": NaN,
        "Diluted EPS": NaN,
        "Basic EPS": NaN,
        "Diluted NI Availto Com Stockholders": NaN,
        "Net Income Common Stockholders": NaN,
        "Net Income": NaN,
        "Net Income Including Noncontrolling Interests": NaN,
        "Net Income Continuous Operations": NaN,
        "Tax Provision": NaN,
        "Pretax Income": NaN,
        "Other Income Expense": NaN,
        "Other Non Operating Income Expenses": 600000.0,
        "Special Income Charges": NaN,
        "Other Special Charges": NaN,
        "Impairment Of Capital Assets": NaN,
        "Restructuring And Mergern Acquisition": 0.0,
        "Gain On Sale Of Security": NaN,
        "Net Non Operating Interest Income Expense": NaN,
        "Interest Expense Non Operating": 786000.0,
        "Operating Income": NaN,
        "Operating Expense": NaN,
        "Other Operating Expenses": NaN,
        "Selling General And Administration": NaN,
        "General And Administrative Expense": NaN,
        "Other Gand A": NaN,
        "Salaries And Wages": 37990000.0,
        "Gross Profit": NaN,
        "Cost Of Revenue": NaN,
        "Total Revenue": NaN,
        "Operating Revenue": NaN
    },
    "2023-09-30": {
        "Tax Effect Of Unusual Items": NaN,
        "Tax Rate For Calcs": NaN,
        "Normalized EBITDA": NaN,
        "Total Unusual Items": NaN,
        "Total Unusual Items Excluding Goodwill": NaN,
        "Net Income From Continuing Operation Net Minority Interest": NaN,
        "Reconciled Depreciation": NaN,
        "Reconciled Cost Of Revenue": NaN,
        "EBITDA": NaN,
        "EBIT": NaN,
        "Net Interest Income": NaN,
        "Interest Expense": NaN,
        "Normalized Income": NaN,
        "Net Income From Continuing And Discontinued Operation": NaN,
        "Total Expenses": NaN,
        "Total Operating Income As Reported": NaN,
        "Diluted Average Shares": NaN,
        "Basic Average Shares": NaN,
        "Diluted EPS": NaN,
        "Basic EPS": NaN,
        "Diluted NI Availto Com Stockholders": NaN,
        "Net Income Common Stockholders": NaN,
        "Net Income": NaN,
        "Net Income Including Noncontrolling Interests": NaN,
        "Net Income Continuous Operations": NaN,
        "Tax Provision": NaN,
        "Pretax Income": NaN,
        "Other Income Expense": NaN,
        "Other Non Operating Income Expenses": -112000.0,
        "Special Income Charges": NaN,
        "Other Special Charges": 1000000.0,
        "Impairment Of Capital Assets": 94230000.0,
        "Restructuring And Mergern Acquisition": NaN,
        "Gain On Sale Of Security": NaN,
        "Net Non Operating Interest Income Expense": NaN,
        "Interest Expense Non Operating": NaN,
        "Operating Income": NaN,
        "Operating Expense": NaN,
        "Other Operating Expenses": NaN,
        "Selling General And Administration": NaN,
        "General And Administrative Expense": NaN,
        "Other Gand A": NaN,
        "Salaries And Wages": NaN,
        "Gross Profit": NaN,
        "Cost Of Revenue": NaN,
        "Total Revenue": NaN,
        "Operating Revenue": NaN
    },
    "2023-12-31": {
        "Tax Effect Of Unusual Items": NaN,
        "Tax Rate For Calcs": NaN,
        "Normalized EBITDA": NaN,
        "Total Unusual Items": NaN,
        "Total Unusual Items Excluding Goodwill": NaN,
        "Net Income From Continuing Operation Net Minority Interest": NaN,
        "Reconciled Depreciation": NaN,
        "Reconciled Cost Of Revenue": NaN,
        "EBITDA": NaN,
        "EBIT": NaN,
        "Net Interest Income": NaN,
        "Interest Expense": NaN,
        "Interest Income": NaN,
        "Normalized Income": NaN,
        "Net Income From Continuing And Discontinued Operation": NaN,
        "Total Expenses": NaN,
        "Total Operating Income As Reported": NaN,
        "Diluted Average Shares": NaN,
        "Basic Average Shares": NaN,
        "Diluted EPS": NaN,
        "Basic EPS": NaN,
        "Diluted NI Availto Com Stockholders": NaN,
        "Net Income Common Stockholders": NaN,
        "Net Income": NaN,
        "Net Income Including Noncontrolling Interests": NaN,
        "Net Income Continuous Operations": NaN,
        "Tax Provision": NaN,
        "Pretax Income": NaN,
        "Other Income Expense": NaN,
        "Other Non Operating Income Expenses": -1280000.0,
        "Special Income Charges": NaN,
        "Other Special Charges": 0.0,
        "Impairment Of Capital Assets": 0.0,
        "Restructuring And Mergern Acquisition": NaN,
        "Gain On Sale Of Security": NaN,
        "Net Non Operating Interest Income Expense": NaN,
        "Interest Expense Non Operating": NaN,
        "Interest Income Non Operating": NaN,
        "Operating Income": NaN,
        "Operating Expense": NaN,
        "Other Operating Expenses": NaN,
        "Selling General And Administration": NaN,
        "General And Administrative Expense": NaN,
        "Other Gand A": NaN,
        "Salaries And Wages": NaN,
        "Gross Profit": NaN,
        "Cost Of Revenue": NaN,
        "Total Revenue": NaN,
        "Operating Revenue": NaN
    },
    "2024-03-31": {
        "Tax Effect Of Unusual Items": NaN,
        "Tax Rate For Calcs": NaN,
        "Normalized EBITDA": NaN,
        "Total Unusual Items": NaN,
        "Total Unusual Items Excluding Goodwill": NaN,
        "Net Income From Continuing Operation Net Minority Interest": NaN,
        "Reconciled Depreciation": NaN,
        "Reconciled Cost Of Revenue": NaN,
        "EBITDA": NaN,
        "EBIT": NaN,
        "Net Interest Income": NaN,
        "Interest Expense": 427000.0,
        "Interest Income": NaN,
        "Normalized Income": NaN,
        "Net Income From Continuing And Discontinued Operation": NaN,
        "Total Expenses": NaN,
        "Total Operating Income As Reported": NaN,
        "Diluted Average Shares": NaN,
        "Basic Average Shares": NaN,
        "Diluted EPS": NaN,
        "Basic EPS": NaN,
        "Diluted NI Availto Com Stockholders": NaN,
        "Net Income Common Stockholders": NaN,
        "Net Income": NaN,
        "Net Income Including Noncontrolling Interests": NaN,
        "Net Income Continuous Operations": NaN,
        "Tax Provision": NaN,
        "Pretax Income": NaN,
        "Other Income Expense": NaN,
        "Other Non Operating Income Expenses": NaN,
        "Special Income Charges": NaN,
        "Other Special Charges": NaN,
        "Impairment Of Capital Assets": NaN,
        "Restructuring And Mergern Acquisition": 1700000.0,
        "Gain On Sale Of Security": NaN,
        "Net Non Operating Interest Income Expense": NaN,
        "Total Other Finance Cost": NaN,
        "Interest Expense Non Operating": 427000.0,
        "Interest Income Non Operating": NaN,
        "Operating Income": NaN,
        "Operating Expense": NaN,
        "Other Operating Expenses": NaN,
        "Selling General And Administration": NaN,
        "General And Administrative Expense": NaN,
        "Other Gand A": NaN,
        "Salaries And Wages": NaN,
        "Gross Profit": NaN,
        "Cost Of Revenue": NaN,
        "Total Revenue": NaN,
        "Operating Revenue": NaN
    },
    "2024-06-30": {
        "Tax Effect Of Unusual Items": NaN,
        "Tax Rate For Calcs": NaN,
        "Normalized EBITDA": NaN,
        "Total Unusual Items": NaN,
        "Total Unusual Items Excluding Goodwill": NaN,
        "Net Income From Continuing Operation Net Minority Interest": NaN,
        "Reconciled Depreciation": NaN,
        "Reconciled Cost Of Revenue": NaN,
        "EBITDA": NaN,
        "EBIT": NaN,
        "Net Interest Income": NaN,
        "Interest Expense": 46000.0,
        "Interest Income": NaN,
        "Normalized Income": NaN,
        "Net Income From Continuing And Discontinued Operation": NaN,
        "Total Expenses": NaN,
        "Total Operating Income As Reported": NaN,
        "Diluted Average Shares": NaN,
        "Basic Average Shares": NaN,
        "Diluted EPS": NaN,
        "Basic EPS": NaN,
        "Diluted NI Availto Com Stockholders": NaN,
        "Net Income Common Stockholders": NaN,
        "Net Income": NaN,
        "Net Income Including Noncontrolling Interests": NaN,
        "Net Income Continuous Operations": NaN,
        "Tax Provision": NaN,
        "Pretax Income": NaN,
        "Other Income Expense": NaN,
        "Other Non Operating Income Expenses": NaN,
        "Special Income Charges": NaN,
        "Other Special Charges": NaN,
        "Impairment Of Capital Assets": NaN,
        "Restructuring And Mergern Acquisition": 747000.0,
        "Gain On Sale Of Security": NaN,
        "Net Non Operating Interest Income Expense": NaN,
        "Total Other Finance Cost": NaN,
        "Interest Expense Non Operating": 46000.0,
        "Interest Income Non Operating": NaN,
        "Operating Income": NaN,
        "Operating Expense": NaN,
        "Other Operating Expenses": NaN,
        "Selling General And Administration": NaN,
        "General And Administrative Expense": NaN,
        "Other Gand A": NaN,
        "Salaries And Wages": 17654000.0,
        "Gross Profit": NaN,
        "Cost Of Revenue": NaN,
        "Total Revenue": NaN,
        "Operating Revenue": NaN
    },
    "2024-09-30": {
        "Tax Effect Of Unusual Items": -14137.723523,
        "Tax Rate For Calcs": 0.000206,
        "Normalized EBITDA": 52888000.0,
        "Total Unusual Items": -68652000.0,
        "Total Unusual Items Excluding Goodwill": -68652000.0,
        "Net Income From Continuing Operation Net Minority Interest": -87389000.0,
        "Reconciled Depreciation": 2987000.0,
        "Reconciled Cost Of Revenue": 16068000.0,
        "EBITDA": -15764000.0,
        "EBIT": -18751000.0,
        "Net Interest Income": -2000.0,
        "Interest Expense": 2000.0,
        "Interest Income": NaN,
        "Normalized Income": -18751137.723523,
        "Net Income From Continuing And Discontinued Operation": -87389000.0,
        "Total Expenses": 42956000.0,
        "Total Operating Income As Reported": -88226000.0,
        "Diluted Average Shares": 101113655.0,
        "Basic Average Shares": 101113655.0,
        "Diluted EPS": -0.86,
        "Basic EPS": -0.86,
        "Diluted NI Availto Com Stockholders": -87389000.0,
        "Net Income Common Stockholders": -87389000.0,
        "Net Income": -87389000.0,
        "Net Income Including Noncontrolling Interests": -87389000.0,
        "Net Income Continuous Operations": -87389000.0,
        "Tax Provision": -18000.0,
        "Pretax Income": -87407000.0,
        "Other Income Expense": -68654000.0,
        "Other Non Operating Income Expenses": -2000.0,
        "Special Income Charges": -69439000.0,
        "Other Special Charges": 328000.0,
        "Impairment Of Capital Assets": 69111000.0,
        "Restructuring And Mergern Acquisition": NaN,
        "Gain On Sale Of Security": 787000.0,
        "Net Non Operating Interest Income Expense": -2000.0,
        "Total Other Finance Cost": 2000.0,
        "Interest Expense Non Operating": 2000.0,
        "Interest Income Non Operating": NaN,
        "Operating Income": -18751000.0,
        "Operating Expense": 26888000.0,
        "Other Operating Expenses": 3757000.0,
        "Selling General And Administration": 23131000.0,
        "General And Administrative Expense": 23131000.0,
        "Other Gand A": 7972000.0,
        "Salaries And Wages": 15159000.0,
        "Gross Profit": 8137000.0,
        "Cost Of Revenue": 16068000.0,
        "Total Revenue": 24205000.0,
        "Operating Revenue": 23607000.0
    },
    "2024-12-31": {
        "Tax Effect Of Unusual Items": -12053790.0,
        "Tax Rate For Calcs": 0.21,
        "Normalized EBITDA": -11775000.0,
        "Total Unusual Items": -57399000.0,
        "Total Unusual Items Excluding Goodwill": -57399000.0,
        "Net Income From Continuing Operation Net Minority Interest": -73511000.0,
        "Reconciled Depreciation": 3841000.0,
        "Reconciled Cost Of Revenue": 22650000.0,
        "EBITDA": -69174000.0,
        "EBIT": -73015000.0,
        "Net Interest Income": 44000.0,
        "Interest Expense": -44000.0,
        "Interest Income": NaN,
        "Normalized Income": -28165790.0,
        "Net Income From Continuing And Discontinued Operation": -73511000.0,
        "Total Expenses": 45711000.0,
        "Total Operating Income As Reported": -73590000.0,
        "Diluted Average Shares": 101165997.0,
        "Basic Average Shares": 101165997.0,
        "Diluted EPS": -0.73,
        "Basic EPS": -0.73,
        "Diluted NI Availto Com Stockholders": -73511000.0,
        "Net Income Common Stockholders": -73511000.0,
        "Net Income": -73511000.0,
        "Net Income Including Noncontrolling Interests": -73511000.0,
        "Net Income Continuous Operations": -73511000.0,
        "Tax Provision": 540000.0,
        "Pretax Income": -72971000.0,
        "Other Income Expense": -57397000.0,
        "Other Non Operating Income Expenses": NaN,
        "Special Income Charges": -57972000.0,
        "Other Special Charges": -2811000.0,
        "Impairment Of Capital Assets": 57873000.0,
        "Restructuring And Mergern Acquisition": NaN,
        "Gain On Sale Of Security": 573000.0,
        "Net Non Operating Interest Income Expense": 44000.0,
        "Total Other Finance Cost": NaN,
        "Interest Expense Non Operating": -44000.0,
        "Interest Income Non Operating": NaN,
        "Operating Income": -15618000.0,
        "Operating Expense": 23061000.0,
        "Other Operating Expenses": 4169000.0,
        "Selling General And Administration": 18892000.0,
        "General And Administrative Expense": 18892000.0,
        "Other Gand A": 7997000.0,
        "Salaries And Wages": 10895000.0,
        "Gross Profit": 7443000.0,
        "Cost Of Revenue": 22650000.0,
        "Total Revenue": 30093000.0,
        "Operating Revenue": 29734000.0
    },
    "2025-03-31": {
        "Tax Effect Of Unusual Items": -46620.0,
        "Tax Rate For Calcs": 0.21,
        "Normalized EBITDA": -16912000.0,
        "Total Unusual Items": -222000.0,
        "Total Unusual Items Excluding Goodwill": -222000.0,
        "Net Income From Continuing Operation Net Minority Interest": -20707000.0,
        "Reconciled Depreciation": 3489000.0,
        "Reconciled Cost Of Revenue": 13385000.0,
        "EBITDA": -17134000.0,
        "EBIT": -20623000.0,
        "Net Interest Income": -56000.0,
        "Interest Expense": 56000.0,
        "Interest Income": NaN,
        "Normalized Income": -20531620.0,
        "Net Income From Continuing And Discontinued Operation": -20707000.0,
        "Total Expenses": 40995000.0,
        "Total Operating Income As Reported": -21080000.0,
        "Diluted Average Shares": 102466507.0,
        "Basic Average Shares": 102466507.0,
        "Diluted EPS": -0.2,
        "Basic EPS": -0.2,
        "Diluted NI Availto Com Stockholders": -20707000.0,
        "Net Income Common Stockholders": -20707000.0,
        "Net Income": -20707000.0,
        "Net Income Including Noncontrolling Interests": -20707000.0,
        "Net Income Continuous Operations": -20707000.0,
        "Tax Provision": 28000.0,
        "Pretax Income": -20679000.0,
        "Other Income Expense": -222000.0,
        "Other Non Operating Income Expenses": NaN,
        "Special Income Charges": -679000.0,
        "Other Special Charges": NaN,
        "Impairment Of Capital Assets": NaN,
        "Restructuring And Mergern Acquisition": 679000.0,
        "Gain On Sale Of Security": 457000.0,
        "Net Non Operating Interest Income Expense": -56000.0,
        "Total Other Finance Cost": NaN,
        "Interest Expense Non Operating": 56000.0,
        "Interest Income Non Operating": NaN,
        "Operating Income": -20401000.0,
        "Operating Expense": 27610000.0,
        "Other Operating Expenses": 5189000.0,
        "Selling General And Administration": 22421000.0,
        "General And Administrative Expense": 22421000.0,
        "Other Gand A": 8872000.0,
        "Salaries And Wages": 13549000.0,
        "Gross Profit": 7209000.0,
        "Cost Of Revenue": 13385000.0,
        "Total Revenue": 20594000.0,
        "Operating Revenue": 19917000.0
    },
    "2025-06-30": {
        "Tax Effect Of Unusual Items": -317100.0,
        "Tax Rate For Calcs": 0.21,
        "Normalized EBITDA": -26821000.0,
        "Total Unusual Items": -1510000.0,
        "Total Unusual Items Excluding Goodwill": -1510000.0,
        "Net Income From Continuing Operation Net Minority Interest": -31959000.0,
        "Reconciled Depreciation": 2094000.0,
        "Reconciled Cost Of Revenue": 26573000.0,
        "EBITDA": -28331000.0,
        "EBIT": -30425000.0,
        "Net Interest Income": 71000.0,
        "Interest Expense": NaN,
        "Interest Income": 71000.0,
        "Normalized Income": -30766100.0,
        "Net Income From Continuing And Discontinued Operation": -31959000.0,
        "Total Expenses": 59060000.0,
        "Total Operating Income As Reported": -32209000.0,
        "Diluted Average Shares": 102899705.0,
        "Basic Average Shares": 102899705.0,
        "Diluted EPS": -0.31,
        "Basic EPS": -0.31,
        "Diluted NI Availto Com Stockholders": -31959000.0,
        "Net Income Common Stockholders": -31959000.0,
        "Net Income": -31959000.0,
        "Net Income Including Noncontrolling Interests": -31959000.0,
        "Net Income Continuous Operations": -31959000.0,
        "Tax Provision": 95000.0,
        "Pretax Income": -31864000.0,
        "Other Income Expense": -1510000.0,
        "Other Non Operating Income Expenses": NaN,
        "Special Income Charges": -1784000.0,
        "Other Special Charges": NaN,
        "Impairment Of Capital Assets": NaN,
        "Restructuring And Mergern Acquisition": 1784000.0,
        "Gain On Sale Of Security": 274000.0,
        "Net Non Operating Interest Income Expense": 71000.0,
        "Total Other Finance Cost": NaN,
        "Interest Expense Non Operating": NaN,
        "Interest Income Non Operating": 71000.0,
        "Operating Income": -30425000.0,
        "Operating Expense": 32487000.0,
        "Other Operating Expenses": 6907000.0,
        "Selling General And Administration": 25580000.0,
        "General And Administrative Expense": 25580000.0,
        "Other Gand A": 11808000.0,
        "Salaries And Wages": 13772000.0,
        "Gross Profit": 2062000.0,
        "Cost Of Revenue": 26573000.0,
        "Total Revenue": 28635000.0,
        "Operating Revenue": 27846000.0
    },
    "2025-09-30": {
        "Tax Effect Of Unusual Items": 2487450.0,
        "Tax Rate For Calcs": 0.21,
        "Normalized EBITDA": -21182000.0,
        "Total Unusual Items": 11845000.0,
        "Total Unusual Items Excluding Goodwill": 11845000.0,
        "Net Income From Continuing Operation Net Minority Interest": -86000.0,
        "Reconciled Depreciation": 2569000.0,
        "Reconciled Cost Of Revenue": 17364000.0,
        "EBITDA": -9337000.0,
        "EBIT": -11906000.0,
        "Net Interest Income": 13000.0,
        "Interest Expense": NaN,
        "Interest Income": NaN,
        "Normalized Income": -9443550.0,
        "Net Income From Continuing And Discontinued Operation": -86000.0,
        "Total Expenses": 38877000.0,
        "Total Operating Income As Reported": -205000.0,
        "Diluted Average Shares": 109110766.0,
        "Basic Average Shares": 109110766.0,
        "Diluted EPS": 0.0,
        "Basic EPS": 0.0,
        "Diluted NI Availto Com Stockholders": -86000.0,
        "Net Income Common Stockholders": -86000.0,
        "Net Income": -86000.0,
        "Net Income Including Noncontrolling Interests": -86000.0,
        "Net Income Continuous Operations": -86000.0,
        "Tax Provision": 40000.0,
        "Pretax Income": -46000.0,
        "Other Income Expense": 11847000.0,
        "Other Non Operating Income Expenses": 2000.0,
        "Special Income Charges": 11701000.0,
        "Other Special Charges": -11701000.0,
        "Impairment Of Capital Assets": 0.0,
        "Restructuring And Mergern Acquisition": NaN,
        "Gain On Sale Of Security": 144000.0,
        "Net Non Operating Interest Income Expense": 13000.0,
        "Total Other Finance Cost": -13000.0,
        "Interest Expense Non Operating": NaN,
        "Interest Income Non Operating": NaN,
        "Operating Income": -11906000.0,
        "Operating Expense": 21513000.0,
        "Other Operating Expenses": 16058000.0,
        "Selling General And Administration": 5455000.0,
        "General And Administrative Expense": 5455000.0,
        "Other Gand A": 5455000.0,
        "Salaries And Wages": NaN,
        "Gross Profit": 9607000.0,
        "Cost Of Revenue": 17364000.0,
        "Total Revenue": 26971000.0,
        "Operating Revenue": 26384000.0
    }
}