{
    "2023-03-31": {
        "Tax Effect Of Unusual Items": NaN,
        "Tax Rate For Calcs": NaN,
        "Normalized EBITDA": NaN,
        "Net Income From Continuing Operation Net Minority Interest": NaN,
        "Reconciled Depreciation": NaN,
        "Reconciled Cost Of Revenue": 0.0,
        "EBITDA": NaN,
        "EBIT": NaN,
        "Net Interest Income": NaN,
        "Interest Expense": NaN,
        "Interest Income": NaN,
        "Normalized Income": NaN,
        "Net Income From Continuing And Discontinued Operation": NaN,
        "Total Expenses": NaN,
        "Total Operating Income As Reported": NaN,
        "Diluted Average Shares": 61530596.0,
        "Basic Average Shares": 61530596.0,
        "Diluted EPS": -0.15,
        "Basic EPS": -0.15,
        "Diluted NI Availto Com Stockholders": NaN,
        "Net Income Common Stockholders": NaN,
        "Net Income": NaN,
        "Net Income Including Noncontrolling Interests": NaN,
        "Net Income Continuous Operations": NaN,
        "Pretax Income": NaN,
        "Other Income Expense": NaN,
        "Other Non Operating Income Expenses": NaN,
        "Net Non Operating Interest Income Expense": NaN,
        "Interest Expense Non Operating": NaN,
        "Interest Income Non Operating": NaN,
        "Operating Income": NaN,
        "Operating Expense": NaN,
        "Research And Development": NaN,
        "Selling General And Administration": NaN,
        "Selling And Marketing Expense": NaN,
        "General And Administrative Expense": NaN,
        "Other Gand A": NaN,
        "Gross Profit": 0.0,
        "Cost Of Revenue": 0.0,
        "Total Revenue": NaN,
        "Operating Revenue": NaN
    },
    "2022-12-31": {
        "Tax Effect Of Unusual Items": 0.0,
        "Tax Rate For Calcs": 0.0,
        "Normalized EBITDA": -4590000.0,
        "Net Income From Continuing Operation Net Minority Interest": -5731000.0,
        "Reconciled Depreciation": 187000.0,
        "EBITDA": -4590000.0,
        "EBIT": -4777000.0,
        "Net Interest Income": -542000.0,
        "Interest Expense": 954000.0,
        "Interest Income": 438000.0,
        "Normalized Income": -5731000.0,
        "Net Income From Continuing And Discontinued Operation": -5731000.0,
        "Total Expenses": 8398000.0,
        "Total Operating Income As Reported": -8398000.0,
        "Diluted Average Shares": NaN,
        "Basic Average Shares": NaN,
        "Diluted EPS": NaN,
        "Basic EPS": NaN,
        "Diluted NI Availto Com Stockholders": -5731000.0,
        "Net Income Common Stockholders": -5731000.0,
        "Net Income": -5731000.0,
        "Net Income Including Noncontrolling Interests": -5731000.0,
        "Net Income Continuous Operations": -5731000.0,
        "Pretax Income": -5731000.0,
        "Other Income Expense": 3209000.0,
        "Other Non Operating Income Expenses": -2870000.0,
        "Net Non Operating Interest Income Expense": -542000.0,
        "Interest Expense Non Operating": 954000.0,
        "Interest Income Non Operating": 438000.0,
        "Operating Income": -8398000.0,
        "Operating Expense": 8398000.0,
        "Research And Development": 3430000.0,
        "Selling General And Administration": 4929000.0,
        "Selling And Marketing Expense": 3350000.0,
        "General And Administrative Expense": 1579000.0,
        "Other Gand A": -2068000.0,
        "Total Revenue": 0.0,
        "Operating Revenue": 0.0
    },
    "2022-09-30": {
        "Tax Effect Of Unusual Items": NaN,
        "Tax Rate For Calcs": NaN,
        "Normalized EBITDA": NaN,
        "Net Income From Continuing Operation Net Minority Interest": NaN,
        "Reconciled Depreciation": NaN,
        "Reconciled Cost Of Revenue": NaN,
        "EBITDA": NaN,
        "EBIT": NaN,
        "Net Interest Income": NaN,
        "Interest Expense": NaN,
        "Interest Income": NaN,
        "Normalized Income": NaN,
        "Net Income From Continuing And Discontinued Operation": NaN,
        "Total Expenses": NaN,
        "Total Operating Income As Reported": NaN,
        "Diluted Average Shares": 49384499.0,
        "Basic Average Shares": 49384499.0,
        "Diluted EPS": -0.15,
        "Basic EPS": -0.15,
        "Diluted NI Availto Com Stockholders": NaN,
        "Net Income Common Stockholders": NaN,
        "Net Income": NaN,
        "Net Income Including Noncontrolling Interests": NaN,
        "Net Income Continuous Operations": NaN,
        "Pretax Income": NaN,
        "Other Income Expense": NaN,
        "Other Non Operating Income Expenses": NaN,
        "Net Non Operating Interest Income Expense": NaN,
        "Interest Expense Non Operating": NaN,
        "Interest Income Non Operating": NaN,
        "Operating Income": NaN,
        "Operating Expense": NaN,
        "Research And Development": NaN,
        "Selling General And Administration": NaN,
        "Selling And Marketing Expense": NaN,
        "General And Administrative Expense": NaN,
        "Other Gand A": NaN,
        "Gross Profit": NaN,
        "Cost Of Revenue": NaN,
        "Total Revenue": NaN,
        "Operating Revenue": NaN
    },
    "2022-06-30": {
        "Tax Effect Of Unusual Items": 0.0,
        "Tax Rate For Calcs": 0.0,
        "Normalized EBITDA": -6923000.0,
        "Net Income From Continuing Operation Net Minority Interest": -7443000.0,
        "Reconciled Depreciation": 141000.0,
        "EBITDA": -6923000.0,
        "EBIT": -7064000.0,
        "Net Interest Income": -299000.0,
        "Interest Expense": 379000.0,
        "Interest Income": 80000.0,
        "Normalized Income": -7443000.0,
        "Net Income From Continuing And Discontinued Operation": -7443000.0,
        "Total Expenses": 7602000.0,
        "Total Operating Income As Reported": -7602000.0,
        "Diluted Average Shares": 47691037.0,
        "Basic Average Shares": 47691037.0,
        "Diluted EPS": -0.15,
        "Basic EPS": -0.15,
        "Diluted NI Availto Com Stockholders": -7443000.0,
        "Net Income Common Stockholders": -7443000.0,
        "Net Income": -7443000.0,
        "Net Income Including Noncontrolling Interests": -7443000.0,
        "Net Income Continuous Operations": -7443000.0,
        "Pretax Income": -7443000.0,
        "Other Income Expense": 458000.0,
        "Other Non Operating Income Expenses": 458000.0,
        "Net Non Operating Interest Income Expense": -299000.0,
        "Interest Expense Non Operating": 379000.0,
        "Interest Income Non Operating": 80000.0,
        "Operating Income": -7602000.0,
        "Operating Expense": 7602000.0,
        "Research And Development": 5395000.0,
        "Selling General And Administration": 2207000.0,
        "Selling And Marketing Expense": 1158000.0,
        "General And Administrative Expense": 1049000.0,
        "Other Gand A": 1049000.0,
        "Total Revenue": 0.0,
        "Operating Revenue": 0.0
    },
    "2022-03-31": {
        "Diluted EPS": -0.15,
        "Total Revenue": NaN,
        "Gross Profit": NaN,
        "Operating Income": -6,
        "EBIT": -6,
        "Net Income": -5
    },
    "2021-12-31": {
        "Diluted EPS": 0.0,
        "Total Revenue": NaN,
        "Gross Profit": NaN,
        "Operating Income": -7,
        "EBIT": -6,
        "Net Income": -4
    },
    "2021-09-30": {
        "Diluted EPS": -0.15,
        "Total Revenue": NaN,
        "Gross Profit": NaN,
        "Operating Income": -6,
        "EBIT": -6,
        "Net Income": -6
    },
    "2021-06-30": {
        "Diluted EPS": -0.15,
        "Total Revenue": NaN,
        "Gross Profit": NaN,
        "Operating Income": -7,
        "EBIT": -6,
        "Net Income": -7
    },
    "2021-03-31": {
        "Diluted EPS": -0.3,
        "Total Revenue": NaN,
        "Gross Profit": NaN,
        "Operating Income": -5,
        "EBIT": -5,
        "Net Income": -10
    },
    "2020-12-31": {
        "Diluted EPS": -0.45,
        "Total Revenue": NaN,
        "Gross Profit": NaN,
        "Operating Income": -6,
        "EBIT": -6,
        "Net Income": -12
    },
    "2020-09-30": {
        "Diluted EPS": -0.3,
        "Total Revenue": NaN,
        "Gross Profit": NaN,
        "Operating Income": -5,
        "EBIT": -4,
        "Net Income": -5
    },
    "2020-06-30": {
        "Diluted EPS": -0.45,
        "Total Revenue": NaN,
        "Gross Profit": NaN,
        "Operating Income": -6,
        "EBIT": -5,
        "Net Income": -7
    },
    "2020-03-31": {
        "Diluted EPS": -0.6,
        "Total Revenue": NaN,
        "Gross Profit": NaN,
        "Operating Income": -7,
        "EBIT": -7,
        "Net Income": -7
    },
    "2019-12-31": {
        "Diluted EPS": -0.75,
        "Total Revenue": NaN,
        "Gross Profit": NaN,
        "Operating Income": -9,
        "EBIT": -9,
        "Net Income": -10
    },
    "2019-09-30": {
        "Diluted EPS": -0.45,
        "Total Revenue": NaN,
        "Gross Profit": NaN,
        "Operating Income": -7,
        "EBIT": -6,
        "Net Income": -4
    },
    "2019-06-30": {
        "Diluted EPS": -0.6,
        "Total Revenue": NaN,
        "Gross Profit": NaN,
        "Operating Income": -6,
        "EBIT": -6,
        "Net Income": -5
    },
    "2019-03-31": {
        "Diluted EPS": -0.75,
        "Total Revenue": NaN,
        "Gross Profit": NaN,
        "Operating Income": -6,
        "EBIT": -5,
        "Net Income": -6
    },
    "2018-12-31": {
        "Diluted EPS": -0.6,
        "Total Revenue": NaN,
        "Gross Profit": NaN,
        "Operating Income": -7,
        "EBIT": -7,
        "Net Income": -6
    },
    "2018-09-30": {
        "Diluted EPS": -0.9,
        "Total Revenue": NaN,
        "Gross Profit": NaN,
        "Operating Income": -6,
        "EBIT": -6,
        "Net Income": -6
    },
    "2018-06-30": {
        "Diluted EPS": -0.75,
        "Total Revenue": NaN,
        "Gross Profit": NaN,
        "Operating Income": -6,
        "EBIT": -6,
        "Net Income": -5
    },
    "2018-03-31": {
        "Diluted EPS": -0.9,
        "Total Revenue": NaN,
        "Gross Profit": NaN,
        "Operating Income": -7,
        "EBIT": -6,
        "Net Income": -6
    },
    "2017-12-31": {
        "Diluted EPS": -1.05,
        "Total Revenue": NaN,
        "Gross Profit": NaN,
        "Operating Income": -8,
        "EBIT": -8,
        "Net Income": -7
    },
    "2017-09-30": {
        "Diluted EPS": -1.05,
        "Total Revenue": NaN,
        "Gross Profit": NaN,
        "Operating Income": -7,
        "EBIT": -7,
        "Net Income": -7
    },
    "2017-06-30": {
        "Diluted EPS": -0.75,
        "Total Revenue": NaN,
        "Gross Profit": NaN,
        "Operating Income": -5,
        "EBIT": -5,
        "Net Income": -5
    },
    "2017-03-31": {
        "Diluted EPS": -1.2,
        "Total Revenue": NaN,
        "Gross Profit": NaN,
        "Operating Income": -5,
        "EBIT": -5,
        "Net Income": -5
    },
    "2016-12-31": {
        "Diluted EPS": -1.05,
        "Total Revenue": NaN,
        "Gross Profit": NaN,
        "Operating Income": -4,
        "EBIT": -4,
        "Net Income": -4
    },
    "2016-09-30": {
        "Diluted EPS": -1.2,
        "Total Revenue": NaN,
        "Gross Profit": NaN,
        "Operating Income": -4,
        "EBIT": -4,
        "Net Income": -4
    },
    "2016-06-30": {
        "Diluted EPS": -1.05,
        "Total Revenue": NaN,
        "Gross Profit": NaN,
        "Operating Income": -4,
        "EBIT": -4,
        "Net Income": -4
    },
    "2016-03-31": {
        "Diluted EPS": -0.9,
        "Total Revenue": NaN,
        "Gross Profit": NaN,
        "Operating Income": -4,
        "EBIT": -4,
        "Net Income": -3
    },
    "2015-12-31": {
        "Diluted EPS": -1.05,
        "Total Revenue": NaN,
        "Gross Profit": NaN,
        "Operating Income": -4,
        "EBIT": -4,
        "Net Income": -4
    },
    "2015-09-30": {
        "Diluted EPS": -0.45,
        "Total Revenue": NaN,
        "Gross Profit": NaN,
        "Operating Income": -4,
        "EBIT": -3,
        "Net Income": -2
    },
    "2015-06-30": {
        "Diluted EPS": -1.35,
        "Total Revenue": NaN,
        "Gross Profit": NaN,
        "Operating Income": -4,
        "EBIT": -4,
        "Net Income": -5
    },
    "2015-03-31": {
        "Diluted EPS": -1.51,
        "Total Revenue": NaN,
        "Gross Profit": NaN,
        "Operating Income": -4,
        "EBIT": -4,
        "Net Income": -4
    },
    "2014-12-31": {
        "Diluted EPS": -1.65,
        "Total Revenue": NaN,
        "Gross Profit": NaN,
        "Operating Income": -4,
        "EBIT": -4,
        "Net Income": -4
    },
    "2014-09-30": {
        "Diluted EPS": -0.3,
        "Total Revenue": NaN,
        "Gross Profit": NaN,
        "Operating Income": -4,
        "EBIT": -4,
        "Net Income": -1
    },
    "2014-06-30": {
        "Diluted EPS": -1.8,
        "Total Revenue": NaN,
        "Gross Profit": NaN,
        "Operating Income": -4,
        "EBIT": -4,
        "Net Income": -4
    },
    "2014-03-31": {
        "Diluted EPS": -1.5,
        "Total Revenue": NaN,
        "Gross Profit": NaN,
        "Operating Income": -4,
        "EBIT": -4,
        "Net Income": -2
    },
    "2013-12-31": {
        "Diluted EPS": -3.0,
        "Total Revenue": NaN,
        "Gross Profit": NaN,
        "Operating Income": -3,
        "EBIT": -3,
        "Net Income": -5
    },
    "2013-09-30": {
        "Diluted EPS": -3.0,
        "Total Revenue": NaN,
        "Gross Profit": NaN,
        "Operating Income": -3,
        "EBIT": -3,
        "Net Income": -5
    },
    "2013-06-30": {
        "Diluted EPS": -3.0,
        "Total Revenue": NaN,
        "Gross Profit": NaN,
        "Operating Income": -5,
        "EBIT": -5,
        "Net Income": -4
    },
    "2013-03-31": {
        "Diluted EPS": -3.0,
        "Total Revenue": NaN,
        "Gross Profit": NaN,
        "Operating Income": -7,
        "EBIT": -7,
        "Net Income": -4
    },
    "2012-12-31": {
        "Diluted EPS": -4.5,
        "Total Revenue": NaN,
        "Gross Profit": NaN,
        "Operating Income": -7,
        "EBIT": -7,
        "Net Income": -7
    },
    "2012-09-30": {
        "Diluted EPS": -6.0,
        "Total Revenue": NaN,
        "Gross Profit": NaN,
        "Operating Income": -5,
        "EBIT": -5,
        "Net Income": -6
    },
    "2012-06-30": {
        "Diluted EPS": -0.3,
        "Total Revenue": NaN,
        "Gross Profit": NaN,
        "Operating Income": -5,
        "EBIT": -5,
        "Net Income": -3
    },
    "2012-03-31": {
        "Diluted EPS": -4.5,
        "Total Revenue": NaN,
        "Gross Profit": NaN,
        "Operating Income": -5,
        "EBIT": -5,
        "Net Income": -5
    },
    "2011-12-31": {
        "Diluted EPS": -4.5,
        "Total Revenue": NaN,
        "Gross Profit": NaN,
        "Operating Income": NaN,
        "EBIT": 0,
        "Net Income": -3
    },
    "2011-09-30": {
        "Diluted EPS": -3.0,
        "Total Revenue": NaN,
        "Gross Profit": NaN,
        "Operating Income": -5,
        "EBIT": -4,
        "Net Income": -2
    },
    "2011-06-30": {
        "Diluted EPS": -6.0,
        "Total Revenue": NaN,
        "Gross Profit": NaN,
        "Operating Income": -4,
        "EBIT": -4,
        "Net Income": -5
    },
    "2011-03-31": {
        "Diluted EPS": -3.75,
        "Total Revenue": NaN,
        "Gross Profit": NaN,
        "Operating Income": NaN,
        "EBIT": NaN,
        "Net Income": -3
    },
    "2023-06-30": {
        "Tax Effect Of Unusual Items": NaN,
        "Tax Rate For Calcs": NaN,
        "Normalized EBITDA": NaN,
        "Net Income From Continuing Operation Net Minority Interest": NaN,
        "Reconciled Depreciation": NaN,
        "Reconciled Cost Of Revenue": 0.0,
        "EBITDA": NaN,
        "EBIT": NaN,
        "Net Interest Income": NaN,
        "Interest Expense": NaN,
        "Interest Income": NaN,
        "Normalized Income": NaN,
        "Net Income From Continuing And Discontinued Operation": NaN,
        "Total Expenses": NaN,
        "Total Operating Income As Reported": NaN,
        "Diluted Average Shares": 61530596.0,
        "Basic Average Shares": 61530596.0,
        "Diluted EPS": -0.3,
        "Basic EPS": -0.3,
        "Diluted NI Availto Com Stockholders": NaN,
        "Net Income Common Stockholders": NaN,
        "Net Income": NaN,
        "Net Income Including Noncontrolling Interests": NaN,
        "Net Income Continuous Operations": NaN,
        "Pretax Income": NaN,
        "Other Income Expense": NaN,
        "Other Non Operating Income Expenses": NaN,
        "Net Non Operating Interest Income Expense": NaN,
        "Interest Expense Non Operating": NaN,
        "Interest Income Non Operating": NaN,
        "Operating Income": NaN,
        "Operating Expense": NaN,
        "Research And Development": NaN,
        "Selling General And Administration": NaN,
        "Selling And Marketing Expense": NaN,
        "General And Administrative Expense": NaN,
        "Other Gand A": NaN,
        "Gross Profit": 0.0,
        "Cost Of Revenue": 0.0,
        "Total Revenue": NaN,
        "Operating Revenue": NaN
    },
    "2023-09-30": {
        "Tax Effect Of Unusual Items": NaN,
        "Tax Rate For Calcs": NaN,
        "Normalized EBITDA": NaN,
        "Net Income From Continuing Operation Net Minority Interest": NaN,
        "Reconciled Depreciation": NaN,
        "Reconciled Cost Of Revenue": NaN,
        "EBITDA": NaN,
        "EBIT": NaN,
        "Net Interest Income": NaN,
        "Interest Expense": NaN,
        "Interest Income": NaN,
        "Normalized Income": NaN,
        "Net Income From Continuing And Discontinued Operation": NaN,
        "Total Expenses": NaN,
        "Total Operating Income As Reported": NaN,
        "Diluted Average Shares": 1548431.0,
        "Basic Average Shares": 1548431.0,
        "Diluted EPS": -12.0,
        "Basic EPS": -12.0,
        "Diluted NI Availto Com Stockholders": NaN,
        "Net Income Common Stockholders": NaN,
        "Net Income": NaN,
        "Net Income Including Noncontrolling Interests": NaN,
        "Net Income Continuous Operations": NaN,
        "Pretax Income": NaN,
        "Other Income Expense": NaN,
        "Other Non Operating Income Expenses": NaN,
        "Net Non Operating Interest Income Expense": NaN,
        "Interest Expense Non Operating": NaN,
        "Interest Income Non Operating": NaN,
        "Operating Income": NaN,
        "Operating Expense": NaN,
        "Research And Development": NaN,
        "Selling General And Administration": NaN,
        "Selling And Marketing Expense": NaN,
        "General And Administrative Expense": NaN,
        "Other Gand A": NaN,
        "Gross Profit": NaN,
        "Cost Of Revenue": NaN,
        "Total Revenue": NaN,
        "Operating Revenue": NaN
    },
    "2023-12-31": {
        "Tax Effect Of Unusual Items": 0.0,
        "Tax Rate For Calcs": 0.0,
        "Normalized EBITDA": -14136000.0,
        "Net Income From Continuing Operation Net Minority Interest": -13884000.0,
        "Reconciled Depreciation": 706000.0,
        "Reconciled Cost Of Revenue": NaN,
        "EBITDA": -14136000.0,
        "EBIT": -14842000.0,
        "Net Interest Income": 1650000.0,
        "Interest Expense": -957000.0,
        "Interest Income": 718000.0,
        "Normalized Income": -13884000.0,
        "Net Income From Continuing And Discontinued Operation": -13884000.0,
        "Total Expenses": 16664000.0,
        "Total Operating Income As Reported": -18566000.0,
        "Diluted Average Shares": NaN,
        "Basic Average Shares": NaN,
        "Diluted EPS": NaN,
        "Basic EPS": NaN,
        "Diluted NI Availto Com Stockholders": -13884000.0,
        "Net Income Common Stockholders": -13884000.0,
        "Net Income": NaN,
        "Net Income Including Noncontrolling Interests": -13885000.0,
        "Net Income Continuous Operations": -13885000.0,
        "Pretax Income": -13885000.0,
        "Other Income Expense": -3671000.0,
        "Other Non Operating Income Expenses": NaN,
        "Net Non Operating Interest Income Expense": 1650000.0,
        "Interest Expense Non Operating": -957000.0,
        "Interest Income Non Operating": 718000.0,
        "Operating Income": -11864000.0,
        "Operating Expense": 12972000.0,
        "Research And Development": NaN,
        "Selling General And Administration": 9519000.0,
        "Selling And Marketing Expense": -3016000.0,
        "General And Administrative Expense": 12535000.0,
        "Other Gand A": -920000.0,
        "Gross Profit": NaN,
        "Cost Of Revenue": NaN,
        "Total Revenue": NaN,
        "Operating Revenue": 4800000.0
    },
    "2024-03-31": {
        "Tax Effect Of Unusual Items": NaN,
        "Tax Rate For Calcs": NaN,
        "Normalized EBITDA": NaN,
        "Net Income From Continuing Operation Net Minority Interest": NaN,
        "Reconciled Depreciation": NaN,
        "Reconciled Cost Of Revenue": NaN,
        "EBITDA": NaN,
        "EBIT": NaN,
        "Net Interest Income": NaN,
        "Interest Expense": NaN,
        "Interest Income": NaN,
        "Normalized Income": NaN,
        "Net Income From Continuing And Discontinued Operation": NaN,
        "Total Expenses": NaN,
        "Total Operating Income As Reported": NaN,
        "Diluted Average Shares": 1810982.0,
        "Basic Average Shares": 1810982.0,
        "Diluted EPS": 0.0,
        "Basic EPS": 0.0,
        "Diluted NI Availto Com Stockholders": NaN,
        "Net Income Common Stockholders": NaN,
        "Net Income": NaN,
        "Net Income Including Noncontrolling Interests": NaN,
        "Net Income Continuous Operations": NaN,
        "Pretax Income": NaN,
        "Other Income Expense": NaN,
        "Other Non Operating Income Expenses": NaN,
        "Net Non Operating Interest Income Expense": NaN,
        "Interest Expense Non Operating": NaN,
        "Interest Income Non Operating": NaN,
        "Operating Income": NaN,
        "Operating Expense": NaN,
        "Research And Development": NaN,
        "Selling General And Administration": NaN,
        "Selling And Marketing Expense": NaN,
        "General And Administrative Expense": NaN,
        "Other Gand A": NaN,
        "Gross Profit": NaN,
        "Cost Of Revenue": NaN,
        "Total Revenue": NaN,
        "Operating Revenue": NaN
    },
    "2024-06-30": {
        "Tax Effect Of Unusual Items": 0.0,
        "Tax Rate For Calcs": 0.23,
        "Normalized EBITDA": 3045000.0,
        "Net Income From Continuing Operation Net Minority Interest": 484000.0,
        "Reconciled Depreciation": 476000.0,
        "Reconciled Cost Of Revenue": 897000.0,
        "EBITDA": 3045000.0,
        "EBIT": 2569000.0,
        "Net Interest Income": -1550000.0,
        "Interest Expense": 2085000.0,
        "Interest Income": 535000.0,
        "Normalized Income": 484000.0,
        "Net Income From Continuing And Discontinued Operation": 484000.0,
        "Total Expenses": 11166000.0,
        "Total Operating Income As Reported": -5773000.0,
        "Diluted Average Shares": 1995972.0,
        "Basic Average Shares": 1995972.0,
        "Diluted EPS": 0.0,
        "Basic EPS": 0.0,
        "Diluted NI Availto Com Stockholders": 484000.0,
        "Net Income Common Stockholders": 484000.0,
        "Net Income": 484000.0,
        "Net Income Including Noncontrolling Interests": 484000.0,
        "Net Income Continuous Operations": 484000.0,
        "Pretax Income": 484000.0,
        "Other Income Expense": 7807000.0,
        "Other Non Operating Income Expenses": 7807000.0,
        "Net Non Operating Interest Income Expense": -1550000.0,
        "Interest Expense Non Operating": 2085000.0,
        "Interest Income Non Operating": 535000.0,
        "Operating Income": -5773000.0,
        "Operating Expense": 10269000.0,
        "Research And Development": 2225000.0,
        "Selling General And Administration": 8044000.0,
        "Selling And Marketing Expense": 6415000.0,
        "General And Administrative Expense": 1629000.0,
        "Other Gand A": 1629000.0,
        "Gross Profit": 4496000.0,
        "Cost Of Revenue": 897000.0,
        "Total Revenue": 5393000.0,
        "Operating Revenue": 5393000.0
    },
    "2024-09-30": {
        "Tax Effect Of Unusual Items": 0.0,
        "Tax Rate For Calcs": 0.0,
        "Normalized EBITDA": -3357000.0,
        "Net Income From Continuing Operation Net Minority Interest": -5822000.0,
        "Reconciled Depreciation": 840000.0,
        "Reconciled Cost Of Revenue": 822000.0,
        "EBITDA": -3357000.0,
        "EBIT": -4197000.0,
        "Net Interest Income": -1191000.0,
        "Interest Expense": 1625000.0,
        "Interest Income": 434000.0,
        "Normalized Income": -5822000.0,
        "Net Income From Continuing And Discontinued Operation": -5822000.0,
        "Total Expenses": 10330000.0,
        "Total Operating Income As Reported": -5387000.0,
        "Diluted Average Shares": 1999143.0,
        "Basic Average Shares": 1999143.0,
        "Diluted EPS": -2.912248,
        "Basic EPS": -2.912248,
        "Diluted NI Availto Com Stockholders": -5822000.0,
        "Net Income Common Stockholders": -5822000.0,
        "Net Income": -5822000.0,
        "Net Income Including Noncontrolling Interests": -5822000.0,
        "Net Income Continuous Operations": -5822000.0,
        "Pretax Income": -5822000.0,
        "Other Income Expense": 756000.0,
        "Other Non Operating Income Expenses": 756000.0,
        "Net Non Operating Interest Income Expense": -1191000.0,
        "Interest Expense Non Operating": 1625000.0,
        "Interest Income Non Operating": 434000.0,
        "Operating Income": -5387000.0,
        "Operating Expense": 9508000.0,
        "Research And Development": 2565000.0,
        "Selling General And Administration": 6943000.0,
        "Selling And Marketing Expense": 5553000.0,
        "General And Administrative Expense": 1390000.0,
        "Other Gand A": 1390000.0,
        "Gross Profit": 4121000.0,
        "Cost Of Revenue": 822000.0,
        "Total Revenue": 4943000.0,
        "Operating Revenue": 4943000.0
    },
    "2024-12-31": {
        "Tax Effect Of Unusual Items": 0.0,
        "Tax Rate For Calcs": 0.0,
        "Normalized EBITDA": 3100000.0,
        "Net Income From Continuing Operation Net Minority Interest": -3187000.0,
        "Reconciled Depreciation": 1852000.0,
        "Reconciled Cost Of Revenue": 6089000.0,
        "EBITDA": 3100000.0,
        "EBIT": 1248000.0,
        "Net Interest Income": -4194000.0,
        "Interest Expense": 4435000.0,
        "Interest Income": 286000.0,
        "Normalized Income": -3187000.0,
        "Net Income From Continuing And Discontinued Operation": -3187000.0,
        "Total Expenses": 14919000.0,
        "Total Operating Income As Reported": -4426000.0,
        "Diluted Average Shares": NaN,
        "Basic Average Shares": NaN,
        "Diluted EPS": NaN,
        "Basic EPS": NaN,
        "Diluted NI Availto Com Stockholders": -3187000.0,
        "Net Income Common Stockholders": -3187000.0,
        "Net Income": -3187000.0,
        "Net Income Including Noncontrolling Interests": -3187000.0,
        "Net Income Continuous Operations": -3187000.0,
        "Pretax Income": -3187000.0,
        "Other Income Expense": 4177000.0,
        "Other Non Operating Income Expenses": -13583000.0,
        "Net Non Operating Interest Income Expense": -4194000.0,
        "Interest Expense Non Operating": 4435000.0,
        "Interest Income Non Operating": 286000.0,
        "Operating Income": -3170000.0,
        "Operating Expense": 8830000.0,
        "Research And Development": 1865000.0,
        "Selling General And Administration": 5825000.0,
        "Selling And Marketing Expense": -8230000.0,
        "General And Administrative Expense": 14055000.0,
        "Other Gand A": -1660000.0,
        "Gross Profit": 5660000.0,
        "Cost Of Revenue": 6089000.0,
        "Total Revenue": 11749000.0,
        "Operating Revenue": 11749000.0
    },
    "2025-03-31": {
        "Tax Effect Of Unusual Items": 0.0,
        "Tax Rate For Calcs": 0.23,
        "Normalized EBITDA": 5712000.0,
        "Net Income From Continuing Operation Net Minority Interest": 5127000.0,
        "Reconciled Depreciation": 165000.0,
        "Reconciled Cost Of Revenue": 34000.0,
        "EBITDA": 5712000.0,
        "EBIT": 5547000.0,
        "Net Interest Income": -126000.0,
        "Interest Expense": 420000.0,
        "Interest Income": 294000.0,
        "Normalized Income": 5127000.0,
        "Net Income From Continuing And Discontinued Operation": 5127000.0,
        "Total Expenses": 2646000.0,
        "Total Operating Income As Reported": -2391000.0,
        "Diluted Average Shares": 3696214.0,
        "Basic Average Shares": 3696214.0,
        "Diluted EPS": 0.0,
        "Basic EPS": 0.0,
        "Diluted NI Availto Com Stockholders": 5127000.0,
        "Net Income Common Stockholders": 5127000.0,
        "Net Income": 5127000.0,
        "Net Income Including Noncontrolling Interests": 5127000.0,
        "Net Income Continuous Operations": 5127000.0,
        "Pretax Income": 5127000.0,
        "Other Income Expense": 7644000.0,
        "Other Non Operating Income Expenses": 7644000.0,
        "Net Non Operating Interest Income Expense": -126000.0,
        "Interest Expense Non Operating": 420000.0,
        "Interest Income Non Operating": 294000.0,
        "Operating Income": -2391000.0,
        "Operating Expense": 2612000.0,
        "Research And Development": 1623000.0,
        "Selling General And Administration": 989000.0,
        "Selling And Marketing Expense": 0.0,
        "General And Administrative Expense": 989000.0,
        "Other Gand A": 989000.0,
        "Gross Profit": 221000.0,
        "Cost Of Revenue": 34000.0,
        "Total Revenue": 255000.0,
        "Operating Revenue": 255000.0
    },
    "2025-06-30": {
        "Tax Effect Of Unusual Items": 0.0,
        "Tax Rate For Calcs": 0.0,
        "Normalized EBITDA": -3488000.0,
        "Net Income From Continuing Operation Net Minority Interest": -3940000.0,
        "Reconciled Depreciation": 176000.0,
        "Reconciled Cost Of Revenue": 72000.0,
        "EBITDA": -3488000.0,
        "EBIT": -3664000.0,
        "Net Interest Income": 214000.0,
        "Interest Expense": 276000.0,
        "Interest Income": 490000.0,
        "Normalized Income": -3940000.0,
        "Net Income From Continuing And Discontinued Operation": -3940000.0,
        "Total Expenses": 2607000.0,
        "Total Operating Income As Reported": -2303000.0,
        "Diluted Average Shares": 3949479.0,
        "Basic Average Shares": 3949479.0,
        "Diluted EPS": 0.0,
        "Basic EPS": 0.0,
        "Diluted NI Availto Com Stockholders": -3940000.0,
        "Net Income Common Stockholders": -3940000.0,
        "Net Income": -3940000.0,
        "Net Income Including Noncontrolling Interests": -3940000.0,
        "Net Income Continuous Operations": -3940000.0,
        "Pretax Income": -3940000.0,
        "Other Income Expense": -1851000.0,
        "Other Non Operating Income Expenses": -1851000.0,
        "Net Non Operating Interest Income Expense": 214000.0,
        "Interest Expense Non Operating": 276000.0,
        "Interest Income Non Operating": 490000.0,
        "Operating Income": -2303000.0,
        "Operating Expense": 2535000.0,
        "Research And Development": 2326000.0,
        "Selling General And Administration": 209000.0,
        "Selling And Marketing Expense": 0.0,
        "General And Administrative Expense": 209000.0,
        "Other Gand A": 209000.0,
        "Gross Profit": 232000.0,
        "Cost Of Revenue": 72000.0,
        "Total Revenue": 304000.0,
        "Operating Revenue": 304000.0
    }
}