{
    "2025-05-31": {
        "Tax Effect Of Unusual Items": 0.0,
        "Tax Rate For Calcs": 0.0,
        "Normalized EBITDA": -287217.0,
        "Total Unusual Items": -82943.0,
        "Total Unusual Items Excluding Goodwill": -82943.0,
        "Net Income From Continuing Operation Net Minority Interest": -622762.0,
        "Reconciled Depreciation": 180735.0,
        "Reconciled Cost Of Revenue": 1560985.0,
        "EBITDA": -370160.0,
        "EBIT": -550895.0,
        "Net Interest Income": -71867.0,
        "Interest Expense": 71867.0,
        "Interest Income": 0.0,
        "Normalized Income": -539819.0,
        "Net Income From Continuing And Discontinued Operation": -622762.0,
        "Total Expenses": 2485496.0,
        "Total Operating Income As Reported": -467952.0,
        "Diluted Average Shares": 2006202.0,
        "Basic Average Shares": 2006202.0,
        "Diluted EPS": -0.31,
        "Basic EPS": -0.31,
        "Diluted NI Availto Com Stockholders": -622762.0,
        "Net Income Common Stockholders": -622762.0,
        "Preferred Stock Dividends": NaN,
        "Net Income": -622762.0,
        "Net Income Including Noncontrolling Interests": -622762.0,
        "Net Income Continuous Operations": -622762.0,
        "Tax Provision": NaN,
        "Pretax Income": -622762.0,
        "Other Income Expense": -117256.0,
        "Other Non Operating Income Expenses": -34313.0,
        "Special Income Charges": -82943.0,
        "Gain On Sale Of Ppe": NaN,
        "Other Special Charges": 207758.0,
        "Write Off": -124815.0,
        "Impairment Of Capital Assets": NaN,
        "Gain On Sale Of Security": NaN,
        "Net Non Operating Interest Income Expense": -71867.0,
        "Interest Expense Non Operating": 71867.0,
        "Interest Income Non Operating": 0.0,
        "Operating Income": -433639.0,
        "Operating Expense": 924511.0,
        "Other Operating Expenses": 234820.0,
        "Depreciation Amortization Depletion Income Statement": 180735.0,
        "Depreciation And Amortization In Income Statement": 180735.0,
        "Depreciation Income Statement": 180735.0,
        "Selling General And Administration": 508956.0,
        "General And Administrative Expense": 508956.0,
        "Other Gand A": 250761.0,
        "Insurance And Claims": 27697.0,
        "Salaries And Wages": 230498.0,
        "Gross Profit": 490872.0,
        "Cost Of Revenue": 1560985.0,
        "Total Revenue": 2051856.0,
        "Operating Revenue": 2051856.0
    },
    "2025-02-28": {
        "Tax Effect Of Unusual Items": 0.0,
        "Tax Rate For Calcs": 0.0,
        "Normalized EBITDA": -659759.0,
        "Total Unusual Items": -208943.0,
        "Total Unusual Items Excluding Goodwill": -208943.0,
        "Net Income From Continuing Operation Net Minority Interest": -1156891.0,
        "Reconciled Depreciation": 227319.0,
        "Reconciled Cost Of Revenue": 1213081.0,
        "EBITDA": -868702.0,
        "EBIT": -1096396.0,
        "Net Interest Income": -60496.0,
        "Interest Expense": 60496.0,
        "Interest Income": 0.0,
        "Normalized Income": -947948.0,
        "Net Income From Continuing And Discontinued Operation": -1156891.0,
        "Total Expenses": 2404875.0,
        "Total Operating Income As Reported": -913623.0,
        "Diluted Average Shares": 1983380.0,
        "Basic Average Shares": 1983380.0,
        "Diluted EPS": -0.6,
        "Basic EPS": -0.6,
        "Diluted NI Availto Com Stockholders": -1156891.0,
        "Net Income Common Stockholders": -1156891.0,
        "Preferred Stock Dividends": NaN,
        "Net Income": -1156891.0,
        "Net Income Including Noncontrolling Interests": -1156892.0,
        "Net Income Continuous Operations": -1156892.0,
        "Tax Provision": NaN,
        "Pretax Income": -1156892.0,
        "Other Income Expense": -208943.0,
        "Other Non Operating Income Expenses": NaN,
        "Special Income Charges": -208943.0,
        "Gain On Sale Of Ppe": -26170.0,
        "Other Special Charges": 57958.0,
        "Write Off": 124815.0,
        "Impairment Of Capital Assets": NaN,
        "Gain On Sale Of Security": NaN,
        "Net Non Operating Interest Income Expense": -60496.0,
        "Interest Expense Non Operating": 60496.0,
        "Interest Income Non Operating": 0.0,
        "Operating Income": -887453.0,
        "Operating Expense": 1192169.0,
        "Other Operating Expenses": 376881.0,
        "Depreciation Amortization Depletion Income Statement": 227694.0,
        "Depreciation And Amortization In Income Statement": 227694.0,
        "Depreciation Income Statement": 227694.0,
        "Selling General And Administration": 587594.0,
        "General And Administrative Expense": 587594.0,
        "Other Gand A": 317842.0,
        "Insurance And Claims": 36930.0,
        "Salaries And Wages": 232822.0,
        "Gross Profit": 304716.0,
        "Cost Of Revenue": 1212706.0,
        "Total Revenue": 1517422.0,
        "Operating Revenue": 1517422.0
    },
    "2024-11-30": {
        "Tax Effect Of Unusual Items": 0.0,
        "Tax Rate For Calcs": 0.0,
        "Normalized EBITDA": -752000.0,
        "Total Unusual Items": -23000.0,
        "Total Unusual Items Excluding Goodwill": -23000.0,
        "Net Income From Continuing Operation Net Minority Interest": -974000.0,
        "Reconciled Depreciation": 131000.0,
        "Reconciled Cost Of Revenue": 1211000.0,
        "EBITDA": -775000.0,
        "EBIT": -906000.0,
        "Net Interest Income": -67000.0,
        "Interest Expense": 68000.0,
        "Interest Income": 1000.0,
        "Normalized Income": -951000.0,
        "Net Income From Continuing And Discontinued Operation": -974000.0,
        "Total Expenses": 2085000.0,
        "Total Operating Income As Reported": -884000.0,
        "Diluted Average Shares": 2371103.0,
        "Basic Average Shares": 2371103.0,
        "Diluted EPS": -1.66,
        "Basic EPS": -1.66,
        "Diluted NI Availto Com Stockholders": -3935000.0,
        "Net Income Common Stockholders": -3935000.0,
        "Preferred Stock Dividends": 2961000.0,
        "Net Income": -974000.0,
        "Net Income Including Noncontrolling Interests": -974000.0,
        "Net Income Continuous Operations": -974000.0,
        "Tax Provision": 0.0,
        "Pretax Income": -974000.0,
        "Other Income Expense": -23000.0,
        "Other Non Operating Income Expenses": 85216.0,
        "Special Income Charges": -23000.0,
        "Gain On Sale Of Ppe": NaN,
        "Other Special Charges": 23000.0,
        "Write Off": NaN,
        "Impairment Of Capital Assets": 0.0,
        "Gain On Sale Of Security": NaN,
        "Net Non Operating Interest Income Expense": -67000.0,
        "Interest Expense Non Operating": 68000.0,
        "Interest Income Non Operating": 1000.0,
        "Operating Income": -884000.0,
        "Operating Expense": 874000.0,
        "Other Operating Expenses": -85000.0,
        "Depreciation Amortization Depletion Income Statement": 130625.0,
        "Depreciation And Amortization In Income Statement": 130625.0,
        "Depreciation Income Statement": 130625.0,
        "Selling General And Administration": 959000.0,
        "General And Administrative Expense": 959000.0,
        "Other Gand A": 959000.0,
        "Insurance And Claims": NaN,
        "Salaries And Wages": NaN,
        "Gross Profit": -10000.0,
        "Cost Of Revenue": 1211000.0,
        "Total Revenue": 1201000.0,
        "Operating Revenue": 1201000.0
    },
    "2024-08-31": {
        "Tax Effect Of Unusual Items": NaN,
        "Tax Rate For Calcs": NaN,
        "Normalized EBITDA": NaN,
        "Total Unusual Items": NaN,
        "Total Unusual Items Excluding Goodwill": NaN,
        "Net Income From Continuing Operation Net Minority Interest": NaN,
        "Reconciled Depreciation": NaN,
        "Reconciled Cost Of Revenue": NaN,
        "EBITDA": NaN,
        "EBIT": NaN,
        "Net Interest Income": NaN,
        "Interest Expense": NaN,
        "Interest Income": NaN,
        "Normalized Income": NaN,
        "Net Income From Continuing And Discontinued Operation": NaN,
        "Total Expenses": NaN,
        "Total Operating Income As Reported": NaN,
        "Diluted Average Shares": NaN,
        "Basic Average Shares": NaN,
        "Diluted EPS": NaN,
        "Basic EPS": NaN,
        "Diluted NI Availto Com Stockholders": NaN,
        "Net Income Common Stockholders": NaN,
        "Preferred Stock Dividends": NaN,
        "Net Income": NaN,
        "Net Income Including Noncontrolling Interests": NaN,
        "Net Income Continuous Operations": NaN,
        "Tax Provision": NaN,
        "Pretax Income": NaN,
        "Other Income Expense": NaN,
        "Other Non Operating Income Expenses": NaN,
        "Special Income Charges": NaN,
        "Gain On Sale Of Ppe": -5971.0,
        "Other Special Charges": -35379.0,
        "Write Off": NaN,
        "Impairment Of Capital Assets": 120000.0,
        "Gain On Sale Of Security": -140700.0,
        "Net Non Operating Interest Income Expense": NaN,
        "Interest Expense Non Operating": NaN,
        "Interest Income Non Operating": NaN,
        "Operating Income": NaN,
        "Operating Expense": NaN,
        "Other Operating Expenses": NaN,
        "Depreciation Amortization Depletion Income Statement": 238981.0,
        "Depreciation And Amortization In Income Statement": 238981.0,
        "Depreciation Income Statement": 238981.0,
        "Selling General And Administration": NaN,
        "General And Administrative Expense": NaN,
        "Other Gand A": NaN,
        "Insurance And Claims": NaN,
        "Salaries And Wages": NaN,
        "Gross Profit": NaN,
        "Cost Of Revenue": NaN,
        "Total Revenue": NaN,
        "Operating Revenue": NaN
    },
    "2024-05-31": {
        "Tax Effect Of Unusual Items": NaN,
        "Tax Rate For Calcs": NaN,
        "Normalized EBITDA": NaN,
        "Total Unusual Items": NaN,
        "Total Unusual Items Excluding Goodwill": NaN,
        "Net Income From Continuing Operation Net Minority Interest": NaN,
        "Reconciled Depreciation": NaN,
        "Reconciled Cost Of Revenue": NaN,
        "EBITDA": NaN,
        "EBIT": NaN,
        "Net Interest Income": NaN,
        "Interest Expense": NaN,
        "Interest Income": NaN,
        "Normalized Income": NaN,
        "Net Income From Continuing And Discontinued Operation": NaN,
        "Total Expenses": NaN,
        "Total Operating Income As Reported": NaN,
        "Diluted Average Shares": 2491843.0,
        "Basic Average Shares": 2491843.0,
        "Diluted EPS": -0.26,
        "Basic EPS": -0.26,
        "Diluted NI Availto Com Stockholders": NaN,
        "Net Income Common Stockholders": NaN,
        "Preferred Stock Dividends": NaN,
        "Net Income": NaN,
        "Net Income Including Noncontrolling Interests": NaN,
        "Net Income Continuous Operations": NaN,
        "Tax Provision": NaN,
        "Pretax Income": NaN,
        "Other Income Expense": NaN,
        "Other Non Operating Income Expenses": 43183.0,
        "Special Income Charges": NaN,
        "Gain On Sale Of Ppe": 43183.0,
        "Other Special Charges": NaN,
        "Write Off": 0.0,
        "Impairment Of Capital Assets": 0.0,
        "Gain On Sale Of Security": 55995.0,
        "Net Non Operating Interest Income Expense": NaN,
        "Interest Expense Non Operating": NaN,
        "Interest Income Non Operating": NaN,
        "Operating Income": NaN,
        "Operating Expense": NaN,
        "Other Operating Expenses": NaN,
        "Depreciation Amortization Depletion Income Statement": 226663.0,
        "Depreciation And Amortization In Income Statement": 226663.0,
        "Depreciation Income Statement": 226663.0,
        "Selling General And Administration": NaN,
        "General And Administrative Expense": NaN,
        "Other Gand A": NaN,
        "Insurance And Claims": 30912.0,
        "Salaries And Wages": 139308.0,
        "Gross Profit": NaN,
        "Cost Of Revenue": NaN,
        "Total Revenue": NaN,
        "Operating Revenue": NaN
    },
    "2024-02-29": {
        "Tax Effect Of Unusual Items": NaN,
        "Tax Rate For Calcs": NaN,
        "Normalized EBITDA": NaN,
        "Total Unusual Items": NaN,
        "Total Unusual Items Excluding Goodwill": NaN,
        "Net Income From Continuing Operation Net Minority Interest": NaN,
        "Reconciled Depreciation": NaN,
        "Reconciled Cost Of Revenue": NaN,
        "EBITDA": NaN,
        "EBIT": NaN,
        "Net Interest Income": NaN,
        "Interest Expense": NaN,
        "Interest Income": NaN,
        "Normalized Income": NaN,
        "Net Income From Continuing And Discontinued Operation": NaN,
        "Total Expenses": NaN,
        "Total Operating Income As Reported": NaN,
        "Diluted Average Shares": 2487435.0,
        "Basic Average Shares": 2487435.0,
        "Diluted EPS": -0.4,
        "Basic EPS": -0.4,
        "Diluted NI Availto Com Stockholders": NaN,
        "Net Income Common Stockholders": NaN,
        "Preferred Stock Dividends": NaN,
        "Net Income": NaN,
        "Net Income Including Noncontrolling Interests": NaN,
        "Net Income Continuous Operations": NaN,
        "Pretax Income": NaN,
        "Other Income Expense": NaN,
        "Other Non Operating Income Expenses": NaN,
        "Special Income Charges": NaN,
        "Gain On Sale Of Ppe": 76591.0,
        "Other Special Charges": NaN,
        "Write Off": 0.0,
        "Impairment Of Capital Assets": 0.0,
        "Gain On Sale Of Security": -30782.0,
        "Net Non Operating Interest Income Expense": NaN,
        "Interest Expense Non Operating": NaN,
        "Interest Income Non Operating": NaN,
        "Operating Income": NaN,
        "Operating Expense": NaN,
        "Other Operating Expenses": NaN,
        "Depreciation Amortization Depletion Income Statement": NaN,
        "Depreciation And Amortization In Income Statement": NaN,
        "Depreciation Income Statement": NaN,
        "Selling General And Administration": NaN,
        "General And Administrative Expense": NaN,
        "Other Gand A": NaN,
        "Insurance And Claims": 30912.0,
        "Salaries And Wages": 146730.0,
        "Gross Profit": NaN,
        "Cost Of Revenue": NaN,
        "Total Revenue": NaN,
        "Operating Revenue": NaN
    },
    "2025-08-31": {
        "Tax Effect Of Unusual Items": 64620.78,
        "Tax Rate For Calcs": 0.21,
        "Normalized EBITDA": 443584820.0,
        "Total Unusual Items": 307718.0,
        "Total Unusual Items Excluding Goodwill": 307718.0,
        "Net Income From Continuing Operation Net Minority Interest": 351331391.0,
        "Reconciled Depreciation": 221946.0,
        "Reconciled Cost Of Revenue": 1930685.0,
        "EBITDA": 443892538.0,
        "EBIT": 443670592.0,
        "Net Interest Income": -43921.0,
        "Interest Expense": 44202.0,
        "Interest Income": 281.0,
        "Normalized Income": 351088293.78,
        "Net Income From Continuing And Discontinued Operation": 351331391.0,
        "Total Expenses": 361667565.0,
        "Total Operating Income As Reported": 446476594.0,
        "Diluted Average Shares": NaN,
        "Basic Average Shares": NaN,
        "Diluted EPS": NaN,
        "Basic EPS": NaN,
        "Diluted NI Availto Com Stockholders": 333876039.0,
        "Net Income Common Stockholders": 333876039.0,
        "Preferred Stock Dividends": 352.0,
        "Net Income": 351331391.0,
        "Net Income Including Noncontrolling Interests": 351331390.0,
        "Net Income Continuous Operations": 351331390.0,
        "Tax Provision": NaN,
        "Pretax Income": 443626390.0,
        "Other Income Expense": 804012985.0,
        "Other Non Operating Income Expenses": 804983267.0,
        "Special Income Charges": 307718.0,
        "Gain On Sale Of Ppe": NaN,
        "Other Special Charges": 282.0,
        "Write Off": NaN,
        "Impairment Of Capital Assets": NaN,
        "Gain On Sale Of Security": NaN,
        "Net Non Operating Interest Income Expense": -43921.0,
        "Interest Expense Non Operating": 44202.0,
        "Interest Income Non Operating": 281.0,
        "Operating Income": -360342674.0,
        "Operating Expense": 359736880.0,
        "Other Operating Expenses": 347819002.0,
        "Depreciation Amortization Depletion Income Statement": NaN,
        "Depreciation And Amortization In Income Statement": NaN,
        "Depreciation Income Statement": NaN,
        "Selling General And Administration": 12456932.0,
        "General And Administrative Expense": 12456932.0,
        "Other Gand A": 13263540.0,
        "Insurance And Claims": NaN,
        "Salaries And Wages": NaN,
        "Gross Profit": -605794.0,
        "Cost Of Revenue": 1930685.0,
        "Total Revenue": 1324891.0,
        "Operating Revenue": 1324891.0
    },
    "2025-11-30": {
        "Tax Effect Of Unusual Items": 2749408.8,
        "Tax Rate For Calcs": 0.0174,
        "Normalized EBITDA": -5454078000.0,
        "Total Unusual Items": 158012000.0,
        "Total Unusual Items Excluding Goodwill": 158012000.0,
        "Net Income From Continuing Operation Net Minority Interest": -5204095000.0,
        "Reconciled Depreciation": 124000.0,
        "Reconciled Cost Of Revenue": 1024000.0,
        "EBITDA": -5296066000.0,
        "EBIT": -5296190000.0,
        "Net Interest Income": -200000.0,
        "Interest Expense": 200000.0,
        "Interest Income": 0.0,
        "Normalized Income": -5359357591.2,
        "Net Income From Continuing And Discontinued Operation": -5204095000.0,
        "Total Expenses": 5456495000.0,
        "Total Operating Income As Reported": -5470292000.0,
        "Diluted Average Shares": 325665565.0,
        "Basic Average Shares": 325665565.0,
        "Diluted EPS": -15.98,
        "Basic EPS": -15.98,
        "Diluted NI Availto Com Stockholders": -5204095000.0,
        "Net Income Common Stockholders": -5204095000.0,
        "Preferred Stock Dividends": NaN,
        "Net Income": -5204095000.0,
        "Net Income Including Noncontrolling Interests": -5204095000.0,
        "Net Income Continuous Operations": -5204095000.0,
        "Tax Provision": -92295000.0,
        "Pretax Income": -5296390000.0,
        "Other Income Expense": 158012000.0,
        "Other Non Operating Income Expenses": NaN,
        "Special Income Charges": -200000.0,
        "Gain On Sale Of Ppe": NaN,
        "Other Special Charges": NaN,
        "Write Off": NaN,
        "Impairment Of Capital Assets": 200000.0,
        "Gain On Sale Of Security": 158212000.0,
        "Net Non Operating Interest Income Expense": -200000.0,
        "Interest Expense Non Operating": 200000.0,
        "Interest Income Non Operating": 0.0,
        "Operating Income": -5454202000.0,
        "Operating Expense": 5455471000.0,
        "Other Operating Expenses": 5232035000.0,
        "Depreciation Amortization Depletion Income Statement": NaN,
        "Depreciation And Amortization In Income Statement": NaN,
        "Depreciation Income Statement": NaN,
        "Selling General And Administration": 223436000.0,
        "General And Administrative Expense": 223436000.0,
        "Other Gand A": 223436000.0,
        "Insurance And Claims": NaN,
        "Salaries And Wages": NaN,
        "Gross Profit": 1269000.0,
        "Cost Of Revenue": 1024000.0,
        "Total Revenue": 2293000.0,
        "Operating Revenue": 2293000.0
    }
}