{
    "2023-02-28": {
        "Tax Effect Of Unusual Items": NaN,
        "Tax Rate For Calcs": NaN,
        "Normalized EBITDA": NaN,
        "Net Income From Continuing Operation Net Minority Interest": NaN,
        "Reconciled Depreciation": NaN,
        "Reconciled Cost Of Revenue": NaN,
        "EBITDA": NaN,
        "EBIT": NaN,
        "Net Interest Income": NaN,
        "Interest Income": NaN,
        "Normalized Income": NaN,
        "Net Income From Continuing And Discontinued Operation": NaN,
        "Total Expenses": NaN,
        "Total Operating Income As Reported": NaN,
        "Diluted Average Shares": 13481490.0,
        "Basic Average Shares": 13481490.0,
        "Diluted EPS": -0.12,
        "Basic EPS": -0.12,
        "Diluted NI Availto Com Stockholders": NaN,
        "Net Income Common Stockholders": NaN,
        "Net Income": NaN,
        "Net Income Including Noncontrolling Interests": NaN,
        "Net Income Continuous Operations": NaN,
        "Tax Provision": NaN,
        "Pretax Income": NaN,
        "Net Non Operating Interest Income Expense": NaN,
        "Interest Income Non Operating": NaN,
        "Operating Income": NaN,
        "Operating Expense": NaN,
        "Research And Development": NaN,
        "Selling General And Administration": NaN,
        "Gross Profit": NaN,
        "Cost Of Revenue": NaN,
        "Total Revenue": NaN,
        "Operating Revenue": NaN
    },
    "2022-11-30": {
        "Tax Effect Of Unusual Items": NaN,
        "Tax Rate For Calcs": NaN,
        "Normalized EBITDA": NaN,
        "Total Unusual Items": 41254.0,
        "Total Unusual Items Excluding Goodwill": 41254.0,
        "Net Income From Continuing Operation Net Minority Interest": NaN,
        "Reconciled Depreciation": NaN,
        "Reconciled Cost Of Revenue": NaN,
        "EBITDA": NaN,
        "EBIT": NaN,
        "Net Interest Income": NaN,
        "Interest Income": NaN,
        "Normalized Income": NaN,
        "Net Income From Continuing And Discontinued Operation": NaN,
        "Total Expenses": NaN,
        "Total Operating Income As Reported": NaN,
        "Diluted Average Shares": 13455166.0,
        "Basic Average Shares": 13455166.0,
        "Diluted EPS": -0.12,
        "Basic EPS": -0.12,
        "Diluted NI Availto Com Stockholders": NaN,
        "Net Income Common Stockholders": NaN,
        "Net Income": NaN,
        "Net Income Including Noncontrolling Interests": NaN,
        "Net Income Continuous Operations": NaN,
        "Tax Provision": NaN,
        "Pretax Income": NaN,
        "Other Income Expense": 41254.0,
        "Gain On Sale Of Security": 41254.0,
        "Net Non Operating Interest Income Expense": NaN,
        "Interest Income Non Operating": NaN,
        "Operating Income": NaN,
        "Operating Expense": NaN,
        "Research And Development": NaN,
        "Selling General And Administration": NaN,
        "Gross Profit": NaN,
        "Cost Of Revenue": NaN,
        "Total Revenue": NaN,
        "Operating Revenue": NaN
    },
    "2022-08-31": {
        "Tax Effect Of Unusual Items": NaN,
        "Tax Rate For Calcs": NaN,
        "Normalized EBITDA": NaN,
        "Total Unusual Items": NaN,
        "Total Unusual Items Excluding Goodwill": NaN,
        "Net Income From Continuing Operation Net Minority Interest": NaN,
        "Reconciled Depreciation": NaN,
        "Reconciled Cost Of Revenue": NaN,
        "EBITDA": NaN,
        "EBIT": NaN,
        "Net Interest Income": NaN,
        "Interest Expense": 0.0,
        "Interest Income": NaN,
        "Normalized Income": NaN,
        "Net Income From Continuing And Discontinued Operation": NaN,
        "Total Expenses": NaN,
        "Total Operating Income As Reported": NaN,
        "Diluted Average Shares": NaN,
        "Basic Average Shares": NaN,
        "Diluted EPS": NaN,
        "Basic EPS": NaN,
        "Diluted NI Availto Com Stockholders": NaN,
        "Net Income Common Stockholders": NaN,
        "Net Income": NaN,
        "Net Income Including Noncontrolling Interests": NaN,
        "Net Income Continuous Operations": NaN,
        "Tax Provision": NaN,
        "Pretax Income": NaN,
        "Other Income Expense": NaN,
        "Gain On Sale Of Security": NaN,
        "Net Non Operating Interest Income Expense": NaN,
        "Interest Expense Non Operating": 0.0,
        "Interest Income Non Operating": NaN,
        "Operating Income": NaN,
        "Operating Expense": NaN,
        "Research And Development": NaN,
        "Selling General And Administration": NaN,
        "Gross Profit": NaN,
        "Cost Of Revenue": NaN,
        "Total Revenue": NaN,
        "Operating Revenue": NaN
    },
    "2022-05-31": {
        "Tax Effect Of Unusual Items": 0.0,
        "Tax Rate For Calcs": 0.4,
        "Normalized EBITDA": -1426843.0,
        "Total Unusual Items": NaN,
        "Total Unusual Items Excluding Goodwill": NaN,
        "Net Income From Continuing Operation Net Minority Interest": -1759021.0,
        "Reconciled Depreciation": 302853.0,
        "Reconciled Cost Of Revenue": 4680816.0,
        "EBIT": -1729696.0,
        "Net Interest Income": 6899.0,
        "Interest Expense": NaN,
        "Interest Income": 6899.0,
        "Normalized Income": -1759021.0,
        "Net Income From Continuing And Discontinued Operation": -1759021.0,
        "Total Expenses": 7058556.0,
        "Total Operating Income As Reported": -1756335.0,
        "Diluted Average Shares": 12857700.0,
        "Basic Average Shares": 12857700.0,
        "Diluted EPS": -0.14,
        "Basic EPS": -0.14,
        "Diluted NI Availto Com Stockholders": -1759021.0,
        "Net Income Common Stockholders": -1759021.0,
        "Net Income": -1759021.0,
        "Net Income Including Noncontrolling Interests": -1759021.0,
        "Net Income Continuous Operations": -1759021.0,
        "Tax Provision": 9585.0,
        "Pretax Income": -1749436.0,
        "Other Income Expense": NaN,
        "Gain On Sale Of Security": NaN,
        "Net Non Operating Interest Income Expense": 6899.0,
        "Interest Expense Non Operating": NaN,
        "Interest Income Non Operating": 6899.0,
        "Operating Income": -1756335.0,
        "Operating Expense": 2377740.0,
        "Research And Development": 297040.0,
        "Selling General And Administration": 2080700.0,
        "Gross Profit": 621405.0,
        "Cost Of Revenue": 4680816.0,
        "Total Revenue": 5302221.0,
        "Operating Revenue": 5302221.0
    },
    "2022-02-28": {
        "Diluted EPS": -0.01,
        "Total Revenue": 8,
        "Gross Profit": 2,
        "Operating Income": 0,
        "EBIT": 0,
        "Net Income": 0
    },
    "2021-11-30": {
        "Diluted EPS": -0.09,
        "Total Revenue": 5,
        "Gross Profit": 1,
        "Operating Income": -1,
        "EBIT": -1,
        "Net Income": -1
    },
    "2021-08-31": {
        "Diluted EPS": -0.12,
        "Total Revenue": 1,
        "Gross Profit": 0,
        "Operating Income": -2,
        "EBIT": -1,
        "Net Income": -2
    },
    "2021-05-31": {
        "Diluted EPS": -0.13,
        "Total Revenue": 1,
        "Gross Profit": 0,
        "Operating Income": -2,
        "EBIT": -2,
        "Net Income": -2
    },
    "2021-02-28": {
        "Diluted EPS": -0.18,
        "Total Revenue": 4,
        "Gross Profit": 0,
        "Operating Income": -2,
        "EBIT": -2,
        "Net Income": -2
    },
    "2020-11-30": {
        "Diluted EPS": -0.15,
        "Total Revenue": 1,
        "Gross Profit": 0,
        "Operating Income": -2,
        "EBIT": -2,
        "Net Income": -2
    },
    "2020-08-31": {
        "Diluted EPS": -0.16,
        "Total Revenue": 1,
        "Gross Profit": 0,
        "Operating Income": -2,
        "EBIT": -2,
        "Net Income": -2
    },
    "2020-05-31": {
        "Diluted EPS": -0.07,
        "Total Revenue": 3,
        "Gross Profit": 1,
        "Operating Income": -1,
        "EBIT": -1,
        "Net Income": -1
    },
    "2020-02-29": {
        "Diluted EPS": -0.09,
        "Total Revenue": 1,
        "Gross Profit": 0,
        "Operating Income": -1,
        "EBIT": -1,
        "Net Income": -1
    },
    "2019-11-30": {
        "Diluted EPS": -0.05,
        "Total Revenue": 2,
        "Gross Profit": 0,
        "Operating Income": 0,
        "EBIT": 0,
        "Net Income": 0
    },
    "2019-08-31": {
        "Diluted EPS": -0.05,
        "Total Revenue": 1,
        "Gross Profit": 0,
        "Operating Income": -1,
        "EBIT": 0,
        "Net Income": -1
    },
    "2019-05-31": {
        "Diluted EPS": -0.09,
        "Total Revenue": 1,
        "Gross Profit": 0,
        "Operating Income": -1,
        "EBIT": -1,
        "Net Income": -1
    },
    "2019-02-28": {
        "Diluted EPS": -0.07,
        "Total Revenue": 1,
        "Gross Profit": 0,
        "Operating Income": -1,
        "EBIT": -1,
        "Net Income": -1
    },
    "2018-11-30": {
        "Diluted EPS": -0.05,
        "Total Revenue": 2,
        "Gross Profit": 0,
        "Operating Income": 0,
        "EBIT": 0,
        "Net Income": 0
    },
    "2018-08-31": {
        "Diluted EPS": -0.05,
        "Total Revenue": 1,
        "Gross Profit": 0,
        "Operating Income": 0,
        "EBIT": 0,
        "Net Income": 0
    },
    "2018-05-31": {
        "Diluted EPS": -0.08,
        "Total Revenue": 1,
        "Gross Profit": 0,
        "Operating Income": -1,
        "EBIT": -1,
        "Net Income": -1
    },
    "2018-02-28": {
        "Diluted EPS": -0.04,
        "Total Revenue": 1,
        "Gross Profit": 0,
        "Operating Income": 0,
        "EBIT": 0,
        "Net Income": 0
    },
    "2017-11-30": {
        "Diluted EPS": -0.03,
        "Total Revenue": 2,
        "Gross Profit": 1,
        "Operating Income": 0,
        "EBIT": 0,
        "Net Income": 0
    },
    "2017-08-31": {
        "Diluted EPS": -0.02,
        "Total Revenue": 1,
        "Gross Profit": 1,
        "Operating Income": 0,
        "EBIT": 0,
        "Net Income": 0
    },
    "2017-05-31": {
        "Diluted EPS": -0.04,
        "Total Revenue": 1,
        "Gross Profit": 0,
        "Operating Income": 0,
        "EBIT": 0,
        "Net Income": 0
    },
    "2017-02-28": {
        "Diluted EPS": -0.04,
        "Total Revenue": 2,
        "Gross Profit": 0,
        "Operating Income": 0,
        "EBIT": 0,
        "Net Income": 0
    },
    "2016-11-30": {
        "Diluted EPS": -0.02,
        "Total Revenue": 1,
        "Gross Profit": 1,
        "Operating Income": 0,
        "EBIT": 0,
        "Net Income": 0
    },
    "2016-08-31": {
        "Diluted EPS": -0.01,
        "Total Revenue": 1,
        "Gross Profit": 1,
        "Operating Income": 0,
        "EBIT": 0,
        "Net Income": 0
    },
    "2016-05-31": {
        "Diluted EPS": -0.16,
        "Total Revenue": 1,
        "Gross Profit": 0,
        "Operating Income": 0,
        "EBIT": 0,
        "Net Income": -1
    },
    "2016-02-29": {
        "Diluted EPS": -0.02,
        "Total Revenue": 1,
        "Gross Profit": 0,
        "Operating Income": 0,
        "EBIT": 0,
        "Net Income": 0
    },
    "2015-11-30": {
        "Diluted EPS": -0.01,
        "Total Revenue": 1,
        "Gross Profit": 0,
        "Operating Income": 0,
        "EBIT": 0,
        "Net Income": 0
    },
    "2015-08-31": {
        "Diluted EPS": -0.01,
        "Total Revenue": 1,
        "Gross Profit": 0,
        "Operating Income": 0,
        "EBIT": 0,
        "Net Income": 0
    },
    "2015-05-31": {
        "Diluted EPS": 0.04,
        "Total Revenue": 1,
        "Gross Profit": 0,
        "Operating Income": 0,
        "EBIT": 0,
        "Net Income": 0
    },
    "2015-02-28": {
        "Diluted EPS": -0.02,
        "Total Revenue": 1,
        "Gross Profit": 0,
        "Operating Income": 0,
        "EBIT": 0,
        "Net Income": 0
    },
    "2014-11-30": {
        "Diluted EPS": -0.03,
        "Total Revenue": 1,
        "Gross Profit": 0,
        "Operating Income": 0,
        "EBIT": 0,
        "Net Income": 0
    },
    "2014-08-31": {
        "Diluted EPS": -0.03,
        "Total Revenue": 1,
        "Gross Profit": 0,
        "Operating Income": 0,
        "EBIT": 0,
        "Net Income": 0
    },
    "2014-05-31": {
        "Diluted EPS": 0.02,
        "Total Revenue": 2,
        "Gross Profit": 1,
        "Operating Income": 0,
        "EBIT": 0,
        "Net Income": 0
    },
    "2014-02-28": {
        "Diluted EPS": 0.0,
        "Total Revenue": 1,
        "Gross Profit": 1,
        "Operating Income": 0,
        "EBIT": 0,
        "Net Income": 0
    },
    "2013-11-30": {
        "Diluted EPS": -0.03,
        "Total Revenue": 1,
        "Gross Profit": 0,
        "Operating Income": 0,
        "EBIT": 0,
        "Net Income": 0
    },
    "2013-08-31": {
        "Diluted EPS": -0.02,
        "Total Revenue": 1,
        "Gross Profit": 0,
        "Operating Income": 0,
        "EBIT": 0,
        "Net Income": 0
    },
    "2013-05-31": {
        "Diluted EPS": 0.01,
        "Total Revenue": 1,
        "Gross Profit": 0,
        "Operating Income": 0,
        "EBIT": 0,
        "Net Income": 0
    },
    "2013-02-28": {
        "Diluted EPS": -0.01,
        "Total Revenue": 1,
        "Gross Profit": 0,
        "Operating Income": 0,
        "EBIT": 0,
        "Net Income": 0
    },
    "2012-11-30": {
        "Diluted EPS": 0.03,
        "Total Revenue": 2,
        "Gross Profit": 1,
        "Operating Income": 0,
        "EBIT": 0,
        "Net Income": 0
    },
    "2012-08-31": {
        "Diluted EPS": 0.04,
        "Total Revenue": 2,
        "Gross Profit": 1,
        "Operating Income": 0,
        "EBIT": 0,
        "Net Income": 0
    },
    "2012-05-31": {
        "Diluted EPS": 0.0,
        "Total Revenue": 2,
        "Gross Profit": 1,
        "Operating Income": 0,
        "EBIT": 0,
        "Net Income": 0
    },
    "2012-02-29": {
        "Diluted EPS": 0.03,
        "Total Revenue": 2,
        "Gross Profit": 1,
        "Operating Income": 0,
        "EBIT": 0,
        "Net Income": 0
    },
    "2011-11-30": {
        "Diluted EPS": 0.03,
        "Total Revenue": 2,
        "Gross Profit": 1,
        "Operating Income": 0,
        "EBIT": 0,
        "Net Income": 0
    },
    "2011-08-31": {
        "Diluted EPS": 0.02,
        "Total Revenue": 1,
        "Gross Profit": 1,
        "Operating Income": 0,
        "EBIT": 0,
        "Net Income": 0
    },
    "2011-05-31": {
        "Diluted EPS": 0.01,
        "Total Revenue": 1,
        "Gross Profit": 0,
        "Operating Income": 0,
        "EBIT": 0,
        "Net Income": 0
    },
    "2011-02-28": {
        "Diluted EPS": 0.01,
        "Total Revenue": 1,
        "Gross Profit": 1,
        "Operating Income": 0,
        "EBIT": 0,
        "Net Income": 0
    },
    "2010-11-30": {
        "Diluted EPS": 0.0,
        "Total Revenue": 1,
        "Gross Profit": 0,
        "Operating Income": 0,
        "EBIT": 0,
        "Net Income": 0
    },
    "2010-08-31": {
        "Diluted EPS": 0.0,
        "Total Revenue": 1,
        "Gross Profit": 0,
        "Operating Income": 0,
        "EBIT": 0,
        "Net Income": 0
    },
    "2010-05-31": {
        "Diluted EPS": -0.02,
        "Total Revenue": 1,
        "Gross Profit": 0,
        "Operating Income": 0,
        "EBIT": 0,
        "Net Income": 0
    },
    "2010-02-28": {
        "Diluted EPS": 0.02,
        "Total Revenue": 1,
        "Gross Profit": 1,
        "Operating Income": 0,
        "EBIT": 0,
        "Net Income": 0
    },
    "2009-11-30": {
        "Diluted EPS": -0.05,
        "Total Revenue": 1,
        "Gross Profit": 0,
        "Operating Income": 0,
        "EBIT": 0,
        "Net Income": 0
    },
    "2009-08-31": {
        "Diluted EPS": 0.0,
        "Total Revenue": 1,
        "Gross Profit": 0,
        "Operating Income": 0,
        "EBIT": 0,
        "Net Income": 0
    },
    "2009-05-31": {
        "Diluted EPS": 0.03,
        "Total Revenue": 1,
        "Gross Profit": 0,
        "Operating Income": 0,
        "EBIT": 0,
        "Net Income": 0
    },
    "2009-02-28": {
        "Diluted EPS": 0.04,
        "Total Revenue": 1,
        "Gross Profit": 1,
        "Operating Income": 0,
        "EBIT": 0,
        "Net Income": 0
    },
    "2023-05-31": {
        "Tax Effect Of Unusual Items": 0.0,
        "Tax Rate For Calcs": 0.21,
        "Normalized EBITDA": -1752710.0,
        "Net Income From Continuing Operation Net Minority Interest": -1792177.0,
        "Reconciled Depreciation": 83085.0,
        "Reconciled Cost Of Revenue": 1079401.0,
        "EBITDA": -1752710.0,
        "EBIT": -1835795.0,
        "Net Interest Income": 55632.0,
        "Interest Income": 55632.0,
        "Normalized Income": -1792177.0,
        "Net Income From Continuing And Discontinued Operation": -1792177.0,
        "Total Expenses": 2944003.0,
        "Total Operating Income As Reported": -1835795.0,
        "Diluted Average Shares": NaN,
        "Basic Average Shares": NaN,
        "Diluted EPS": NaN,
        "Basic EPS": NaN,
        "Diluted NI Availto Com Stockholders": -1792177.0,
        "Net Income Common Stockholders": -1792177.0,
        "Net Income": -1792177.0,
        "Net Income Including Noncontrolling Interests": -1792177.0,
        "Net Income Continuous Operations": -1792177.0,
        "Tax Provision": 13014.0,
        "Pretax Income": -1779163.0,
        "Net Non Operating Interest Income Expense": 55632.0,
        "Interest Income Non Operating": 55632.0,
        "Operating Income": -1835795.0,
        "Operating Expense": 1864602.0,
        "Research And Development": 368857.0,
        "Selling General And Administration": 1495745.0,
        "Gross Profit": 28807.0,
        "Cost Of Revenue": 1079401.0,
        "Total Revenue": 1108208.0,
        "Operating Revenue": 1108208.0
    },
    "2023-08-31": {
        "Tax Effect Of Unusual Items": NaN,
        "Tax Rate For Calcs": NaN,
        "Normalized EBITDA": NaN,
        "Net Income From Continuing Operation Net Minority Interest": NaN,
        "Reconciled Depreciation": NaN,
        "Reconciled Cost Of Revenue": NaN,
        "EBITDA": NaN,
        "EBIT": NaN,
        "Net Interest Income": NaN,
        "Interest Income": NaN,
        "Normalized Income": NaN,
        "Net Income From Continuing And Discontinued Operation": NaN,
        "Total Expenses": NaN,
        "Total Operating Income As Reported": NaN,
        "Diluted Average Shares": 16821646.0,
        "Basic Average Shares": 16821646.0,
        "Diluted EPS": -0.07,
        "Basic EPS": -0.07,
        "Diluted NI Availto Com Stockholders": NaN,
        "Net Income Common Stockholders": NaN,
        "Net Income": NaN,
        "Net Income Including Noncontrolling Interests": NaN,
        "Net Income Continuous Operations": NaN,
        "Tax Provision": NaN,
        "Pretax Income": NaN,
        "Net Non Operating Interest Income Expense": NaN,
        "Interest Income Non Operating": NaN,
        "Operating Income": NaN,
        "Operating Expense": NaN,
        "Research And Development": NaN,
        "Selling General And Administration": NaN,
        "Gross Profit": NaN,
        "Cost Of Revenue": NaN,
        "Total Revenue": NaN,
        "Operating Revenue": NaN
    },
    "2023-11-30": {
        "Tax Effect Of Unusual Items": NaN,
        "Tax Rate For Calcs": NaN,
        "Normalized EBITDA": NaN,
        "Net Income From Continuing Operation Net Minority Interest": NaN,
        "Reconciled Depreciation": NaN,
        "Reconciled Cost Of Revenue": NaN,
        "EBITDA": NaN,
        "EBIT": NaN,
        "Net Interest Income": NaN,
        "Interest Income": NaN,
        "Normalized Income": NaN,
        "Net Income From Continuing And Discontinued Operation": NaN,
        "Total Expenses": NaN,
        "Total Operating Income As Reported": NaN,
        "Diluted Average Shares": 2102705.0,
        "Basic Average Shares": 2102705.0,
        "Diluted EPS": -0.72,
        "Basic EPS": -0.72,
        "Diluted NI Availto Com Stockholders": NaN,
        "Net Income Common Stockholders": NaN,
        "Net Income": NaN,
        "Net Income Including Noncontrolling Interests": NaN,
        "Net Income Continuous Operations": NaN,
        "Tax Provision": NaN,
        "Pretax Income": NaN,
        "Net Non Operating Interest Income Expense": NaN,
        "Interest Income Non Operating": NaN,
        "Operating Income": NaN,
        "Operating Expense": NaN,
        "Research And Development": NaN,
        "Selling General And Administration": NaN,
        "Gross Profit": NaN,
        "Cost Of Revenue": NaN,
        "Total Revenue": NaN,
        "Operating Revenue": NaN
    },
    "2024-02-29": {
        "Tax Effect Of Unusual Items": 0.0,
        "Tax Rate For Calcs": 0.21,
        "Normalized EBITDA": -1906000.0,
        "Net Income From Continuing Operation Net Minority Interest": -1918000.0,
        "Reconciled Depreciation": 94000.0,
        "Reconciled Cost Of Revenue": 1166000.0,
        "EBITDA": -1906000.0,
        "EBIT": -2000000.0,
        "Net Interest Income": 86000.0,
        "Interest Income": 86000.0,
        "Normalized Income": -1918000.0,
        "Net Income From Continuing And Discontinued Operation": -1918000.0,
        "Total Expenses": 3017000.0,
        "Total Operating Income As Reported": -2000000.0,
        "Diluted Average Shares": 2102705.0,
        "Basic Average Shares": 2102705.0,
        "Diluted EPS": -0.88,
        "Basic EPS": -0.88,
        "Diluted NI Availto Com Stockholders": -1918000.0,
        "Net Income Common Stockholders": -1918000.0,
        "Net Income": -1918000.0,
        "Net Income Including Noncontrolling Interests": -1918000.0,
        "Net Income Continuous Operations": -1918000.0,
        "Tax Provision": 4000.0,
        "Pretax Income": -1914000.0,
        "Net Non Operating Interest Income Expense": 86000.0,
        "Interest Income Non Operating": 86000.0,
        "Operating Income": -2000000.0,
        "Operating Expense": 1851000.0,
        "Research And Development": 343000.0,
        "Selling General And Administration": 1508000.0,
        "Gross Profit": -149000.0,
        "Cost Of Revenue": 1166000.0,
        "Total Revenue": 1017000.0,
        "Operating Revenue": 1017000.0
    },
    "2024-05-31": {
        "Tax Effect Of Unusual Items": 0.0,
        "Tax Rate For Calcs": 0.21,
        "Normalized EBITDA": -1431000.0,
        "Net Income From Continuing Operation Net Minority Interest": -1421000.0,
        "Reconciled Depreciation": 97000.0,
        "Reconciled Cost Of Revenue": 1096000.0,
        "EBITDA": -1431000.0,
        "EBIT": -1528000.0,
        "Net Interest Income": 114000.0,
        "Interest Income": 114000.0,
        "Normalized Income": -1421000.0,
        "Net Income From Continuing And Discontinued Operation": -1421000.0,
        "Total Expenses": 2644000.0,
        "Total Operating Income As Reported": -1528000.0,
        "Diluted Average Shares": NaN,
        "Basic Average Shares": NaN,
        "Diluted EPS": NaN,
        "Basic EPS": NaN,
        "Diluted NI Availto Com Stockholders": -1421000.0,
        "Net Income Common Stockholders": -1421000.0,
        "Net Income": -1421000.0,
        "Net Income Including Noncontrolling Interests": -1421000.0,
        "Net Income Continuous Operations": -1421000.0,
        "Tax Provision": 7000.0,
        "Pretax Income": -1414000.0,
        "Net Non Operating Interest Income Expense": 114000.0,
        "Interest Income Non Operating": 114000.0,
        "Operating Income": -1528000.0,
        "Operating Expense": 1548000.0,
        "Research And Development": 265000.0,
        "Selling General And Administration": 1283000.0,
        "Gross Profit": 20000.0,
        "Cost Of Revenue": 1096000.0,
        "Total Revenue": 1116000.0,
        "Operating Revenue": 1116000.0
    },
    "2024-08-31": {
        "Tax Effect Of Unusual Items": 0.0,
        "Tax Rate For Calcs": 0.21,
        "Normalized EBITDA": -1271000.0,
        "Net Income From Continuing Operation Net Minority Interest": -1316000.0,
        "Reconciled Depreciation": 97000.0,
        "Reconciled Cost Of Revenue": 1518000.0,
        "EBITDA": -1271000.0,
        "EBIT": -1368000.0,
        "Net Interest Income": 56000.0,
        "Interest Income": 56000.0,
        "Normalized Income": -1316000.0,
        "Net Income From Continuing And Discontinued Operation": -1316000.0,
        "Total Expenses": 3175000.0,
        "Total Operating Income As Reported": -1368000.0,
        "Diluted Average Shares": 2102705.0,
        "Basic Average Shares": 2102705.0,
        "Diluted EPS": -0.64,
        "Basic EPS": -0.64,
        "Diluted NI Availto Com Stockholders": -1316000.0,
        "Net Income Common Stockholders": -1316000.0,
        "Net Income": -1316000.0,
        "Net Income Including Noncontrolling Interests": -1316000.0,
        "Net Income Continuous Operations": -1316000.0,
        "Tax Provision": 4000.0,
        "Pretax Income": -1312000.0,
        "Net Non Operating Interest Income Expense": 56000.0,
        "Interest Income Non Operating": 56000.0,
        "Operating Income": -1368000.0,
        "Operating Expense": 1657000.0,
        "Research And Development": 297000.0,
        "Selling General And Administration": 1360000.0,
        "Gross Profit": 289000.0,
        "Cost Of Revenue": 1518000.0,
        "Total Revenue": 1807000.0,
        "Operating Revenue": 1807000.0
    },
    "2024-11-30": {
        "Tax Effect Of Unusual Items": 0.0,
        "Tax Rate For Calcs": 0.003148,
        "Normalized EBITDA": -893000.0,
        "Net Income From Continuing Operation Net Minority Interest": -950000.0,
        "Reconciled Depreciation": 100000.0,
        "Reconciled Cost Of Revenue": 1199000.0,
        "EBITDA": -893000.0,
        "EBIT": -993000.0,
        "Net Interest Income": 40000.0,
        "Interest Income": 40000.0,
        "Normalized Income": -950000.0,
        "Net Income From Continuing And Discontinued Operation": -950000.0,
        "Total Expenses": 2629000.0,
        "Total Operating Income As Reported": -993000.0,
        "Diluted Average Shares": 2140179.0,
        "Basic Average Shares": 2140179.0,
        "Diluted EPS": -0.48,
        "Basic EPS": -0.48,
        "Diluted NI Availto Com Stockholders": -950000.0,
        "Net Income Common Stockholders": -950000.0,
        "Net Income": -950000.0,
        "Net Income Including Noncontrolling Interests": -950000.0,
        "Net Income Continuous Operations": -950000.0,
        "Tax Provision": -3000.0,
        "Pretax Income": -953000.0,
        "Net Non Operating Interest Income Expense": 40000.0,
        "Interest Income Non Operating": 40000.0,
        "Operating Income": -993000.0,
        "Operating Expense": 1430000.0,
        "Research And Development": 257000.0,
        "Selling General And Administration": 1173000.0,
        "Gross Profit": 437000.0,
        "Cost Of Revenue": 1199000.0,
        "Total Revenue": 1636000.0,
        "Operating Revenue": 1636000.0
    },
    "2025-02-28": {
        "Tax Effect Of Unusual Items": 0.0,
        "Tax Rate For Calcs": 0.003428,
        "Normalized EBITDA": -1111000.0,
        "Net Income From Continuing Operation Net Minority Interest": -1163000.0,
        "Reconciled Depreciation": 99000.0,
        "Reconciled Cost Of Revenue": 1100000.0,
        "EBITDA": -1111000.0,
        "EBIT": -1210000.0,
        "Net Interest Income": 43000.0,
        "Interest Income": 43000.0,
        "Normalized Income": -1163000.0,
        "Net Income From Continuing And Discontinued Operation": -1163000.0,
        "Total Expenses": 2329000.0,
        "Total Operating Income As Reported": -1210000.0,
        "Diluted Average Shares": 2398285.0,
        "Basic Average Shares": 2398285.0,
        "Diluted EPS": -0.48,
        "Basic EPS": -0.48,
        "Diluted NI Availto Com Stockholders": -1163000.0,
        "Net Income Common Stockholders": -1163000.0,
        "Net Income": -1163000.0,
        "Net Income Including Noncontrolling Interests": -1163000.0,
        "Net Income Continuous Operations": -1163000.0,
        "Tax Provision": -4000.0,
        "Pretax Income": -1167000.0,
        "Net Non Operating Interest Income Expense": 43000.0,
        "Interest Income Non Operating": 43000.0,
        "Operating Income": -1210000.0,
        "Operating Expense": 1229000.0,
        "Research And Development": 217000.0,
        "Selling General And Administration": 1012000.0,
        "Gross Profit": 19000.0,
        "Cost Of Revenue": 1100000.0,
        "Total Revenue": 1119000.0,
        "Operating Revenue": 1119000.0
    }
}