{
    "2023-03-31": {
        "Tax Effect Of Unusual Items": NaN,
        "Tax Rate For Calcs": NaN,
        "Normalized EBITDA": NaN,
        "Total Unusual Items": NaN,
        "Total Unusual Items Excluding Goodwill": NaN,
        "Net Income From Continuing Operation Net Minority Interest": NaN,
        "Reconciled Depreciation": NaN,
        "Reconciled Cost Of Revenue": NaN,
        "EBITDA": NaN,
        "EBIT": NaN,
        "Net Interest Income": NaN,
        "Interest Expense": NaN,
        "Interest Income": NaN,
        "Normalized Income": NaN,
        "Net Income From Continuing And Discontinued Operation": NaN,
        "Total Expenses": NaN,
        "Diluted Average Shares": NaN,
        "Basic Average Shares": NaN,
        "Diluted EPS": NaN,
        "Basic EPS": NaN,
        "Diluted NI Availto Com Stockholders": NaN,
        "Average Dilution Earnings": NaN,
        "Net Income Common Stockholders": NaN,
        "Otherunder Preferred Stock Dividend": NaN,
        "Preferred Stock Dividends": NaN,
        "Net Income": NaN,
        "Minority Interests": NaN,
        "Net Income Including Noncontrolling Interests": NaN,
        "Net Income Continuous Operations": NaN,
        "Tax Provision": NaN,
        "Pretax Income": NaN,
        "Other Income Expense": NaN,
        "Other Non Operating Income Expenses": NaN,
        "Special Income Charges": NaN,
        "Write Off": NaN,
        "Earnings From Equity Interest": NaN,
        "Gain On Sale Of Security": NaN,
        "Net Non Operating Interest Income Expense": NaN,
        "Interest Expense Non Operating": NaN,
        "Interest Income Non Operating": NaN,
        "Operating Income": NaN,
        "Operating Expense": NaN,
        "Other Operating Expenses": NaN,
        "Depreciation Amortization Depletion Income Statement": 2188000000.0,
        "Depreciation And Amortization In Income Statement": 2188000000.0,
        "Selling General And Administration": 14000000.0,
        "General And Administrative Expense": 14000000.0,
        "Other Gand A": 14000000.0,
        "Gross Profit": NaN,
        "Cost Of Revenue": NaN,
        "Total Revenue": NaN,
        "Operating Revenue": NaN
    },
    "2022-12-31": {
        "Tax Effect Of Unusual Items": NaN,
        "Tax Rate For Calcs": NaN,
        "Normalized EBITDA": NaN,
        "Total Unusual Items": NaN,
        "Total Unusual Items Excluding Goodwill": NaN,
        "Net Income From Continuing Operation Net Minority Interest": NaN,
        "Reconciled Depreciation": NaN,
        "Reconciled Cost Of Revenue": NaN,
        "EBITDA": NaN,
        "EBIT": NaN,
        "Net Interest Income": NaN,
        "Interest Expense": NaN,
        "Interest Income": NaN,
        "Normalized Income": NaN,
        "Net Income From Continuing And Discontinued Operation": NaN,
        "Total Expenses": NaN,
        "Diluted Average Shares": NaN,
        "Basic Average Shares": NaN,
        "Diluted EPS": NaN,
        "Basic EPS": NaN,
        "Diluted NI Availto Com Stockholders": NaN,
        "Average Dilution Earnings": NaN,
        "Net Income Common Stockholders": NaN,
        "Otherunder Preferred Stock Dividend": NaN,
        "Preferred Stock Dividends": NaN,
        "Net Income": NaN,
        "Minority Interests": NaN,
        "Net Income Including Noncontrolling Interests": NaN,
        "Net Income Continuous Operations": NaN,
        "Tax Provision": NaN,
        "Pretax Income": NaN,
        "Other Income Expense": NaN,
        "Other Non Operating Income Expenses": NaN,
        "Special Income Charges": -278000000.0,
        "Write Off": 278000000.0,
        "Earnings From Equity Interest": NaN,
        "Gain On Sale Of Security": NaN,
        "Net Non Operating Interest Income Expense": NaN,
        "Interest Expense Non Operating": NaN,
        "Interest Income Non Operating": NaN,
        "Operating Income": NaN,
        "Operating Expense": NaN,
        "Other Operating Expenses": NaN,
        "Depreciation Amortization Depletion Income Statement": NaN,
        "Depreciation And Amortization In Income Statement": NaN,
        "Selling General And Administration": NaN,
        "General And Administrative Expense": NaN,
        "Other Gand A": NaN,
        "Gross Profit": NaN,
        "Cost Of Revenue": NaN,
        "Total Revenue": NaN,
        "Operating Revenue": NaN
    },
    "2022-09-30": {
        "Tax Effect Of Unusual Items": NaN,
        "Tax Rate For Calcs": NaN,
        "Normalized EBITDA": NaN,
        "Total Unusual Items": NaN,
        "Total Unusual Items Excluding Goodwill": NaN,
        "Net Income From Continuing Operation Net Minority Interest": NaN,
        "Reconciled Depreciation": NaN,
        "Reconciled Cost Of Revenue": NaN,
        "EBITDA": NaN,
        "EBIT": NaN,
        "Net Interest Income": NaN,
        "Interest Expense": NaN,
        "Normalized Income": NaN,
        "Net Income From Continuing And Discontinued Operation": NaN,
        "Total Expenses": NaN,
        "Diluted Average Shares": NaN,
        "Basic Average Shares": NaN,
        "Diluted EPS": NaN,
        "Basic EPS": NaN,
        "Diluted NI Availto Com Stockholders": NaN,
        "Average Dilution Earnings": NaN,
        "Net Income Common Stockholders": NaN,
        "Otherunder Preferred Stock Dividend": 0.0,
        "Preferred Stock Dividends": NaN,
        "Net Income": NaN,
        "Minority Interests": NaN,
        "Net Income Including Noncontrolling Interests": NaN,
        "Net Income Continuous Operations": NaN,
        "Tax Provision": NaN,
        "Pretax Income": NaN,
        "Other Income Expense": NaN,
        "Other Non Operating Income Expenses": NaN,
        "Special Income Charges": -36000000.0,
        "Write Off": 36000000.0,
        "Earnings From Equity Interest": NaN,
        "Gain On Sale Of Security": NaN,
        "Net Non Operating Interest Income Expense": NaN,
        "Interest Expense Non Operating": NaN,
        "Operating Income": NaN,
        "Operating Expense": NaN,
        "Other Operating Expenses": NaN,
        "Depreciation Amortization Depletion Income Statement": 1997000000.0,
        "Depreciation And Amortization In Income Statement": 1997000000.0,
        "Selling General And Administration": 30000000.0,
        "General And Administrative Expense": 30000000.0,
        "Other Gand A": 30000000.0,
        "Gross Profit": NaN,
        "Cost Of Revenue": NaN,
        "Total Revenue": NaN,
        "Operating Revenue": NaN
    },
    "2022-06-30": {
        "Tax Effect Of Unusual Items": -35730000.0,
        "Tax Rate For Calcs": 0.09,
        "Normalized EBITDA": 6304000000.0,
        "Total Unusual Items": -397000000.0,
        "Total Unusual Items Excluding Goodwill": -397000000.0,
        "Net Income From Continuing Operation Net Minority Interest": 590000000.0,
        "Reconciled Depreciation": 1886000000.0,
        "Reconciled Cost Of Revenue": 19841000000.0,
        "EBITDA": 5907000000.0,
        "EBIT": 4021000000.0,
        "Net Interest Income": -2405000000.0,
        "Interest Expense": 2405000000.0,
        "Normalized Income": 951270000.0,
        "Net Income From Continuing And Discontinued Operation": 590000000.0,
        "Total Expenses": 19867000000.0,
        "Diluted Average Shares": 1617100000.0,
        "Basic Average Shares": 1564400000.0,
        "Diluted EPS": 0.34,
        "Basic EPS": 0.35,
        "Diluted NI Availto Com Stockholders": 554000000.0,
        "Average Dilution Earnings": 1000000.0,
        "Net Income Common Stockholders": 553000000.0,
        "Otherunder Preferred Stock Dividend": 0.0,
        "Preferred Stock Dividends": 37000000.0,
        "Net Income": 590000000.0,
        "Minority Interests": -885000000.0,
        "Net Income Including Noncontrolling Interests": 1475000000.0,
        "Net Income Continuous Operations": 1475000000.0,
        "Tax Provision": 141000000.0,
        "Pretax Income": 1616000000.0,
        "Other Income Expense": 632000000.0,
        "Other Non Operating Income Expenses": 465000000.0,
        "Special Income Charges": NaN,
        "Write Off": NaN,
        "Earnings From Equity Interest": 564000000.0,
        "Gain On Sale Of Security": -397000000.0,
        "Net Non Operating Interest Income Expense": -2405000000.0,
        "Interest Expense Non Operating": 2405000000.0,
        "Operating Income": 3389000000.0,
        "Operating Expense": 26000000.0,
        "Other Operating Expenses": NaN,
        "Depreciation Amortization Depletion Income Statement": 1886000000.0,
        "Depreciation And Amortization In Income Statement": 1886000000.0,
        "Selling General And Administration": 26000000.0,
        "General And Administrative Expense": 26000000.0,
        "Other Gand A": 26000000.0,
        "Gross Profit": 3415000000.0,
        "Cost Of Revenue": 19841000000.0,
        "Total Revenue": 23256000000.0,
        "Operating Revenue": 23256000000.0
    },
    "2023-06-30": {
        "Tax Effect Of Unusual Items": NaN,
        "Tax Rate For Calcs": NaN,
        "Normalized EBITDA": NaN,
        "Total Unusual Items": NaN,
        "Total Unusual Items Excluding Goodwill": NaN,
        "Net Income From Continuing Operation Net Minority Interest": NaN,
        "Reconciled Depreciation": NaN,
        "Reconciled Cost Of Revenue": NaN,
        "EBITDA": NaN,
        "EBIT": NaN,
        "Net Interest Income": NaN,
        "Interest Expense": NaN,
        "Interest Income": NaN,
        "Normalized Income": NaN,
        "Net Income From Continuing And Discontinued Operation": NaN,
        "Total Expenses": NaN,
        "Diluted Average Shares": NaN,
        "Basic Average Shares": NaN,
        "Diluted EPS": NaN,
        "Basic EPS": NaN,
        "Diluted NI Availto Com Stockholders": NaN,
        "Average Dilution Earnings": NaN,
        "Net Income Common Stockholders": NaN,
        "Otherunder Preferred Stock Dividend": 0.0,
        "Preferred Stock Dividends": NaN,
        "Net Income": NaN,
        "Minority Interests": NaN,
        "Net Income Including Noncontrolling Interests": NaN,
        "Net Income Continuous Operations": NaN,
        "Tax Provision": NaN,
        "Pretax Income": NaN,
        "Other Income Expense": NaN,
        "Other Non Operating Income Expenses": NaN,
        "Special Income Charges": NaN,
        "Write Off": NaN,
        "Earnings From Equity Interest": NaN,
        "Gain On Sale Of Security": NaN,
        "Net Non Operating Interest Income Expense": NaN,
        "Interest Expense Non Operating": NaN,
        "Interest Income Non Operating": NaN,
        "Operating Income": NaN,
        "Operating Expense": NaN,
        "Other Operating Expenses": NaN,
        "Depreciation Amortization Depletion Income Statement": 2214000000.0,
        "Depreciation And Amortization In Income Statement": 2214000000.0,
        "Gross Profit": NaN,
        "Cost Of Revenue": NaN,
        "Total Revenue": NaN,
        "Operating Revenue": NaN
    },
    "2023-09-30": {
        "Tax Effect Of Unusual Items": NaN,
        "Tax Rate For Calcs": NaN,
        "Normalized EBITDA": NaN,
        "Total Unusual Items": NaN,
        "Total Unusual Items Excluding Goodwill": NaN,
        "Net Income From Continuing Operation Net Minority Interest": NaN,
        "Reconciled Depreciation": NaN,
        "Reconciled Cost Of Revenue": NaN,
        "EBITDA": NaN,
        "EBIT": NaN,
        "Net Interest Income": NaN,
        "Interest Expense": NaN,
        "Interest Income": NaN,
        "Normalized Income": NaN,
        "Net Income From Continuing And Discontinued Operation": NaN,
        "Total Expenses": NaN,
        "Diluted Average Shares": NaN,
        "Basic Average Shares": NaN,
        "Diluted EPS": NaN,
        "Basic EPS": NaN,
        "Diluted NI Availto Com Stockholders": NaN,
        "Average Dilution Earnings": NaN,
        "Net Income Common Stockholders": NaN,
        "Preferred Stock Dividends": NaN,
        "Net Income": NaN,
        "Minority Interests": NaN,
        "Net Income Including Noncontrolling Interests": NaN,
        "Net Income Continuous Operations": NaN,
        "Tax Provision": NaN,
        "Pretax Income": NaN,
        "Other Income Expense": NaN,
        "Other Non Operating Income Expenses": NaN,
        "Special Income Charges": NaN,
        "Write Off": NaN,
        "Earnings From Equity Interest": NaN,
        "Gain On Sale Of Security": NaN,
        "Net Non Operating Interest Income Expense": NaN,
        "Interest Expense Non Operating": NaN,
        "Interest Income Non Operating": NaN,
        "Operating Income": NaN,
        "Operating Expense": NaN,
        "Other Operating Expenses": NaN,
        "Depreciation Amortization Depletion Income Statement": 2246000000.0,
        "Depreciation And Amortization In Income Statement": 2246000000.0,
        "Gross Profit": NaN,
        "Cost Of Revenue": NaN,
        "Total Revenue": NaN,
        "Operating Revenue": NaN
    },
    "2023-12-31": {
        "Tax Effect Of Unusual Items": NaN,
        "Tax Rate For Calcs": NaN,
        "Normalized EBITDA": NaN,
        "Total Unusual Items": NaN,
        "Total Unusual Items Excluding Goodwill": NaN,
        "Net Income From Continuing Operation Net Minority Interest": NaN,
        "Reconciled Depreciation": NaN,
        "Reconciled Cost Of Revenue": NaN,
        "EBITDA": NaN,
        "EBIT": NaN,
        "Net Interest Income": NaN,
        "Interest Expense": NaN,
        "Interest Income": NaN,
        "Normalized Income": NaN,
        "Net Income From Continuing And Discontinued Operation": NaN,
        "Total Expenses": NaN,
        "Diluted Average Shares": NaN,
        "Basic Average Shares": NaN,
        "Diluted EPS": NaN,
        "Basic EPS": NaN,
        "Diluted NI Availto Com Stockholders": NaN,
        "Average Dilution Earnings": NaN,
        "Net Income Common Stockholders": NaN,
        "Preferred Stock Dividends": NaN,
        "Net Income": NaN,
        "Minority Interests": NaN,
        "Net Income Including Noncontrolling Interests": NaN,
        "Net Income Continuous Operations": NaN,
        "Tax Provision": NaN,
        "Pretax Income": NaN,
        "Other Income Expense": NaN,
        "Other Non Operating Income Expenses": NaN,
        "Special Income Charges": -1087000000.0,
        "Write Off": 1087000000.0,
        "Earnings From Equity Interest": NaN,
        "Gain On Sale Of Security": NaN,
        "Net Non Operating Interest Income Expense": NaN,
        "Interest Expense Non Operating": NaN,
        "Interest Income Non Operating": NaN,
        "Operating Income": NaN,
        "Operating Expense": NaN,
        "Other Operating Expenses": NaN,
        "Depreciation Amortization Depletion Income Statement": NaN,
        "Depreciation And Amortization In Income Statement": NaN,
        "Gross Profit": NaN,
        "Cost Of Revenue": NaN,
        "Total Revenue": NaN,
        "Operating Revenue": NaN
    },
    "2024-03-31": {
        "Tax Effect Of Unusual Items": NaN,
        "Tax Rate For Calcs": NaN,
        "Normalized EBITDA": NaN,
        "Total Unusual Items": NaN,
        "Total Unusual Items Excluding Goodwill": NaN,
        "Net Income From Continuing Operation Net Minority Interest": NaN,
        "Reconciled Depreciation": NaN,
        "Reconciled Cost Of Revenue": NaN,
        "EBITDA": NaN,
        "EBIT": NaN,
        "Net Interest Income": NaN,
        "Interest Expense": NaN,
        "Interest Income": 0.0,
        "Normalized Income": NaN,
        "Net Income From Continuing And Discontinued Operation": NaN,
        "Total Expenses": NaN,
        "Diluted Average Shares": NaN,
        "Basic Average Shares": NaN,
        "Diluted EPS": NaN,
        "Basic EPS": NaN,
        "Diluted NI Availto Com Stockholders": NaN,
        "Average Dilution Earnings": NaN,
        "Net Income Common Stockholders": NaN,
        "Preferred Stock Dividends": NaN,
        "Net Income": NaN,
        "Minority Interests": NaN,
        "Net Income Including Noncontrolling Interests": NaN,
        "Net Income Continuous Operations": NaN,
        "Tax Provision": NaN,
        "Pretax Income": NaN,
        "Other Income Expense": NaN,
        "Other Non Operating Income Expenses": NaN,
        "Special Income Charges": NaN,
        "Write Off": NaN,
        "Earnings From Equity Interest": NaN,
        "Gain On Sale Of Security": NaN,
        "Net Non Operating Interest Income Expense": NaN,
        "Interest Expense Non Operating": NaN,
        "Interest Income Non Operating": 0.0,
        "Operating Income": NaN,
        "Operating Expense": NaN,
        "Other Operating Expenses": NaN,
        "Depreciation Amortization Depletion Income Statement": 2475000000.0,
        "Depreciation And Amortization In Income Statement": 2475000000.0,
        "Selling General And Administration": NaN,
        "General And Administrative Expense": NaN,
        "Other Gand A": NaN,
        "Gross Profit": NaN,
        "Cost Of Revenue": NaN,
        "Total Revenue": NaN,
        "Operating Revenue": NaN
    },
    "2024-06-30": {
        "Tax Effect Of Unusual Items": NaN,
        "Tax Rate For Calcs": NaN,
        "Normalized EBITDA": NaN,
        "Total Unusual Items": NaN,
        "Total Unusual Items Excluding Goodwill": NaN,
        "Net Income From Continuing Operation Net Minority Interest": NaN,
        "Reconciled Depreciation": NaN,
        "Reconciled Cost Of Revenue": NaN,
        "EBITDA": NaN,
        "EBIT": NaN,
        "Net Interest Income": NaN,
        "Interest Expense": NaN,
        "Interest Income": 0.0,
        "Normalized Income": NaN,
        "Net Income From Continuing And Discontinued Operation": NaN,
        "Total Expenses": NaN,
        "Diluted Average Shares": NaN,
        "Basic Average Shares": NaN,
        "Diluted EPS": NaN,
        "Basic EPS": NaN,
        "Diluted NI Availto Com Stockholders": NaN,
        "Average Dilution Earnings": NaN,
        "Net Income Common Stockholders": NaN,
        "Preferred Stock Dividends": NaN,
        "Net Income": NaN,
        "Minority Interests": NaN,
        "Net Income Including Noncontrolling Interests": NaN,
        "Net Income Continuous Operations": NaN,
        "Tax Provision": NaN,
        "Pretax Income": NaN,
        "Other Income Expense": NaN,
        "Other Non Operating Income Expenses": NaN,
        "Special Income Charges": NaN,
        "Write Off": NaN,
        "Earnings From Equity Interest": NaN,
        "Gain On Sale Of Security": NaN,
        "Net Non Operating Interest Income Expense": NaN,
        "Interest Expense Non Operating": NaN,
        "Interest Income Non Operating": 0.0,
        "Operating Income": NaN,
        "Operating Expense": NaN,
        "Other Operating Expenses": NaN,
        "Depreciation Amortization Depletion Income Statement": 2435000000.0,
        "Depreciation And Amortization In Income Statement": 2435000000.0,
        "Selling General And Administration": 19000000.0,
        "General And Administrative Expense": 19000000.0,
        "Other Gand A": 19000000.0,
        "Gross Profit": NaN,
        "Cost Of Revenue": NaN,
        "Total Revenue": NaN,
        "Operating Revenue": NaN
    },
    "2024-09-30": {
        "Tax Effect Of Unusual Items": 23440000.0,
        "Tax Rate For Calcs": 0.08,
        "Normalized EBITDA": 8105000000.0,
        "Total Unusual Items": 293000000.0,
        "Total Unusual Items Excluding Goodwill": 293000000.0,
        "Net Income From Continuing Operation Net Minority Interest": 64000000.0,
        "Reconciled Depreciation": 2410000000.0,
        "Reconciled Cost Of Revenue": 15344000000.0,
        "EBITDA": 8398000000.0,
        "EBIT": 5988000000.0,
        "Net Interest Income": -4332000000.0,
        "Interest Expense": 4332000000.0,
        "Interest Income": 0.0,
        "Normalized Income": -205560000.0,
        "Net Income From Continuing And Discontinued Operation": 64000000.0,
        "Total Expenses": 15364000000.0,
        "Diluted Average Shares": 2311300000.0,
        "Basic Average Shares": 2262700000.0,
        "Diluted EPS": 0.01,
        "Basic EPS": 0.01,
        "Diluted NI Availto Com Stockholders": 21000000.0,
        "Average Dilution Earnings": 0.0,
        "Net Income Common Stockholders": 21000000.0,
        "Preferred Stock Dividends": 43000000.0,
        "Net Income": 64000000.0,
        "Minority Interests": -1454000000.0,
        "Net Income Including Noncontrolling Interests": 1518000000.0,
        "Net Income Continuous Operations": 1518000000.0,
        "Tax Provision": 138000000.0,
        "Pretax Income": 1656000000.0,
        "Other Income Expense": 729000000.0,
        "Other Non Operating Income Expenses": 252000000.0,
        "Special Income Charges": -97000000.0,
        "Write Off": 97000000.0,
        "Earnings From Equity Interest": 184000000.0,
        "Gain On Sale Of Security": 390000000.0,
        "Net Non Operating Interest Income Expense": -4332000000.0,
        "Interest Expense Non Operating": 4332000000.0,
        "Interest Income Non Operating": 0.0,
        "Operating Income": 5259000000.0,
        "Operating Expense": 20000000.0,
        "Other Operating Expenses": 20000000.0,
        "Depreciation Amortization Depletion Income Statement": 2410000000.0,
        "Depreciation And Amortization In Income Statement": 2410000000.0,
        "Selling General And Administration": 20000000.0,
        "General And Administrative Expense": 20000000.0,
        "Other Gand A": 20000000.0,
        "Gross Profit": 5279000000.0,
        "Cost Of Revenue": 15344000000.0,
        "Total Revenue": 20623000000.0,
        "Operating Revenue": 16829000000.0
    },
    "2024-12-31": {
        "Tax Effect Of Unusual Items": -34500000.0,
        "Tax Rate For Calcs": 0.15,
        "Normalized EBITDA": 6986000000.0,
        "Total Unusual Items": -230000000.0,
        "Total Unusual Items Excluding Goodwill": -230000000.0,
        "Net Income From Continuing Operation Net Minority Interest": 432000000.0,
        "Reconciled Depreciation": 2417000000.0,
        "Reconciled Cost Of Revenue": 21714000000.0,
        "EBITDA": 6756000000.0,
        "EBIT": 4339000000.0,
        "Net Interest Income": -3979000000.0,
        "Interest Expense": 3979000000.0,
        "Interest Income": NaN,
        "Normalized Income": 627500000.0,
        "Net Income From Continuing And Discontinued Operation": 432000000.0,
        "Total Expenses": 14414000000.0,
        "Diluted Average Shares": 1589400000.0,
        "Basic Average Shares": 1508300000.0,
        "Diluted EPS": 0.25,
        "Basic EPS": 0.26,
        "Diluted NI Availto Com Stockholders": 276000000.0,
        "Average Dilution Earnings": 12000000.0,
        "Net Income Common Stockholders": 264000000.0,
        "Preferred Stock Dividends": 41000000.0,
        "Net Income": 432000000.0,
        "Minority Interests": 331000000.0,
        "Net Income Including Noncontrolling Interests": 101000000.0,
        "Net Income Continuous Operations": 101000000.0,
        "Tax Provision": 259000000.0,
        "Pretax Income": 360000000.0,
        "Other Income Expense": -673000000.0,
        "Other Non Operating Income Expenses": -1477000000.0,
        "Special Income Charges": -2157000000.0,
        "Write Off": 2157000000.0,
        "Earnings From Equity Interest": 1034000000.0,
        "Gain On Sale Of Security": 2174000000.0,
        "Net Non Operating Interest Income Expense": -3979000000.0,
        "Interest Expense Non Operating": 3979000000.0,
        "Interest Income Non Operating": NaN,
        "Operating Income": 5012000000.0,
        "Operating Expense": -7300000000.0,
        "Other Operating Expenses": 20000000.0,
        "Depreciation Amortization Depletion Income Statement": NaN,
        "Depreciation And Amortization In Income Statement": NaN,
        "Selling General And Administration": 20000000.0,
        "General And Administrative Expense": 20000000.0,
        "Other Gand A": 20000000.0,
        "Gross Profit": -2288000000.0,
        "Cost Of Revenue": 21714000000.0,
        "Total Revenue": 19426000000.0,
        "Operating Revenue": 4735000000.0
    },
    "2025-03-31": {
        "Tax Effect Of Unusual Items": -55650000.0,
        "Tax Rate For Calcs": 0.15,
        "Normalized EBITDA": 7585000000.0,
        "Total Unusual Items": -371000000.0,
        "Total Unusual Items Excluding Goodwill": -371000000.0,
        "Net Income From Continuing Operation Net Minority Interest": 73000000.0,
        "Reconciled Depreciation": 2455000000.0,
        "Reconciled Cost Of Revenue": 13450000000.0,
        "EBITDA": 7214000000.0,
        "EBIT": 4759000000.0,
        "Net Interest Income": -4161000000.0,
        "Interest Expense": 4161000000.0,
        "Interest Income": 188000000.0,
        "Normalized Income": 388350000.0,
        "Net Income From Continuing And Discontinued Operation": 73000000.0,
        "Total Expenses": 13468000000.0,
        "Diluted Average Shares": 1543500000.0,
        "Basic Average Shares": 1504000000.0,
        "Diluted EPS": 0.02,
        "Basic EPS": 0.02,
        "Diluted NI Availto Com Stockholders": 33000000.0,
        "Average Dilution Earnings": 0.0,
        "Net Income Common Stockholders": 33000000.0,
        "Preferred Stock Dividends": 40000000.0,
        "Net Income": 73000000.0,
        "Minority Interests": -142000000.0,
        "Net Income Including Noncontrolling Interests": 215000000.0,
        "Net Income Continuous Operations": 215000000.0,
        "Tax Provision": 383000000.0,
        "Pretax Income": 598000000.0,
        "Other Income Expense": 283000000.0,
        "Other Non Operating Income Expenses": 135000000.0,
        "Special Income Charges": -346000000.0,
        "Write Off": 346000000.0,
        "Earnings From Equity Interest": 519000000.0,
        "Gain On Sale Of Security": -25000000.0,
        "Net Non Operating Interest Income Expense": -4161000000.0,
        "Interest Expense Non Operating": 4161000000.0,
        "Interest Income Non Operating": 188000000.0,
        "Operating Income": 4476000000.0,
        "Operating Expense": 18000000.0,
        "Other Operating Expenses": 18000000.0,
        "Depreciation Amortization Depletion Income Statement": 2455000000.0,
        "Depreciation And Amortization In Income Statement": 2455000000.0,
        "Selling General And Administration": 18000000.0,
        "General And Administrative Expense": 18000000.0,
        "Other Gand A": 18000000.0,
        "Gross Profit": 4494000000.0,
        "Cost Of Revenue": 13450000000.0,
        "Total Revenue": 17944000000.0,
        "Operating Revenue": 14543000000.0
    },
    "2025-06-30": {
        "Tax Effect Of Unusual Items": 48010092.514718,
        "Tax Rate For Calcs": 0.1127,
        "Normalized EBITDA": 7550000000.0,
        "Total Unusual Items": 426000000.0,
        "Total Unusual Items Excluding Goodwill": 426000000.0,
        "Net Income From Continuing Operation Net Minority Interest": 272000000.0,
        "Reconciled Depreciation": 2534000000.0,
        "Reconciled Cost Of Revenue": 13915000000.0,
        "EBITDA": 7976000000.0,
        "EBIT": 5442000000.0,
        "Net Interest Income": -4253000000.0,
        "Interest Expense": 4253000000.0,
        "Interest Income": 296000000.0,
        "Normalized Income": -105989907.485282,
        "Net Income From Continuing And Discontinued Operation": 272000000.0,
        "Total Expenses": 13935000000.0,
        "Diluted Average Shares": 1572700000.0,
        "Basic Average Shares": 1496200000.0,
        "Diluted EPS": 0.15,
        "Basic EPS": 0.15,
        "Diluted NI Availto Com Stockholders": 233000000.0,
        "Average Dilution Earnings": 3000000.0,
        "Net Income Common Stockholders": 230000000.0,
        "Preferred Stock Dividends": 42000000.0,
        "Net Income": 272000000.0,
        "Minority Interests": -783000000.0,
        "Net Income Including Noncontrolling Interests": 1055000000.0,
        "Net Income Continuous Operations": 1055000000.0,
        "Tax Provision": 134000000.0,
        "Pretax Income": 1189000000.0,
        "Other Income Expense": 1294000000.0,
        "Other Non Operating Income Expenses": 401000000.0,
        "Special Income Charges": -118000000.0,
        "Write Off": 118000000.0,
        "Earnings From Equity Interest": 467000000.0,
        "Gain On Sale Of Security": 544000000.0,
        "Net Non Operating Interest Income Expense": -4253000000.0,
        "Interest Expense Non Operating": 4253000000.0,
        "Interest Income Non Operating": 296000000.0,
        "Operating Income": 4148000000.0,
        "Operating Expense": 20000000.0,
        "Other Operating Expenses": 20000000.0,
        "Depreciation Amortization Depletion Income Statement": 2534000000.0,
        "Depreciation And Amortization In Income Statement": 2534000000.0,
        "Selling General And Administration": 20000000.0,
        "General And Administrative Expense": 20000000.0,
        "Other Gand A": 20000000.0,
        "Gross Profit": 4168000000.0,
        "Cost Of Revenue": 13915000000.0,
        "Total Revenue": 18083000000.0,
        "Operating Revenue": 18083000000.0
    },
    "2025-09-30": {
        "Tax Effect Of Unusual Items": -93300000.0,
        "Tax Rate For Calcs": 0.15,
        "Normalized EBITDA": 8415000000.0,
        "Total Unusual Items": -622000000.0,
        "Total Unusual Items Excluding Goodwill": -622000000.0,
        "Net Income From Continuing Operation Net Minority Interest": 219000000.0,
        "Reconciled Depreciation": 2691000000.0,
        "Reconciled Cost Of Revenue": 14632000000.0,
        "EBITDA": 7793000000.0,
        "EBIT": 5102000000.0,
        "Net Interest Income": -4314000000.0,
        "Interest Expense": 4314000000.0,
        "Interest Income": 421000000.0,
        "Normalized Income": 747700000.0,
        "Net Income From Continuing And Discontinued Operation": 219000000.0,
        "Total Expenses": 14650000000.0,
        "Diluted Average Shares": 2367799999.0,
        "Basic Average Shares": 2244000000.0,
        "Diluted EPS": 0.08,
        "Basic EPS": 0.08,
        "Diluted NI Availto Com Stockholders": 180000000.0,
        "Average Dilution Earnings": 3000000.0,
        "Net Income Common Stockholders": 177000000.0,
        "Preferred Stock Dividends": 42000000.0,
        "Net Income": 219000000.0,
        "Minority Interests": -65000000.0,
        "Net Income Including Noncontrolling Interests": 284000000.0,
        "Net Income Continuous Operations": 284000000.0,
        "Tax Provision": 504000000.0,
        "Pretax Income": 788000000.0,
        "Other Income Expense": 835000000.0,
        "Other Non Operating Income Expenses": 914000000.0,
        "Special Income Charges": -126000000.0,
        "Write Off": 126000000.0,
        "Earnings From Equity Interest": 543000000.0,
        "Gain On Sale Of Security": -496000000.0,
        "Net Non Operating Interest Income Expense": -4314000000.0,
        "Interest Expense Non Operating": 4314000000.0,
        "Interest Income Non Operating": 421000000.0,
        "Operating Income": 4267000000.0,
        "Operating Expense": 18000000.0,
        "Other Operating Expenses": 18000000.0,
        "Depreciation Amortization Depletion Income Statement": 2691000000.0,
        "Depreciation And Amortization In Income Statement": 2691000000.0,
        "Selling General And Administration": NaN,
        "General And Administrative Expense": NaN,
        "Other Gand A": NaN,
        "Gross Profit": 4285000000.0,
        "Cost Of Revenue": 14632000000.0,
        "Total Revenue": 18917000000.0,
        "Operating Revenue": 15589000000.0
    }
}