{
    "2023-03-31": {
        "Tax Effect Of Unusual Items": NaN,
        "Tax Rate For Calcs": NaN,
        "Normalized EBITDA": NaN,
        "Total Unusual Items": NaN,
        "Total Unusual Items Excluding Goodwill": NaN,
        "Net Income From Continuing Operation Net Minority Interest": NaN,
        "Reconciled Depreciation": NaN,
        "Reconciled Cost Of Revenue": NaN,
        "EBITDA": NaN,
        "EBIT": NaN,
        "Net Interest Income": NaN,
        "Interest Expense": 76000.0,
        "Interest Income": NaN,
        "Normalized Income": NaN,
        "Net Income From Continuing And Discontinued Operation": NaN,
        "Total Expenses": NaN,
        "Total Operating Income As Reported": NaN,
        "Diluted Average Shares": 30679000.0,
        "Basic Average Shares": 30679000.0,
        "Diluted EPS": -1.210079,
        "Basic EPS": -1.210079,
        "Diluted NI Availto Com Stockholders": NaN,
        "Net Income Common Stockholders": NaN,
        "Net Income": NaN,
        "Net Income Including Noncontrolling Interests": NaN,
        "Net Income Continuous Operations": NaN,
        "Tax Provision": NaN,
        "Pretax Income": NaN,
        "Other Income Expense": NaN,
        "Other Non Operating Income Expenses": NaN,
        "Special Income Charges": NaN,
        "Impairment Of Capital Assets": NaN,
        "Restructuring And Mergern Acquisition": 0.0,
        "Net Non Operating Interest Income Expense": NaN,
        "Interest Expense Non Operating": 76000.0,
        "Interest Income Non Operating": NaN,
        "Operating Income": NaN,
        "Operating Expense": NaN,
        "Research And Development": NaN,
        "Selling General And Administration": NaN,
        "Gross Profit": NaN,
        "Cost Of Revenue": NaN,
        "Total Revenue": NaN,
        "Operating Revenue": NaN
    },
    "2022-12-31": {
        "Tax Effect Of Unusual Items": NaN,
        "Tax Rate For Calcs": NaN,
        "Normalized EBITDA": NaN,
        "Total Unusual Items": 0.0,
        "Total Unusual Items Excluding Goodwill": 0.0,
        "Net Income From Continuing Operation Net Minority Interest": NaN,
        "Reconciled Depreciation": NaN,
        "Reconciled Cost Of Revenue": NaN,
        "EBITDA": NaN,
        "EBIT": NaN,
        "Net Interest Income": NaN,
        "Interest Expense": NaN,
        "Interest Income": NaN,
        "Normalized Income": NaN,
        "Net Income From Continuing And Discontinued Operation": NaN,
        "Total Expenses": NaN,
        "Total Operating Income As Reported": NaN,
        "Diluted Average Shares": 29718280.0,
        "Basic Average Shares": 29718280.0,
        "Diluted EPS": -1.301455,
        "Basic EPS": -1.301455,
        "Diluted NI Availto Com Stockholders": NaN,
        "Net Income Common Stockholders": NaN,
        "Net Income": NaN,
        "Net Income Including Noncontrolling Interests": NaN,
        "Net Income Continuous Operations": NaN,
        "Tax Provision": NaN,
        "Pretax Income": NaN,
        "Other Income Expense": NaN,
        "Other Non Operating Income Expenses": NaN,
        "Special Income Charges": 0.0,
        "Impairment Of Capital Assets": NaN,
        "Restructuring And Mergern Acquisition": NaN,
        "Net Non Operating Interest Income Expense": NaN,
        "Interest Expense Non Operating": NaN,
        "Interest Income Non Operating": NaN,
        "Operating Income": NaN,
        "Operating Expense": NaN,
        "Research And Development": NaN,
        "Selling General And Administration": NaN,
        "Gross Profit": NaN,
        "Cost Of Revenue": NaN,
        "Total Revenue": NaN,
        "Operating Revenue": NaN
    },
    "2022-09-30": {
        "Tax Effect Of Unusual Items": NaN,
        "Tax Rate For Calcs": NaN,
        "Normalized EBITDA": NaN,
        "Total Unusual Items": NaN,
        "Total Unusual Items Excluding Goodwill": NaN,
        "Net Income From Continuing Operation Net Minority Interest": NaN,
        "Reconciled Depreciation": NaN,
        "Reconciled Cost Of Revenue": NaN,
        "EBITDA": NaN,
        "EBIT": NaN,
        "Net Interest Income": NaN,
        "Interest Expense": NaN,
        "Interest Income": NaN,
        "Normalized Income": NaN,
        "Net Income From Continuing And Discontinued Operation": NaN,
        "Total Expenses": NaN,
        "Total Operating Income As Reported": NaN,
        "Diluted Average Shares": NaN,
        "Basic Average Shares": NaN,
        "Diluted EPS": NaN,
        "Basic EPS": NaN,
        "Diluted NI Availto Com Stockholders": NaN,
        "Net Income Common Stockholders": NaN,
        "Net Income": NaN,
        "Net Income Including Noncontrolling Interests": NaN,
        "Net Income Continuous Operations": NaN,
        "Tax Provision": NaN,
        "Pretax Income": NaN,
        "Other Income Expense": NaN,
        "Other Non Operating Income Expenses": NaN,
        "Special Income Charges": NaN,
        "Impairment Of Capital Assets": 0.0,
        "Restructuring And Mergern Acquisition": NaN,
        "Net Non Operating Interest Income Expense": NaN,
        "Interest Expense Non Operating": NaN,
        "Interest Income Non Operating": NaN,
        "Operating Income": NaN,
        "Operating Expense": NaN,
        "Research And Development": NaN,
        "Selling General And Administration": NaN,
        "Gross Profit": NaN,
        "Cost Of Revenue": NaN,
        "Total Revenue": NaN,
        "Operating Revenue": NaN
    },
    "2022-06-30": {
        "Tax Effect Of Unusual Items": 0.0,
        "Tax Rate For Calcs": 0.4,
        "Normalized EBITDA": -29690000.0,
        "Total Unusual Items": 0.0,
        "Total Unusual Items Excluding Goodwill": 0.0,
        "Net Income From Continuing Operation Net Minority Interest": -32158000.0,
        "Reconciled Depreciation": 2353000.0,
        "Reconciled Cost Of Revenue": 5199000.0,
        "EBITDA": -29690000.0,
        "EBIT": -32043000.0,
        "Net Interest Income": 118000.0,
        "Interest Expense": 74000.0,
        "Interest Income": 192000.0,
        "Normalized Income": -32158000.0,
        "Net Income From Continuing And Discontinued Operation": -32158000.0,
        "Total Expenses": 38749000.0,
        "Total Operating Income As Reported": -32079000.0,
        "Diluted Average Shares": 2855500.0,
        "Basic Average Shares": 2855500.0,
        "Diluted EPS": -11.3,
        "Basic EPS": -11.3,
        "Diluted NI Availto Com Stockholders": -32158000.0,
        "Net Income Common Stockholders": -32158000.0,
        "Net Income": -32158000.0,
        "Net Income Including Noncontrolling Interests": -32158000.0,
        "Net Income Continuous Operations": -32158000.0,
        "Tax Provision": 41000.0,
        "Pretax Income": -32117000.0,
        "Other Income Expense": -156000.0,
        "Other Non Operating Income Expenses": -156000.0,
        "Special Income Charges": 0.0,
        "Net Non Operating Interest Income Expense": 118000.0,
        "Interest Expense Non Operating": 74000.0,
        "Interest Income Non Operating": 192000.0,
        "Operating Income": -32079000.0,
        "Operating Expense": 33550000.0,
        "Research And Development": 11767000.0,
        "Selling General And Administration": 21783000.0,
        "Gross Profit": 1471000.0,
        "Cost Of Revenue": 5199000.0,
        "Total Revenue": 6670000.0,
        "Operating Revenue": 6670000.0
    },
    "2022-03-31": {
        "Diluted EPS": -0.11,
        "Total Revenue": 6,
        "Gross Profit": 1,
        "Operating Income": -30,
        "EBIT": -27,
        "Net Income": -30
    },
    "2021-12-31": {
        "Diluted EPS": -0.08,
        "Total Revenue": 6,
        "Gross Profit": 0,
        "Operating Income": -29,
        "EBIT": -27,
        "Net Income": -23
    },
    "2021-09-30": {
        "Diluted EPS": -0.07,
        "Total Revenue": 5,
        "Gross Profit": 1,
        "Operating Income": -21,
        "EBIT": -20,
        "Net Income": -21
    },
    "2021-06-30": {
        "Diluted EPS": -0.07,
        "Total Revenue": 4,
        "Gross Profit": 1,
        "Operating Income": -16,
        "EBIT": -16,
        "Net Income": -19
    },
    "2021-03-31": {
        "Diluted EPS": -0.04,
        "Total Revenue": 3,
        "Gross Profit": 1,
        "Operating Income": -11,
        "EBIT": -11,
        "Net Income": -10
    },
    "2020-12-31": {
        "Diluted EPS": 0.08,
        "Total Revenue": 4,
        "Gross Profit": 1,
        "Operating Income": -11,
        "EBIT": -11,
        "Net Income": -12
    },
    "2020-09-30": {
        "Diluted EPS": -0.08,
        "Total Revenue": 2,
        "Gross Profit": 1,
        "Operating Income": -10,
        "EBIT": -10,
        "Net Income": -11
    },
    "2020-06-30": {
        "Diluted EPS": -0.09,
        "Total Revenue": 1,
        "Gross Profit": 1,
        "Operating Income": -7,
        "EBIT": -7,
        "Net Income": -8
    },
    "2020-03-31": {
        "Diluted EPS": -0.3,
        "Total Revenue": 1,
        "Gross Profit": 0,
        "Operating Income": -10,
        "EBIT": -9,
        "Net Income": -11
    },
    "2019-12-31": {
        "Diluted EPS": 0.08,
        "Total Revenue": 3,
        "Gross Profit": 1,
        "Operating Income": -7,
        "EBIT": -7,
        "Net Income": -8
    },
    "2019-09-30": {
        "Diluted EPS": -0.59,
        "Total Revenue": 3,
        "Gross Profit": 1,
        "Operating Income": -6,
        "EBIT": -5,
        "Net Income": -6
    },
    "2019-06-30": {
        "Diluted EPS": -0.71,
        "Total Revenue": 2,
        "Gross Profit": 1,
        "Operating Income": -7,
        "EBIT": -7,
        "Net Income": -8
    },
    "2019-03-31": {
        "Diluted EPS": -0.77,
        "Total Revenue": 2,
        "Gross Profit": 1,
        "Operating Income": -6,
        "EBIT": -6,
        "Net Income": -8
    },
    "2018-12-31": {
        "Diluted EPS": 0.16,
        "Total Revenue": 4,
        "Gross Profit": 1,
        "Operating Income": -6,
        "EBIT": -6,
        "Net Income": -6
    },
    "2018-09-30": {
        "Diluted EPS": -0.63,
        "Total Revenue": 3,
        "Gross Profit": 0,
        "Operating Income": -6,
        "EBIT": -6,
        "Net Income": -5
    },
    "2018-06-30": {
        "Diluted EPS": -0.98,
        "Total Revenue": 3,
        "Gross Profit": 2,
        "Operating Income": -4,
        "EBIT": -4,
        "Net Income": -3
    },
    "2018-03-31": {
        "Diluted EPS": -1.16,
        "Total Revenue": 2,
        "Gross Profit": 1,
        "Operating Income": -4,
        "EBIT": -4,
        "Net Income": -4
    },
    "2017-12-31": {
        "Diluted EPS": 0.0,
        "Total Revenue": NaN,
        "Gross Profit": NaN,
        "Operating Income": NaN,
        "EBIT": NaN,
        "Net Income": NaN
    },
    "2017-09-30": {
        "Diluted EPS": -1.74,
        "Total Revenue": 3,
        "Gross Profit": 1,
        "Operating Income": -5,
        "EBIT": -5,
        "Net Income": -5
    },
    "2016-12-31": {
        "Diluted EPS": 0.0,
        "Total Revenue": NaN,
        "Gross Profit": NaN,
        "Operating Income": NaN,
        "EBIT": NaN,
        "Net Income": NaN
    },
    "2023-06-30": {
        "Tax Effect Of Unusual Items": NaN,
        "Tax Rate For Calcs": NaN,
        "Normalized EBITDA": NaN,
        "Total Unusual Items": NaN,
        "Total Unusual Items Excluding Goodwill": NaN,
        "Net Income From Continuing Operation Net Minority Interest": NaN,
        "Reconciled Depreciation": NaN,
        "Reconciled Cost Of Revenue": NaN,
        "EBITDA": NaN,
        "EBIT": NaN,
        "Net Interest Income": NaN,
        "Interest Expense": 74000.0,
        "Interest Income": NaN,
        "Normalized Income": NaN,
        "Net Income From Continuing And Discontinued Operation": NaN,
        "Total Expenses": NaN,
        "Total Operating Income As Reported": NaN,
        "Diluted Average Shares": 3149800.0,
        "Basic Average Shares": 3149800.0,
        "Diluted EPS": -12.4,
        "Basic EPS": -12.4,
        "Diluted NI Availto Com Stockholders": NaN,
        "Net Income Common Stockholders": NaN,
        "Net Income": NaN,
        "Net Income Including Noncontrolling Interests": NaN,
        "Net Income Continuous Operations": NaN,
        "Tax Provision": NaN,
        "Pretax Income": NaN,
        "Other Income Expense": NaN,
        "Other Non Operating Income Expenses": NaN,
        "Special Income Charges": NaN,
        "Impairment Of Capital Assets": NaN,
        "Restructuring And Mergern Acquisition": 0.0,
        "Gain On Sale Of Security": NaN,
        "Net Non Operating Interest Income Expense": NaN,
        "Interest Expense Non Operating": 74000.0,
        "Interest Income Non Operating": NaN,
        "Operating Income": NaN,
        "Operating Expense": NaN,
        "Research And Development": NaN,
        "Selling General And Administration": NaN,
        "Gross Profit": NaN,
        "Cost Of Revenue": NaN,
        "Total Revenue": NaN,
        "Operating Revenue": NaN
    },
    "2023-09-30": {
        "Tax Effect Of Unusual Items": NaN,
        "Tax Rate For Calcs": NaN,
        "Normalized EBITDA": NaN,
        "Total Unusual Items": NaN,
        "Total Unusual Items Excluding Goodwill": NaN,
        "Net Income From Continuing Operation Net Minority Interest": NaN,
        "Reconciled Depreciation": NaN,
        "Reconciled Cost Of Revenue": NaN,
        "EBITDA": NaN,
        "EBIT": NaN,
        "Net Interest Income": NaN,
        "Interest Expense": 71000.0,
        "Interest Income": NaN,
        "Normalized Income": NaN,
        "Net Income From Continuing And Discontinued Operation": NaN,
        "Total Expenses": NaN,
        "Total Operating Income As Reported": NaN,
        "Diluted Average Shares": 583350.0,
        "Basic Average Shares": 583350.0,
        "Diluted EPS": -193.2,
        "Basic EPS": -193.2,
        "Diluted NI Availto Com Stockholders": NaN,
        "Net Income Common Stockholders": NaN,
        "Net Income": NaN,
        "Net Income Including Noncontrolling Interests": NaN,
        "Net Income Continuous Operations": NaN,
        "Tax Provision": NaN,
        "Pretax Income": NaN,
        "Other Income Expense": NaN,
        "Other Non Operating Income Expenses": NaN,
        "Special Income Charges": NaN,
        "Other Special Charges": NaN,
        "Impairment Of Capital Assets": 77280000.0,
        "Restructuring And Mergern Acquisition": 0.0,
        "Gain On Sale Of Security": NaN,
        "Net Non Operating Interest Income Expense": NaN,
        "Total Other Finance Cost": NaN,
        "Interest Expense Non Operating": 71000.0,
        "Interest Income Non Operating": NaN,
        "Operating Income": NaN,
        "Operating Expense": NaN,
        "Research And Development": NaN,
        "Selling General And Administration": NaN,
        "Gross Profit": NaN,
        "Cost Of Revenue": NaN,
        "Total Revenue": NaN,
        "Operating Revenue": NaN
    },
    "2023-12-31": {
        "Tax Effect Of Unusual Items": NaN,
        "Tax Rate For Calcs": NaN,
        "Normalized EBITDA": NaN,
        "Total Unusual Items": NaN,
        "Total Unusual Items Excluding Goodwill": NaN,
        "Net Income From Continuing Operation Net Minority Interest": NaN,
        "Reconciled Depreciation": NaN,
        "Reconciled Cost Of Revenue": NaN,
        "EBITDA": NaN,
        "EBIT": NaN,
        "Net Interest Income": NaN,
        "Interest Expense": 4898000.0,
        "Interest Income": NaN,
        "Normalized Income": NaN,
        "Net Income From Continuing And Discontinued Operation": NaN,
        "Total Expenses": NaN,
        "Total Operating Income As Reported": NaN,
        "Diluted Average Shares": NaN,
        "Basic Average Shares": NaN,
        "Diluted EPS": NaN,
        "Basic EPS": NaN,
        "Diluted NI Availto Com Stockholders": NaN,
        "Net Income Common Stockholders": NaN,
        "Net Income": NaN,
        "Net Income Including Noncontrolling Interests": NaN,
        "Net Income Continuous Operations": NaN,
        "Tax Provision": NaN,
        "Pretax Income": NaN,
        "Other Income Expense": NaN,
        "Other Non Operating Income Expenses": NaN,
        "Special Income Charges": NaN,
        "Other Special Charges": NaN,
        "Impairment Of Capital Assets": 0.0,
        "Restructuring And Mergern Acquisition": NaN,
        "Gain On Sale Of Security": NaN,
        "Net Non Operating Interest Income Expense": NaN,
        "Total Other Finance Cost": NaN,
        "Interest Expense Non Operating": 4898000.0,
        "Interest Income Non Operating": NaN,
        "Operating Income": NaN,
        "Operating Expense": NaN,
        "Research And Development": NaN,
        "Selling General And Administration": NaN,
        "Gross Profit": NaN,
        "Cost Of Revenue": NaN,
        "Total Revenue": NaN,
        "Operating Revenue": NaN
    },
    "2024-03-31": {
        "Tax Effect Of Unusual Items": -2908.396947,
        "Tax Rate For Calcs": 0.000573,
        "Normalized EBITDA": -23180000.0,
        "Total Unusual Items": -5080000.0,
        "Total Unusual Items Excluding Goodwill": -5080000.0,
        "Net Income From Continuing Operation Net Minority Interest": -31422000.0,
        "Reconciled Depreciation": 3058000.0,
        "Reconciled Cost Of Revenue": 5945000.0,
        "EBITDA": -28260000.0,
        "EBIT": -31318000.0,
        "Net Interest Income": 922000.0,
        "Interest Expense": 122000.0,
        "Interest Income": 1044000.0,
        "Normalized Income": -26344908.396947,
        "Net Income From Continuing And Discontinued Operation": -31422000.0,
        "Total Expenses": 34812000.0,
        "Total Operating Income As Reported": -31123000.0,
        "Diluted Average Shares": 879000.0,
        "Basic Average Shares": 879000.0,
        "Diluted EPS": -35.75,
        "Basic EPS": -35.75,
        "Diluted NI Availto Com Stockholders": -31422000.0,
        "Net Income Common Stockholders": -31422000.0,
        "Net Income": -31422000.0,
        "Net Income Including Noncontrolling Interests": -31422000.0,
        "Net Income Continuous Operations": -31422000.0,
        "Tax Provision": -18000.0,
        "Pretax Income": -31440000.0,
        "Other Income Expense": -6319000.0,
        "Other Non Operating Income Expenses": -1239000.0,
        "Special Income Charges": -5080000.0,
        "Other Special Charges": NaN,
        "Impairment Of Capital Assets": 448000.0,
        "Restructuring And Mergern Acquisition": 4632000.0,
        "Gain On Sale Of Security": NaN,
        "Net Non Operating Interest Income Expense": 922000.0,
        "Total Other Finance Cost": NaN,
        "Interest Expense Non Operating": 122000.0,
        "Interest Income Non Operating": 1044000.0,
        "Operating Income": -26043000.0,
        "Operating Expense": 28867000.0,
        "Research And Development": 9779000.0,
        "Selling General And Administration": 19088000.0,
        "Gross Profit": 2824000.0,
        "Cost Of Revenue": 5945000.0,
        "Total Revenue": 8769000.0,
        "Operating Revenue": 8769000.0
    },
    "2024-06-30": {
        "Tax Effect Of Unusual Items": NaN,
        "Tax Rate For Calcs": NaN,
        "Normalized EBITDA": NaN,
        "Total Unusual Items": NaN,
        "Total Unusual Items Excluding Goodwill": NaN,
        "Net Income From Continuing Operation Net Minority Interest": NaN,
        "Reconciled Depreciation": NaN,
        "Reconciled Cost Of Revenue": NaN,
        "EBITDA": NaN,
        "EBIT": NaN,
        "Net Interest Income": NaN,
        "Interest Expense": NaN,
        "Interest Income": NaN,
        "Normalized Income": NaN,
        "Net Income From Continuing And Discontinued Operation": NaN,
        "Total Expenses": NaN,
        "Total Operating Income As Reported": NaN,
        "Diluted Average Shares": NaN,
        "Basic Average Shares": NaN,
        "Diluted EPS": NaN,
        "Basic EPS": NaN,
        "Diluted NI Availto Com Stockholders": NaN,
        "Net Income Common Stockholders": NaN,
        "Net Income": NaN,
        "Net Income Including Noncontrolling Interests": NaN,
        "Net Income Continuous Operations": NaN,
        "Tax Provision": NaN,
        "Pretax Income": NaN,
        "Other Income Expense": NaN,
        "Other Non Operating Income Expenses": NaN,
        "Special Income Charges": NaN,
        "Other Special Charges": -3965000.0,
        "Impairment Of Capital Assets": NaN,
        "Restructuring And Mergern Acquisition": NaN,
        "Gain On Sale Of Security": NaN,
        "Net Non Operating Interest Income Expense": NaN,
        "Total Other Finance Cost": 3334000.0,
        "Interest Expense Non Operating": NaN,
        "Interest Income Non Operating": NaN,
        "Operating Income": NaN,
        "Operating Expense": NaN,
        "Research And Development": NaN,
        "Selling General And Administration": NaN,
        "Gross Profit": NaN,
        "Cost Of Revenue": NaN,
        "Total Revenue": NaN,
        "Operating Revenue": NaN
    },
    "2024-09-30": {
        "Tax Effect Of Unusual Items": -4467540.0,
        "Tax Rate For Calcs": 0.21,
        "Normalized EBITDA": -16570000.0,
        "Total Unusual Items": -21274000.0,
        "Total Unusual Items Excluding Goodwill": -21274000.0,
        "Net Income From Continuing Operation Net Minority Interest": -44246000.0,
        "Reconciled Depreciation": 5680000.0,
        "Reconciled Cost Of Revenue": 14519000.0,
        "EBITDA": -37844000.0,
        "EBIT": -43524000.0,
        "Net Interest Income": -322000.0,
        "Interest Expense": 698000.0,
        "Interest Income": 376000.0,
        "Normalized Income": -27439540.0,
        "Net Income From Continuing And Discontinued Operation": -44246000.0,
        "Total Expenses": 28700000.0,
        "Total Operating Income As Reported": -43901000.0,
        "Diluted Average Shares": 1474466.0,
        "Basic Average Shares": 1474466.0,
        "Diluted EPS": -30.008152,
        "Basic EPS": -30.008152,
        "Diluted NI Availto Com Stockholders": -44246000.0,
        "Net Income Common Stockholders": -44246000.0,
        "Net Income": -44246000.0,
        "Net Income Including Noncontrolling Interests": -44246000.0,
        "Net Income Continuous Operations": -44246000.0,
        "Tax Provision": 24000.0,
        "Pretax Income": -44222000.0,
        "Other Income Expense": -21273000.0,
        "Other Non Operating Income Expenses": 1000.0,
        "Special Income Charges": -21274000.0,
        "Other Special Charges": NaN,
        "Impairment Of Capital Assets": 19504000.0,
        "Restructuring And Mergern Acquisition": 1770000.0,
        "Gain On Sale Of Security": -630000.0,
        "Net Non Operating Interest Income Expense": -322000.0,
        "Total Other Finance Cost": NaN,
        "Interest Expense Non Operating": 698000.0,
        "Interest Income Non Operating": 376000.0,
        "Operating Income": -22627000.0,
        "Operating Expense": 14181000.0,
        "Research And Development": 4717000.0,
        "Selling General And Administration": 9464000.0,
        "Gross Profit": -8446000.0,
        "Cost Of Revenue": 14519000.0,
        "Total Revenue": 6073000.0,
        "Operating Revenue": 6073000.0
    },
    "2024-12-31": {
        "Tax Effect Of Unusual Items": -1570590.0,
        "Tax Rate For Calcs": 0.21,
        "Normalized EBITDA": -9570000.0,
        "Total Unusual Items": -7479000.0,
        "Total Unusual Items Excluding Goodwill": -7479000.0,
        "Net Income From Continuing Operation Net Minority Interest": -20125000.0,
        "Reconciled Depreciation": 2449000.0,
        "Reconciled Cost Of Revenue": 4746000.0,
        "EBITDA": -17049000.0,
        "EBIT": -19498000.0,
        "Net Interest Income": -704000.0,
        "Interest Expense": 626000.0,
        "Interest Income": 225000.0,
        "Normalized Income": -14216590.0,
        "Net Income From Continuing And Discontinued Operation": -20125000.0,
        "Total Expenses": 19966000.0,
        "Total Operating Income As Reported": -11941000.0,
        "Diluted Average Shares": 1865400.0,
        "Basic Average Shares": 1865400.0,
        "Diluted EPS": -10.788571,
        "Basic EPS": -10.788571,
        "Diluted NI Availto Com Stockholders": -20125000.0,
        "Net Income Common Stockholders": -20125000.0,
        "Net Income": -20125000.0,
        "Net Income Including Noncontrolling Interests": -20125000.0,
        "Net Income Continuous Operations": -20125000.0,
        "Tax Provision": 1000.0,
        "Pretax Income": -20124000.0,
        "Other Income Expense": -7617000.0,
        "Other Non Operating Income Expenses": -138000.0,
        "Special Income Charges": -7479000.0,
        "Other Special Charges": 7341000.0,
        "Impairment Of Capital Assets": -268000.0,
        "Restructuring And Mergern Acquisition": 406000.0,
        "Gain On Sale Of Security": NaN,
        "Net Non Operating Interest Income Expense": -704000.0,
        "Total Other Finance Cost": 303000.0,
        "Interest Expense Non Operating": 626000.0,
        "Interest Income Non Operating": 225000.0,
        "Operating Income": -11803000.0,
        "Operating Expense": 15220000.0,
        "Research And Development": 3474000.0,
        "Selling General And Administration": 11746000.0,
        "Gross Profit": 3417000.0,
        "Cost Of Revenue": 4746000.0,
        "Total Revenue": 8163000.0,
        "Operating Revenue": 8163000.0
    },
    "2025-03-31": {
        "Tax Effect Of Unusual Items": 0.0,
        "Tax Rate For Calcs": 0.21,
        "Normalized EBITDA": -5596000.0,
        "Total Unusual Items": 0.0,
        "Total Unusual Items Excluding Goodwill": 0.0,
        "Net Income From Continuing Operation Net Minority Interest": -3102000.0,
        "Reconciled Depreciation": 2485000.0,
        "Reconciled Cost Of Revenue": 3519000.0,
        "EBITDA": -5596000.0,
        "EBIT": -8081000.0,
        "Net Interest Income": 5276000.0,
        "Interest Expense": -4986000.0,
        "Interest Income": 290000.0,
        "Normalized Income": -3102000.0,
        "Net Income From Continuing And Discontinued Operation": -3102000.0,
        "Total Expenses": 14922000.0,
        "Total Operating Income As Reported": -8465000.0,
        "Diluted Average Shares": 2694000.0,
        "Basic Average Shares": 2694000.0,
        "Diluted EPS": -1.15,
        "Basic EPS": -1.15,
        "Diluted NI Availto Com Stockholders": -3102000.0,
        "Net Income Common Stockholders": -3102000.0,
        "Net Income": -3102000.0,
        "Net Income Including Noncontrolling Interests": -3102000.0,
        "Net Income Continuous Operations": -3102000.0,
        "Tax Provision": 7000.0,
        "Pretax Income": -3095000.0,
        "Other Income Expense": 94000.0,
        "Other Non Operating Income Expenses": 94000.0,
        "Special Income Charges": 0.0,
        "Other Special Charges": NaN,
        "Impairment Of Capital Assets": 0.0,
        "Restructuring And Mergern Acquisition": 0.0,
        "Gain On Sale Of Security": NaN,
        "Net Non Operating Interest Income Expense": 5276000.0,
        "Total Other Finance Cost": NaN,
        "Interest Expense Non Operating": -4986000.0,
        "Interest Income Non Operating": 290000.0,
        "Operating Income": -8465000.0,
        "Operating Expense": 11403000.0,
        "Research And Development": 2370000.0,
        "Selling General And Administration": 9033000.0,
        "Gross Profit": 2938000.0,
        "Cost Of Revenue": 3519000.0,
        "Total Revenue": 6457000.0,
        "Operating Revenue": 6457000.0
    },
    "2025-06-30": {
        "Tax Effect Of Unusual Items": 0.0,
        "Tax Rate For Calcs": 0.21,
        "Normalized EBITDA": -3756000.0,
        "Total Unusual Items": 0.0,
        "Total Unusual Items Excluding Goodwill": 0.0,
        "Net Income From Continuing Operation Net Minority Interest": -6857000.0,
        "Reconciled Depreciation": 2431000.0,
        "Reconciled Cost Of Revenue": 3256000.0,
        "EBITDA": -3756000.0,
        "EBIT": -6187000.0,
        "Net Interest Income": -383000.0,
        "Interest Expense": 660000.0,
        "Interest Income": 277000.0,
        "Normalized Income": -6857000.0,
        "Net Income From Continuing And Discontinued Operation": -6857000.0,
        "Total Expenses": 14533000.0,
        "Total Operating Income As Reported": -7800000.0,
        "Diluted Average Shares": 3441000.0,
        "Basic Average Shares": 3441000.0,
        "Diluted EPS": -1.99,
        "Basic EPS": -1.99,
        "Diluted NI Availto Com Stockholders": -6857000.0,
        "Net Income Common Stockholders": -6857000.0,
        "Net Income": -6857000.0,
        "Net Income Including Noncontrolling Interests": -6857000.0,
        "Net Income Continuous Operations": -6857000.0,
        "Tax Provision": 10000.0,
        "Pretax Income": -6847000.0,
        "Other Income Expense": 1336000.0,
        "Other Non Operating Income Expenses": 1336000.0,
        "Special Income Charges": 0.0,
        "Other Special Charges": NaN,
        "Impairment Of Capital Assets": 0.0,
        "Restructuring And Mergern Acquisition": 0.0,
        "Gain On Sale Of Security": NaN,
        "Net Non Operating Interest Income Expense": -383000.0,
        "Total Other Finance Cost": NaN,
        "Interest Expense Non Operating": 660000.0,
        "Interest Income Non Operating": 277000.0,
        "Operating Income": -7800000.0,
        "Operating Expense": 11277000.0,
        "Research And Development": 2931000.0,
        "Selling General And Administration": 8346000.0,
        "Gross Profit": 3477000.0,
        "Cost Of Revenue": 3256000.0,
        "Total Revenue": 6733000.0,
        "Operating Revenue": 6733000.0
    },
    "2025-09-30": {
        "Tax Effect Of Unusual Items": 0.0,
        "Tax Rate For Calcs": 0.21,
        "Normalized EBITDA": -5736000.0,
        "Total Unusual Items": 0.0,
        "Total Unusual Items Excluding Goodwill": 0.0,
        "Net Income From Continuing Operation Net Minority Interest": -8503000.0,
        "Reconciled Depreciation": 2427000.0,
        "Reconciled Cost Of Revenue": 3997000.0,
        "EBITDA": -5736000.0,
        "EBIT": -8163000.0,
        "Net Interest Income": -58000.0,
        "Interest Expense": 326000.0,
        "Interest Income": 268000.0,
        "Normalized Income": -8503000.0,
        "Net Income From Continuing And Discontinued Operation": -8503000.0,
        "Total Expenses": 15905000.0,
        "Total Operating Income As Reported": -8538000.0,
        "Diluted Average Shares": 9730400.0,
        "Basic Average Shares": 9730400.0,
        "Diluted EPS": -0.873859,
        "Basic EPS": -0.873859,
        "Diluted NI Availto Com Stockholders": -8503000.0,
        "Net Income Common Stockholders": -8503000.0,
        "Net Income": -8503000.0,
        "Net Income Including Noncontrolling Interests": -8503000.0,
        "Net Income Continuous Operations": -8503000.0,
        "Tax Provision": 14000.0,
        "Pretax Income": -8489000.0,
        "Other Income Expense": 107000.0,
        "Other Non Operating Income Expenses": 107000.0,
        "Special Income Charges": 0.0,
        "Other Special Charges": NaN,
        "Impairment Of Capital Assets": 0.0,
        "Restructuring And Mergern Acquisition": 0.0,
        "Gain On Sale Of Security": NaN,
        "Net Non Operating Interest Income Expense": -58000.0,
        "Total Other Finance Cost": NaN,
        "Interest Expense Non Operating": 326000.0,
        "Interest Income Non Operating": 268000.0,
        "Operating Income": -8538000.0,
        "Operating Expense": 11908000.0,
        "Research And Development": 2844000.0,
        "Selling General And Administration": 9064000.0,
        "Gross Profit": 3370000.0,
        "Cost Of Revenue": 3997000.0,
        "Total Revenue": 7367000.0,
        "Operating Revenue": 7367000.0
    }
}