{
    "2023-04-30": {
        "Tax Effect Of Unusual Items": NaN,
        "Tax Rate For Calcs": NaN,
        "Total Unusual Items": NaN,
        "Total Unusual Items Excluding Goodwill": NaN,
        "Net Income From Continuing Operation Net Minority Interest": NaN,
        "Reconciled Depreciation": NaN,
        "Net Interest Income": NaN,
        "Interest Expense": NaN,
        "Interest Income": NaN,
        "Normalized Income": NaN,
        "Net Income From Continuing And Discontinued Operation": NaN,
        "Diluted Average Shares": 1197000000.0,
        "Basic Average Shares": 1192000000.0,
        "Diluted EPS": 1.68,
        "Basic EPS": 1.69,
        "Diluted NI Availto Com Stockholders": NaN,
        "Average Dilution Earnings": NaN,
        "Net Income Common Stockholders": NaN,
        "Preferred Stock Dividends": NaN,
        "Net Income": NaN,
        "Minority Interests": NaN,
        "Net Income Including Noncontrolling Interests": NaN,
        "Net Income Continuous Operations": NaN,
        "Tax Provision": NaN,
        "Pretax Income": NaN,
        "Special Income Charges": NaN,
        "Gain On Sale Of Business": NaN,
        "Other Special Charges": NaN,
        "Impairment Of Capital Assets": NaN,
        "Restructuring And Mergern Acquisition": NaN,
        "Gain On Sale Of Security": NaN,
        "Depreciation Amortization Depletion Income Statement": NaN,
        "Depreciation And Amortization In Income Statement": NaN,
        "Selling General And Administration": NaN,
        "Selling And Marketing Expense": NaN,
        "General And Administrative Expense": NaN,
        "Salaries And Wages": NaN,
        "Total Revenue": NaN,
        "Operating Revenue": NaN,
        "Occupancy And Equipment": NaN,
        "Professional Expense And Contract Services Expense": NaN,
        "Other Non Interest Expense": NaN
    },
    "2023-01-31": {
        "Tax Effect Of Unusual Items": NaN,
        "Tax Rate For Calcs": NaN,
        "Total Unusual Items": 0.0,
        "Total Unusual Items Excluding Goodwill": 0.0,
        "Net Income From Continuing Operation Net Minority Interest": NaN,
        "Reconciled Depreciation": NaN,
        "Net Interest Income": NaN,
        "Interest Expense": NaN,
        "Interest Income": NaN,
        "Normalized Income": NaN,
        "Net Income From Continuing And Discontinued Operation": NaN,
        "Diluted Average Shares": NaN,
        "Basic Average Shares": NaN,
        "Diluted EPS": NaN,
        "Basic EPS": NaN,
        "Diluted NI Availto Com Stockholders": NaN,
        "Average Dilution Earnings": NaN,
        "Net Income Common Stockholders": NaN,
        "Preferred Stock Dividends": NaN,
        "Net Income": NaN,
        "Minority Interests": NaN,
        "Net Income Including Noncontrolling Interests": NaN,
        "Net Income Continuous Operations": NaN,
        "Tax Provision": NaN,
        "Pretax Income": NaN,
        "Special Income Charges": 0.0,
        "Gain On Sale Of Business": 0.0,
        "Other Special Charges": NaN,
        "Impairment Of Capital Assets": 0.0,
        "Restructuring And Mergern Acquisition": 0.0,
        "Gain On Sale Of Security": NaN,
        "Depreciation Amortization Depletion Income Statement": NaN,
        "Depreciation And Amortization In Income Statement": NaN,
        "Selling General And Administration": NaN,
        "Selling And Marketing Expense": NaN,
        "General And Administrative Expense": NaN,
        "Salaries And Wages": NaN,
        "Total Revenue": NaN,
        "Operating Revenue": NaN,
        "Occupancy And Equipment": NaN,
        "Professional Expense And Contract Services Expense": NaN,
        "Other Non Interest Expense": NaN
    },
    "2022-10-31": {
        "Tax Effect Of Unusual Items": NaN,
        "Tax Rate For Calcs": NaN,
        "Total Unusual Items": -579000000.0,
        "Total Unusual Items Excluding Goodwill": -579000000.0,
        "Net Income From Continuing Operation Net Minority Interest": NaN,
        "Reconciled Depreciation": NaN,
        "Net Interest Income": NaN,
        "Interest Expense": NaN,
        "Interest Income": NaN,
        "Normalized Income": NaN,
        "Net Income From Continuing And Discontinued Operation": NaN,
        "Diluted Average Shares": NaN,
        "Basic Average Shares": NaN,
        "Diluted EPS": NaN,
        "Basic EPS": NaN,
        "Diluted NI Availto Com Stockholders": NaN,
        "Average Dilution Earnings": NaN,
        "Net Income Common Stockholders": NaN,
        "Preferred Stock Dividends": NaN,
        "Net Income": NaN,
        "Minority Interests": NaN,
        "Net Income Including Noncontrolling Interests": NaN,
        "Net Income Continuous Operations": NaN,
        "Tax Provision": NaN,
        "Pretax Income": NaN,
        "Special Income Charges": -579000000.0,
        "Gain On Sale Of Business": -361000000.0,
        "Other Special Charges": 133000000.0,
        "Impairment Of Capital Assets": NaN,
        "Restructuring And Mergern Acquisition": 85000000.0,
        "Gain On Sale Of Security": NaN,
        "Depreciation Amortization Depletion Income Statement": NaN,
        "Depreciation And Amortization In Income Statement": NaN,
        "Selling General And Administration": NaN,
        "Selling And Marketing Expense": NaN,
        "General And Administrative Expense": NaN,
        "Salaries And Wages": NaN,
        "Total Revenue": NaN,
        "Operating Revenue": NaN,
        "Occupancy And Equipment": NaN,
        "Professional Expense And Contract Services Expense": NaN,
        "Other Non Interest Expense": NaN
    },
    "2022-07-31": {
        "Tax Effect Of Unusual Items": 0.0,
        "Tax Rate For Calcs": 0.188,
        "Total Unusual Items": 0.0,
        "Total Unusual Items Excluding Goodwill": 0.0,
        "Net Income From Continuing Operation Net Minority Interest": 2540000000.0,
        "Reconciled Depreciation": 381000000.0,
        "Net Interest Income": 4676000000.0,
        "Interest Expense": 4209000000.0,
        "Interest Income": 8885000000.0,
        "Normalized Income": 2540000000.0,
        "Net Income From Continuing And Discontinued Operation": 2540000000.0,
        "Diluted Average Shares": 1203000000.0,
        "Basic Average Shares": 1195000000.0,
        "Diluted EPS": 2.09,
        "Basic EPS": 2.1,
        "Diluted NI Availto Com Stockholders": 2510000000.0,
        "Average Dilution Earnings": 6000000.0,
        "Net Income Common Stockholders": 2504000000.0,
        "Preferred Stock Dividends": 36000000.0,
        "Net Income": 2540000000.0,
        "Minority Interests": -54000000.0,
        "Net Income Including Noncontrolling Interests": 2594000000.0,
        "Net Income Continuous Operations": 2594000000.0,
        "Tax Provision": 602000000.0,
        "Pretax Income": 3196000000.0,
        "Special Income Charges": 0.0,
        "Gain On Sale Of Business": 0.0,
        "Other Special Charges": NaN,
        "Restructuring And Mergern Acquisition": 24000000.0,
        "Gain On Sale Of Security": 0.0,
        "Depreciation Amortization Depletion Income Statement": 381000000.0,
        "Depreciation And Amortization In Income Statement": 381000000.0,
        "Selling General And Administration": 2317000000.0,
        "Selling And Marketing Expense": 123000000.0,
        "General And Administrative Expense": 2194000000.0,
        "Salaries And Wages": 2194000000.0,
        "Total Revenue": 7755000000.0,
        "Operating Revenue": 7755000000.0
    },
    "2022-04-30": {
        "Diluted EPS": 1.71,
        "Total Revenue": NaN,
        "Gross Profit": NaN,
        "Operating Income": NaN,
        "EBIT": NaN,
        "Net Income": NaN
    },
    "2022-01-31": {
        "Diluted EPS": 1.69,
        "Total Revenue": NaN,
        "Gross Profit": NaN,
        "Operating Income": NaN,
        "EBIT": NaN,
        "Net Income": NaN
    },
    "2021-10-31": {
        "Diluted EPS": 1.57,
        "Total Revenue": NaN,
        "Gross Profit": NaN,
        "Operating Income": NaN,
        "EBIT": NaN,
        "Net Income": NaN
    },
    "2021-07-31": {
        "Diluted EPS": 1.62,
        "Total Revenue": NaN,
        "Gross Profit": NaN,
        "Operating Income": NaN,
        "EBIT": NaN,
        "Net Income": NaN
    },
    "2021-04-30": {
        "Diluted EPS": 1.49,
        "Total Revenue": NaN,
        "Gross Profit": NaN,
        "Operating Income": NaN,
        "EBIT": NaN,
        "Net Income": NaN
    },
    "2021-01-31": {
        "Diluted EPS": 1.45,
        "Total Revenue": NaN,
        "Gross Profit": NaN,
        "Operating Income": NaN,
        "EBIT": NaN,
        "Net Income": NaN
    },
    "2020-10-31": {
        "Diluted EPS": 1.04,
        "Total Revenue": NaN,
        "Gross Profit": NaN,
        "Operating Income": NaN,
        "EBIT": NaN,
        "Net Income": NaN
    },
    "2020-07-31": {
        "Diluted EPS": 0.78,
        "Total Revenue": NaN,
        "Gross Profit": NaN,
        "Operating Income": NaN,
        "EBIT": NaN,
        "Net Income": 974
    },
    "2020-04-30": {
        "Diluted EPS": 0.73,
        "Total Revenue": NaN,
        "Gross Profit": NaN,
        "Operating Income": NaN,
        "EBIT": NaN,
        "Net Income": 904
    },
    "2020-01-31": {
        "Diluted EPS": 1.4,
        "Total Revenue": NaN,
        "Gross Profit": NaN,
        "Operating Income": NaN,
        "EBIT": NaN,
        "Net Income": NaN
    },
    "2019-10-31": {
        "Diluted EPS": 1.34,
        "Total Revenue": NaN,
        "Gross Profit": NaN,
        "Operating Income": NaN,
        "EBIT": NaN,
        "Net Income": NaN
    },
    "2019-07-31": {
        "Diluted EPS": 1.1,
        "Total Revenue": NaN,
        "Gross Profit": NaN,
        "Operating Income": NaN,
        "EBIT": NaN,
        "Net Income": NaN
    },
    "2019-04-30": {
        "Diluted EPS": 1.3,
        "Total Revenue": NaN,
        "Gross Profit": NaN,
        "Operating Income": NaN,
        "EBIT": NaN,
        "Net Income": NaN
    },
    "2019-01-31": {
        "Diluted EPS": 1.28,
        "Total Revenue": NaN,
        "Gross Profit": NaN,
        "Operating Income": NaN,
        "EBIT": NaN,
        "Net Income": NaN
    },
    "2018-10-31": {
        "Diluted EPS": 1.31,
        "Total Revenue": NaN,
        "Gross Profit": NaN,
        "Operating Income": NaN,
        "EBIT": NaN,
        "Net Income": NaN
    },
    "2018-07-31": {
        "Diluted EPS": 1.19,
        "Total Revenue": NaN,
        "Gross Profit": NaN,
        "Operating Income": NaN,
        "EBIT": NaN,
        "Net Income": NaN
    },
    "2018-04-30": {
        "Diluted EPS": 1.33,
        "Total Revenue": NaN,
        "Gross Profit": NaN,
        "Operating Income": NaN,
        "EBIT": NaN,
        "Net Income": NaN
    },
    "2018-01-31": {
        "Diluted EPS": 1.47,
        "Total Revenue": NaN,
        "Gross Profit": NaN,
        "Operating Income": NaN,
        "EBIT": NaN,
        "Net Income": NaN
    },
    "2017-10-31": {
        "Diluted EPS": 1.31,
        "Total Revenue": NaN,
        "Gross Profit": NaN,
        "Operating Income": NaN,
        "EBIT": NaN,
        "Net Income": NaN
    },
    "2017-07-31": {
        "Diluted EPS": 1.26,
        "Total Revenue": NaN,
        "Gross Profit": NaN,
        "Operating Income": NaN,
        "EBIT": NaN,
        "Net Income": NaN
    },
    "2017-04-30": {
        "Diluted EPS": 1.22,
        "Total Revenue": NaN,
        "Gross Profit": NaN,
        "Operating Income": NaN,
        "EBIT": NaN,
        "Net Income": NaN
    },
    "2017-01-31": {
        "Diluted EPS": 1.18,
        "Total Revenue": NaN,
        "Gross Profit": NaN,
        "Operating Income": NaN,
        "EBIT": NaN,
        "Net Income": NaN
    },
    "2016-10-31": {
        "Diluted EPS": 1.2,
        "Total Revenue": NaN,
        "Gross Profit": NaN,
        "Operating Income": NaN,
        "EBIT": NaN,
        "Net Income": NaN
    },
    "2016-07-31": {
        "Diluted EPS": 1.19,
        "Total Revenue": NaN,
        "Gross Profit": NaN,
        "Operating Income": NaN,
        "EBIT": NaN,
        "Net Income": NaN
    },
    "2016-04-30": {
        "Diluted EPS": 0.93,
        "Total Revenue": NaN,
        "Gross Profit": NaN,
        "Operating Income": NaN,
        "EBIT": NaN,
        "Net Income": NaN
    },
    "2016-01-31": {
        "Diluted EPS": 1.04,
        "Total Revenue": NaN,
        "Gross Profit": NaN,
        "Operating Income": NaN,
        "EBIT": NaN,
        "Net Income": NaN
    },
    "2015-10-31": {
        "Diluted EPS": 1.1,
        "Total Revenue": NaN,
        "Gross Profit": NaN,
        "Operating Income": NaN,
        "EBIT": NaN,
        "Net Income": NaN
    },
    "2015-07-31": {
        "Diluted EPS": 1.16,
        "Total Revenue": NaN,
        "Gross Profit": NaN,
        "Operating Income": NaN,
        "EBIT": NaN,
        "Net Income": NaN
    },
    "2015-04-30": {
        "Diluted EPS": 1.14,
        "Total Revenue": NaN,
        "Gross Profit": NaN,
        "Operating Income": NaN,
        "EBIT": NaN,
        "Net Income": NaN
    },
    "2015-01-31": {
        "Diluted EPS": 1.08,
        "Total Revenue": NaN,
        "Gross Profit": NaN,
        "Operating Income": NaN,
        "EBIT": NaN,
        "Net Income": NaN
    },
    "2014-10-31": {
        "Diluted EPS": 0.97,
        "Total Revenue": NaN,
        "Gross Profit": NaN,
        "Operating Income": NaN,
        "EBIT": NaN,
        "Net Income": NaN
    },
    "2014-07-31": {
        "Diluted EPS": 1.69,
        "Total Revenue": NaN,
        "Gross Profit": NaN,
        "Operating Income": NaN,
        "EBIT": NaN,
        "Net Income": NaN
    },
    "2014-04-30": {
        "Diluted EPS": 1.28,
        "Total Revenue": NaN,
        "Gross Profit": NaN,
        "Operating Income": NaN,
        "EBIT": NaN,
        "Net Income": NaN
    },
    "2014-01-31": {
        "Diluted EPS": 1.19,
        "Total Revenue": NaN,
        "Gross Profit": NaN,
        "Operating Income": NaN,
        "EBIT": NaN,
        "Net Income": NaN
    },
    "2013-10-31": {
        "Diluted EPS": 1.22,
        "Total Revenue": NaN,
        "Gross Profit": NaN,
        "Operating Income": NaN,
        "EBIT": NaN,
        "Net Income": NaN
    },
    "2013-07-31": {
        "Diluted EPS": 1.3,
        "Total Revenue": NaN,
        "Gross Profit": NaN,
        "Operating Income": NaN,
        "EBIT": NaN,
        "Net Income": NaN
    },
    "2013-04-30": {
        "Diluted EPS": 1.19,
        "Total Revenue": NaN,
        "Gross Profit": NaN,
        "Operating Income": NaN,
        "EBIT": NaN,
        "Net Income": NaN
    },
    "2013-01-31": {
        "Diluted EPS": 1.22,
        "Total Revenue": NaN,
        "Gross Profit": NaN,
        "Operating Income": NaN,
        "EBIT": NaN,
        "Net Income": NaN
    },
    "2012-10-31": {
        "Diluted EPS": 1.19,
        "Total Revenue": NaN,
        "Gross Profit": NaN,
        "Operating Income": NaN,
        "EBIT": NaN,
        "Net Income": NaN
    },
    "2012-07-31": {
        "Diluted EPS": 1.69,
        "Total Revenue": NaN,
        "Gross Profit": NaN,
        "Operating Income": NaN,
        "EBIT": NaN,
        "Net Income": NaN
    },
    "2012-04-30": {
        "Diluted EPS": 1.12,
        "Total Revenue": NaN,
        "Gross Profit": NaN,
        "Operating Income": NaN,
        "EBIT": NaN,
        "Net Income": NaN
    },
    "2012-01-31": {
        "Diluted EPS": 1.21,
        "Total Revenue": NaN,
        "Gross Profit": NaN,
        "Operating Income": NaN,
        "EBIT": NaN,
        "Net Income": NaN
    },
    "2011-10-31": {
        "Diluted EPS": 1.08,
        "Total Revenue": NaN,
        "Gross Profit": NaN,
        "Operating Income": NaN,
        "EBIT": NaN,
        "Net Income": NaN
    },
    "2011-07-31": {
        "Diluted EPS": 1.14,
        "Total Revenue": NaN,
        "Gross Profit": NaN,
        "Operating Income": NaN,
        "EBIT": NaN,
        "Net Income": NaN
    },
    "2011-04-30": {
        "Diluted EPS": 1.39,
        "Total Revenue": NaN,
        "Gross Profit": NaN,
        "Operating Income": NaN,
        "EBIT": NaN,
        "Net Income": NaN
    },
    "2011-01-31": {
        "Diluted EPS": 1.1,
        "Total Revenue": NaN,
        "Gross Profit": NaN,
        "Operating Income": NaN,
        "EBIT": NaN,
        "Net Income": NaN
    },
    "2010-10-31": {
        "Diluted EPS": 0.99,
        "Total Revenue": NaN,
        "Gross Profit": NaN,
        "Operating Income": NaN,
        "EBIT": NaN,
        "Net Income": NaN
    },
    "2010-07-31": {
        "Diluted EPS": 0.93,
        "Total Revenue": NaN,
        "Gross Profit": NaN,
        "Operating Income": NaN,
        "EBIT": NaN,
        "Net Income": NaN
    },
    "2010-04-30": {
        "Diluted EPS": 1.01,
        "Total Revenue": NaN,
        "Gross Profit": NaN,
        "Operating Income": NaN,
        "EBIT": NaN,
        "Net Income": NaN
    },
    "2010-01-31": {
        "Diluted EPS": 0.89,
        "Total Revenue": NaN,
        "Gross Profit": NaN,
        "Operating Income": NaN,
        "EBIT": NaN,
        "Net Income": 961
    },
    "2009-10-31": {
        "Diluted EPS": 0.79,
        "Total Revenue": NaN,
        "Gross Profit": NaN,
        "Operating Income": 947,
        "EBIT": NaN,
        "Net Income": 854
    },
    "2009-07-31": {
        "Diluted EPS": 0.79,
        "Total Revenue": NaN,
        "Gross Profit": NaN,
        "Operating Income": 713,
        "EBIT": NaN,
        "Net Income": 850
    },
    "2009-04-30": {
        "Diluted EPS": 0.65,
        "Total Revenue": NaN,
        "Gross Profit": NaN,
        "Operating Income": -13,
        "EBIT": NaN,
        "Net Income": 701
    },
    "2009-01-31": {
        "Diluted EPS": 0.81,
        "Total Revenue": NaN,
        "Gross Profit": NaN,
        "Operating Income": NaN,
        "EBIT": NaN,
        "Net Income": 853
    },
    "2023-07-31": {
        "Tax Effect Of Unusual Items": NaN,
        "Tax Rate For Calcs": NaN,
        "Total Unusual Items": 0.0,
        "Total Unusual Items Excluding Goodwill": 0.0,
        "Net Income From Continuing Operation Net Minority Interest": NaN,
        "Reconciled Depreciation": NaN,
        "Net Interest Income": NaN,
        "Interest Expense": NaN,
        "Interest Income": NaN,
        "Normalized Income": NaN,
        "Net Income From Continuing And Discontinued Operation": NaN,
        "Diluted Average Shares": 1214000000.0,
        "Basic Average Shares": 1199000000.0,
        "Diluted EPS": 1.7,
        "Basic EPS": 1.72,
        "Diluted NI Availto Com Stockholders": NaN,
        "Average Dilution Earnings": NaN,
        "Net Income Common Stockholders": NaN,
        "Preferred Stock Dividends": NaN,
        "Net Income": NaN,
        "Minority Interests": NaN,
        "Net Income Including Noncontrolling Interests": NaN,
        "Net Income Continuous Operations": NaN,
        "Tax Provision": NaN,
        "Pretax Income": NaN,
        "Special Income Charges": 0.0,
        "Gain On Sale Of Business": 0.0,
        "Other Special Charges": NaN,
        "Write Off": NaN,
        "Impairment Of Capital Assets": NaN,
        "Restructuring And Mergern Acquisition": NaN,
        "Gain On Sale Of Security": NaN,
        "Depreciation Amortization Depletion Income Statement": NaN,
        "Depreciation And Amortization In Income Statement": NaN,
        "Selling General And Administration": NaN,
        "Selling And Marketing Expense": NaN,
        "General And Administrative Expense": NaN,
        "Salaries And Wages": NaN,
        "Total Revenue": NaN,
        "Operating Revenue": NaN,
        "Occupancy And Equipment": NaN,
        "Professional Expense And Contract Services Expense": NaN,
        "Other Non Interest Expense": NaN
    },
    "2023-10-31": {
        "Tax Effect Of Unusual Items": 0.0,
        "Tax Rate For Calcs": 0.090611,
        "Total Unusual Items": NaN,
        "Total Unusual Items Excluding Goodwill": NaN,
        "Net Income From Continuing Operation Net Minority Interest": 1354000000.0,
        "Reconciled Depreciation": 590000000.0,
        "Net Interest Income": 4672000000.0,
        "Interest Expense": 10437000000.0,
        "Interest Income": 15109000000.0,
        "Normalized Income": 1354000000.0,
        "Net Income From Continuing And Discontinued Operation": 1354000000.0,
        "Diluted Average Shares": NaN,
        "Basic Average Shares": NaN,
        "Diluted EPS": NaN,
        "Basic EPS": NaN,
        "Diluted NI Availto Com Stockholders": 1233000000.0,
        "Average Dilution Earnings": -12000000.0,
        "Net Income Common Stockholders": 1245000000.0,
        "Preferred Stock Dividends": 109000000.0,
        "Net Income": 1354000000.0,
        "Minority Interests": -31000000.0,
        "Net Income Including Noncontrolling Interests": 1385000000.0,
        "Net Income Continuous Operations": 1385000000.0,
        "Tax Provision": 138000000.0,
        "Pretax Income": 1523000000.0,
        "Special Income Charges": NaN,
        "Gain On Sale Of Business": NaN,
        "Other Special Charges": NaN,
        "Impairment Of Capital Assets": NaN,
        "Restructuring And Mergern Acquisition": NaN,
        "Gain On Sale Of Security": -1000000.0,
        "Depreciation Amortization Depletion Income Statement": 590000000.0,
        "Depreciation And Amortization In Income Statement": 590000000.0,
        "Selling General And Administration": 2611000000.0,
        "Selling And Marketing Expense": 159000000.0,
        "General And Administrative Expense": 2452000000.0,
        "Salaries And Wages": 2452000000.0,
        "Total Revenue": 7923000000.0,
        "Operating Revenue": 7923000000.0,
        "Occupancy And Equipment": 701000000.0,
        "Professional Expense And Contract Services Expense": 219000000.0,
        "Other Non Interest Expense": 621000000.0
    },
    "2024-01-31": {
        "Tax Effect Of Unusual Items": NaN,
        "Tax Rate For Calcs": NaN,
        "Total Unusual Items": NaN,
        "Total Unusual Items Excluding Goodwill": NaN,
        "Net Income From Continuing Operation Net Minority Interest": NaN,
        "Reconciled Depreciation": NaN,
        "Net Interest Income": NaN,
        "Interest Expense": NaN,
        "Interest Income": NaN,
        "Normalized Income": NaN,
        "Net Income From Continuing And Discontinued Operation": NaN,
        "Diluted Average Shares": NaN,
        "Basic Average Shares": NaN,
        "Diluted EPS": NaN,
        "Basic EPS": NaN,
        "Diluted NI Availto Com Stockholders": NaN,
        "Average Dilution Earnings": NaN,
        "Net Income Common Stockholders": NaN,
        "Otherunder Preferred Stock Dividend": NaN,
        "Preferred Stock Dividends": NaN,
        "Net Income": NaN,
        "Minority Interests": NaN,
        "Net Income Including Noncontrolling Interests": NaN,
        "Net Income Continuous Operations": NaN,
        "Tax Provision": NaN,
        "Pretax Income": NaN,
        "Special Income Charges": NaN,
        "Gain On Sale Of Business": NaN,
        "Other Special Charges": NaN,
        "Write Off": 0.0,
        "Impairment Of Capital Assets": 0.0,
        "Restructuring And Mergern Acquisition": 0.0,
        "Gain On Sale Of Security": NaN,
        "Depreciation Amortization Depletion Income Statement": NaN,
        "Depreciation And Amortization In Income Statement": NaN,
        "Selling General And Administration": NaN,
        "Selling And Marketing Expense": NaN,
        "General And Administrative Expense": NaN,
        "Salaries And Wages": NaN,
        "Total Revenue": NaN,
        "Operating Revenue": NaN,
        "Occupancy And Equipment": NaN,
        "Professional Expense And Contract Services Expense": NaN,
        "Other Non Interest Expense": NaN
    },
    "2024-04-30": {
        "Tax Effect Of Unusual Items": NaN,
        "Tax Rate For Calcs": NaN,
        "Total Unusual Items": NaN,
        "Total Unusual Items Excluding Goodwill": NaN,
        "Net Income From Continuing Operation Net Minority Interest": NaN,
        "Reconciled Depreciation": NaN,
        "Net Interest Income": NaN,
        "Interest Expense": NaN,
        "Interest Income": NaN,
        "Normalized Income": NaN,
        "Net Income From Continuing And Discontinued Operation": NaN,
        "Diluted Average Shares": 1228000000.0,
        "Basic Average Shares": 1223000000.0,
        "Diluted EPS": 1.57,
        "Basic EPS": 1.59,
        "Diluted NI Availto Com Stockholders": NaN,
        "Average Dilution Earnings": NaN,
        "Net Income Common Stockholders": NaN,
        "Otherunder Preferred Stock Dividend": NaN,
        "Preferred Stock Dividends": NaN,
        "Net Income": NaN,
        "Minority Interests": NaN,
        "Net Income Including Noncontrolling Interests": NaN,
        "Net Income Continuous Operations": NaN,
        "Tax Provision": NaN,
        "Pretax Income": NaN,
        "Special Income Charges": NaN,
        "Gain On Sale Of Business": NaN,
        "Other Special Charges": NaN,
        "Write Off": NaN,
        "Impairment Of Capital Assets": NaN,
        "Restructuring And Mergern Acquisition": NaN,
        "Gain On Sale Of Security": NaN,
        "Depreciation Amortization Depletion Income Statement": NaN,
        "Depreciation And Amortization In Income Statement": NaN,
        "Selling General And Administration": NaN,
        "Selling And Marketing Expense": NaN,
        "General And Administrative Expense": NaN,
        "Salaries And Wages": NaN,
        "Total Revenue": NaN,
        "Operating Revenue": NaN,
        "Occupancy And Equipment": NaN,
        "Professional Expense And Contract Services Expense": NaN,
        "Other Non Interest Expense": NaN
    },
    "2024-07-31": {
        "Tax Effect Of Unusual Items": -59592000.0,
        "Tax Rate For Calcs": 0.191,
        "Total Unusual Items": -312000000.0,
        "Total Unusual Items Excluding Goodwill": -312000000.0,
        "Net Income From Continuing Operation Net Minority Interest": 1876000000.0,
        "Reconciled Depreciation": 428000000.0,
        "Net Interest Income": 4862000000.0,
        "Interest Expense": 10821000000.0,
        "Interest Income": 15683000000.0,
        "Normalized Income": 2128408000.0,
        "Net Income From Continuing And Discontinued Operation": 1876000000.0,
        "Diluted Average Shares": 1235000000.0,
        "Basic Average Shares": 1230000000.0,
        "Diluted EPS": 1.41,
        "Basic EPS": 1.43,
        "Diluted NI Availto Com Stockholders": 1741000000.0,
        "Average Dilution Earnings": -15000000.0,
        "Net Income Common Stockholders": 1756000000.0,
        "Otherunder Preferred Stock Dividend": NaN,
        "Preferred Stock Dividends": 120000000.0,
        "Net Income": 1876000000.0,
        "Minority Interests": -36000000.0,
        "Net Income Including Noncontrolling Interests": 1912000000.0,
        "Net Income Continuous Operations": 1912000000.0,
        "Tax Provision": 451000000.0,
        "Pretax Income": 2363000000.0,
        "Special Income Charges": -312000000.0,
        "Gain On Sale Of Business": -136000000.0,
        "Other Special Charges": 176000000.0,
        "Write Off": NaN,
        "Impairment Of Capital Assets": NaN,
        "Restructuring And Mergern Acquisition": NaN,
        "Gain On Sale Of Security": 2000000.0,
        "Depreciation Amortization Depletion Income Statement": 428000000.0,
        "Depreciation And Amortization In Income Statement": 428000000.0,
        "Selling General And Administration": 2601000000.0,
        "Selling And Marketing Expense": 146000000.0,
        "General And Administrative Expense": 2455000000.0,
        "Salaries And Wages": 2455000000.0,
        "Total Revenue": 8453000000.0,
        "Operating Revenue": 8453000000.0,
        "Occupancy And Equipment": 737000000.0,
        "Professional Expense And Contract Services Expense": 215000000.0,
        "Other Non Interest Expense": 799000000.0
    },
    "2024-10-31": {
        "Tax Effect Of Unusual Items": -114510454.545455,
        "Tax Rate For Calcs": 0.232273,
        "Total Unusual Items": -493000000.0,
        "Total Unusual Items Excluding Goodwill": -493000000.0,
        "Net Income From Continuing Operation Net Minority Interest": 1642000000.0,
        "Reconciled Depreciation": 501000000.0,
        "Net Interest Income": 4923000000.0,
        "Interest Expense": 10402000000.0,
        "Interest Income": 15325000000.0,
        "Normalized Income": 2020489545.454545,
        "Net Income From Continuing And Discontinued Operation": 1642000000.0,
        "Diluted Average Shares": NaN,
        "Basic Average Shares": NaN,
        "Diluted EPS": NaN,
        "Basic EPS": NaN,
        "Diluted NI Availto Com Stockholders": 1518000000.0,
        "Average Dilution Earnings": -3000000.0,
        "Net Income Common Stockholders": 1521000000.0,
        "Otherunder Preferred Stock Dividend": NaN,
        "Preferred Stock Dividends": 121000000.0,
        "Net Income": 1642000000.0,
        "Minority Interests": -47000000.0,
        "Net Income Including Noncontrolling Interests": 1689000000.0,
        "Net Income Continuous Operations": 1689000000.0,
        "Tax Provision": 511000000.0,
        "Pretax Income": 2200000000.0,
        "Special Income Charges": -493000000.0,
        "Gain On Sale Of Business": 0.0,
        "Other Special Charges": 0.0,
        "Write Off": NaN,
        "Impairment Of Capital Assets": NaN,
        "Restructuring And Mergern Acquisition": NaN,
        "Gain On Sale Of Security": 24000000.0,
        "Depreciation Amortization Depletion Income Statement": 501000000.0,
        "Depreciation And Amortization In Income Statement": 501000000.0,
        "Selling General And Administration": 2667000000.0,
        "Selling And Marketing Expense": 168000000.0,
        "General And Administrative Expense": 2499000000.0,
        "Salaries And Wages": 2499000000.0,
        "Total Revenue": 8485000000.0,
        "Operating Revenue": 8485000000.0,
        "Occupancy And Equipment": 752000000.0,
        "Professional Expense And Contract Services Expense": 225000000.0,
        "Other Non Interest Expense": 658000000.0
    },
    "2025-01-31": {
        "Tax Effect Of Unusual Items": -204300000.0,
        "Tax Rate For Calcs": 0.15,
        "Total Unusual Items": -1362000000.0,
        "Total Unusual Items Excluding Goodwill": -1362000000.0,
        "Net Income From Continuing Operation Net Minority Interest": 1147000000.0,
        "Reconciled Depreciation": 403000000.0,
        "Net Interest Income": 5173000000.0,
        "Interest Expense": 9807000000.0,
        "Interest Income": 14980000000.0,
        "Normalized Income": 2304700000.0,
        "Net Income From Continuing And Discontinued Operation": 1147000000.0,
        "Diluted Average Shares": 1250000000.0,
        "Basic Average Shares": 1245000000.0,
        "Diluted EPS": 0.66,
        "Basic EPS": 0.82,
        "Diluted NI Availto Com Stockholders": 829000000.0,
        "Average Dilution Earnings": -196000000.0,
        "Net Income Common Stockholders": 1025000000.0,
        "Otherunder Preferred Stock Dividend": NaN,
        "Preferred Stock Dividends": 122000000.0,
        "Net Income": 1147000000.0,
        "Minority Interests": 154000000.0,
        "Net Income Including Noncontrolling Interests": 993000000.0,
        "Net Income Continuous Operations": 993000000.0,
        "Tax Provision": 726000000.0,
        "Pretax Income": 1719000000.0,
        "Special Income Charges": -1362000000.0,
        "Gain On Sale Of Business": -1362000000.0,
        "Other Special Charges": NaN,
        "Write Off": 0.0,
        "Impairment Of Capital Assets": NaN,
        "Restructuring And Mergern Acquisition": 0.0,
        "Gain On Sale Of Security": 31000000.0,
        "Depreciation Amortization Depletion Income Statement": 403000000.0,
        "Depreciation And Amortization In Income Statement": 403000000.0,
        "Selling General And Administration": 2865000000.0,
        "Selling And Marketing Expense": 156000000.0,
        "General And Administrative Expense": 2709000000.0,
        "Salaries And Wages": 2709000000.0,
        "Total Revenue": 9259000000.0,
        "Operating Revenue": 9259000000.0,
        "Occupancy And Equipment": 800000000.0,
        "Professional Expense And Contract Services Expense": 205000000.0,
        "Other Non Interest Expense": 856000000.0
    },
    "2025-04-30": {
        "Tax Effect Of Unusual Items": -7350000.0,
        "Tax Rate For Calcs": 0.21,
        "Total Unusual Items": -35000000.0,
        "Total Unusual Items Excluding Goodwill": -35000000.0,
        "Net Income From Continuing Operation Net Minority Interest": 1976000000.0,
        "Reconciled Depreciation": 393000000.0,
        "Net Interest Income": 5270000000.0,
        "Interest Expense": 9017000000.0,
        "Interest Income": 14287000000.0,
        "Normalized Income": 2003650000.0,
        "Net Income From Continuing And Discontinued Operation": 1976000000.0,
        "Diluted Average Shares": 1246000000.0,
        "Basic Average Shares": 1246000000.0,
        "Diluted EPS": 1.48,
        "Basic EPS": 1.48,
        "Diluted NI Availto Com Stockholders": 1841000000.0,
        "Average Dilution Earnings": 0.0,
        "Net Income Common Stockholders": 1841000000.0,
        "Otherunder Preferred Stock Dividend": NaN,
        "Preferred Stock Dividends": 135000000.0,
        "Net Income": 1976000000.0,
        "Minority Interests": -56000000.0,
        "Net Income Including Noncontrolling Interests": 2032000000.0,
        "Net Income Continuous Operations": 2032000000.0,
        "Tax Provision": 540000000.0,
        "Pretax Income": 2572000000.0,
        "Special Income Charges": -35000000.0,
        "Gain On Sale Of Business": -35000000.0,
        "Other Special Charges": NaN,
        "Write Off": NaN,
        "Impairment Of Capital Assets": NaN,
        "Restructuring And Mergern Acquisition": NaN,
        "Gain On Sale Of Security": 7000000.0,
        "Depreciation Amortization Depletion Income Statement": 393000000.0,
        "Depreciation And Amortization In Income Statement": 393000000.0,
        "Selling General And Administration": 2800000000.0,
        "Selling And Marketing Expense": 159000000.0,
        "General And Administrative Expense": 2641000000.0,
        "Salaries And Wages": 2641000000.0,
        "Total Revenue": 8930000000.0,
        "Operating Revenue": 8930000000.0,
        "Occupancy And Equipment": 814000000.0,
        "Professional Expense And Contract Services Expense": 229000000.0,
        "Other Non Interest Expense": 848000000.0
    },
    "2025-07-31": {
        "Tax Effect Of Unusual Items": 5681000.0,
        "Tax Rate For Calcs": 0.247,
        "Total Unusual Items": 23000000.0,
        "Total Unusual Items Excluding Goodwill": 23000000.0,
        "Net Income From Continuing Operation Net Minority Interest": 2447000000.0,
        "Reconciled Depreciation": 405000000.0,
        "Net Interest Income": 5493000000.0,
        "Interest Expense": 8627000000.0,
        "Interest Income": 14120000000.0,
        "Normalized Income": 2429681000.0,
        "Net Income From Continuing And Discontinued Operation": 2447000000.0,
        "Diluted Average Shares": 1245000000.0,
        "Basic Average Shares": 1244000000.0,
        "Diluted EPS": 1.84,
        "Basic EPS": 1.84,
        "Diluted NI Availto Com Stockholders": 2291000000.0,
        "Average Dilution Earnings": 0.0,
        "Net Income Common Stockholders": 2291000000.0,
        "Otherunder Preferred Stock Dividend": 22000000.0,
        "Preferred Stock Dividends": 134000000.0,
        "Net Income": 2447000000.0,
        "Minority Interests": -80000000.0,
        "Net Income Including Noncontrolling Interests": 2527000000.0,
        "Net Income Continuous Operations": 2527000000.0,
        "Tax Provision": 829000000.0,
        "Pretax Income": 3356000000.0,
        "Special Income Charges": 23000000.0,
        "Gain On Sale Of Business": 23000000.0,
        "Other Special Charges": NaN,
        "Write Off": NaN,
        "Impairment Of Capital Assets": NaN,
        "Restructuring And Mergern Acquisition": NaN,
        "Gain On Sale Of Security": 22000000.0,
        "Depreciation Amortization Depletion Income Statement": 405000000.0,
        "Depreciation And Amortization In Income Statement": 405000000.0,
        "Selling General And Administration": 2831000000.0,
        "Selling And Marketing Expense": 169000000.0,
        "General And Administrative Expense": 2662000000.0,
        "Salaries And Wages": 2662000000.0,
        "Total Revenue": 9329000000.0,
        "Operating Revenue": 9329000000.0,
        "Occupancy And Equipment": 807000000.0,
        "Professional Expense And Contract Services Expense": 212000000.0,
        "Other Non Interest Expense": 857000000.0
    }
}