{
    "2023-03-31": {
        "Tax Effect Of Unusual Items": NaN,
        "Tax Rate For Calcs": NaN,
        "Normalized EBITDA": NaN,
        "Total Unusual Items": -80200000.0,
        "Total Unusual Items Excluding Goodwill": -80200000.0,
        "Net Income From Continuing Operation Net Minority Interest": NaN,
        "Reconciled Depreciation": NaN,
        "Reconciled Cost Of Revenue": NaN,
        "EBITDA": NaN,
        "EBIT": NaN,
        "Net Interest Income": NaN,
        "Interest Expense": NaN,
        "Interest Income": NaN,
        "Normalized Income": NaN,
        "Net Income From Continuing And Discontinued Operation": NaN,
        "Total Expenses": NaN,
        "Total Operating Income As Reported": NaN,
        "Diluted Average Shares": NaN,
        "Basic Average Shares": NaN,
        "Diluted EPS": NaN,
        "Basic EPS": NaN,
        "Diluted NI Availto Com Stockholders": NaN,
        "Net Income Common Stockholders": NaN,
        "Net Income": NaN,
        "Net Income Including Noncontrolling Interests": NaN,
        "Net Income Continuous Operations": NaN,
        "Tax Provision": NaN,
        "Pretax Income": NaN,
        "Other Income Expense": -80200000.0,
        "Gain On Sale Of Security": -80200000.0,
        "Net Non Operating Interest Income Expense": NaN,
        "Total Other Finance Cost": 1200000.0,
        "Interest Expense Non Operating": NaN,
        "Interest Income Non Operating": NaN,
        "Operating Income": NaN,
        "Operating Expense": NaN,
        "Other Operating Expenses": NaN,
        "Depreciation Amortization Depletion Income Statement": NaN,
        "Depreciation And Amortization In Income Statement": NaN,
        "Research And Development": NaN,
        "Selling General And Administration": NaN,
        "Selling And Marketing Expense": NaN,
        "General And Administrative Expense": NaN,
        "Other Gand A": NaN,
        "Insurance And Claims": 15400000.0,
        "Salaries And Wages": 38000000.0,
        "Gross Profit": NaN,
        "Cost Of Revenue": NaN,
        "Total Revenue": NaN,
        "Operating Revenue": NaN
    },
    "2022-12-31": {
        "Tax Effect Of Unusual Items": NaN,
        "Tax Rate For Calcs": NaN,
        "Normalized EBITDA": NaN,
        "Total Unusual Items": -323500000.0,
        "Total Unusual Items Excluding Goodwill": -323500000.0,
        "Net Income From Continuing Operation Net Minority Interest": NaN,
        "Reconciled Depreciation": NaN,
        "Reconciled Cost Of Revenue": NaN,
        "EBITDA": NaN,
        "EBIT": NaN,
        "Net Interest Income": NaN,
        "Interest Expense": NaN,
        "Interest Income": NaN,
        "Normalized Income": NaN,
        "Net Income From Continuing And Discontinued Operation": NaN,
        "Total Expenses": NaN,
        "Total Operating Income As Reported": NaN,
        "Diluted Average Shares": NaN,
        "Basic Average Shares": NaN,
        "Diluted EPS": NaN,
        "Basic EPS": NaN,
        "Diluted NI Availto Com Stockholders": NaN,
        "Net Income Common Stockholders": NaN,
        "Net Income": NaN,
        "Net Income Including Noncontrolling Interests": NaN,
        "Net Income Continuous Operations": NaN,
        "Tax Provision": NaN,
        "Pretax Income": NaN,
        "Other Income Expense": -323500000.0,
        "Gain On Sale Of Security": -323500000.0,
        "Net Non Operating Interest Income Expense": NaN,
        "Total Other Finance Cost": 0.0,
        "Interest Expense Non Operating": NaN,
        "Interest Income Non Operating": NaN,
        "Operating Income": NaN,
        "Operating Expense": NaN,
        "Other Operating Expenses": NaN,
        "Depreciation Amortization Depletion Income Statement": NaN,
        "Depreciation And Amortization In Income Statement": NaN,
        "Research And Development": NaN,
        "Selling General And Administration": NaN,
        "Selling And Marketing Expense": NaN,
        "General And Administrative Expense": NaN,
        "Other Gand A": NaN,
        "Insurance And Claims": -10900000.0,
        "Salaries And Wages": 45400000.0,
        "Gross Profit": NaN,
        "Cost Of Revenue": NaN,
        "Total Revenue": NaN,
        "Operating Revenue": NaN
    },
    "2022-09-30": {
        "Tax Effect Of Unusual Items": NaN,
        "Tax Rate For Calcs": NaN,
        "Normalized EBITDA": NaN,
        "Total Unusual Items": NaN,
        "Total Unusual Items Excluding Goodwill": NaN,
        "Net Income From Continuing Operation Net Minority Interest": NaN,
        "Reconciled Depreciation": NaN,
        "Reconciled Cost Of Revenue": NaN,
        "EBITDA": NaN,
        "EBIT": NaN,
        "Net Interest Income": NaN,
        "Interest Expense": NaN,
        "Interest Income": NaN,
        "Normalized Income": NaN,
        "Net Income From Continuing And Discontinued Operation": NaN,
        "Total Expenses": NaN,
        "Total Operating Income As Reported": NaN,
        "Diluted Average Shares": NaN,
        "Basic Average Shares": NaN,
        "Diluted EPS": NaN,
        "Basic EPS": NaN,
        "Diluted NI Availto Com Stockholders": NaN,
        "Net Income Common Stockholders": NaN,
        "Net Income": NaN,
        "Net Income Including Noncontrolling Interests": NaN,
        "Net Income Continuous Operations": NaN,
        "Tax Provision": NaN,
        "Pretax Income": NaN,
        "Other Income Expense": NaN,
        "Gain On Sale Of Security": NaN,
        "Net Non Operating Interest Income Expense": NaN,
        "Total Other Finance Cost": 100000.0,
        "Interest Expense Non Operating": NaN,
        "Interest Income Non Operating": NaN,
        "Operating Income": NaN,
        "Operating Expense": NaN,
        "Other Operating Expenses": NaN,
        "Depreciation Amortization Depletion Income Statement": 4600000.0,
        "Depreciation And Amortization In Income Statement": 4600000.0,
        "Research And Development": NaN,
        "Selling General And Administration": NaN,
        "Selling And Marketing Expense": NaN,
        "General And Administrative Expense": NaN,
        "Other Gand A": NaN,
        "Insurance And Claims": 17700000.0,
        "Salaries And Wages": 37800000.0,
        "Gross Profit": NaN,
        "Cost Of Revenue": NaN,
        "Total Revenue": NaN,
        "Operating Revenue": NaN
    },
    "2022-06-30": {
        "Tax Effect Of Unusual Items": 111999952.571897,
        "Tax Rate For Calcs": 0.279093,
        "Normalized EBITDA": 1957000000.0,
        "Total Unusual Items": 401300000.0,
        "Total Unusual Items Excluding Goodwill": 401300000.0,
        "Net Income From Continuing Operation Net Minority Interest": 1672000000.0,
        "Reconciled Depreciation": 33200000.0,
        "Reconciled Cost Of Revenue": 1164200000.0,
        "EBITDA": 2358300000.0,
        "EBIT": 2325100000.0,
        "Net Interest Income": -4300000.0,
        "Interest Expense": 5800000.0,
        "Interest Income": 1500000.0,
        "Normalized Income": 1382699952.571897,
        "Net Income From Continuing And Discontinued Operation": 1672000000.0,
        "Total Expenses": 1274500000.0,
        "Total Operating Income As Reported": 2209600000.0,
        "Diluted Average Shares": 259224806.0,
        "Basic Average Shares": 243731778.0,
        "Diluted EPS": 6.45,
        "Basic EPS": 6.86,
        "Diluted NI Availto Com Stockholders": 1672000000.0,
        "Net Income Common Stockholders": 1672000000.0,
        "Net Income": 1672000000.0,
        "Net Income Including Noncontrolling Interests": 1672000000.0,
        "Net Income Continuous Operations": 1672000000.0,
        "Tax Provision": 647300000.0,
        "Pretax Income": 2319300000.0,
        "Other Income Expense": 401300000.0,
        "Gain On Sale Of Security": 401300000.0,
        "Net Non Operating Interest Income Expense": -4300000.0,
        "Total Other Finance Cost": NaN,
        "Interest Expense Non Operating": 5800000.0,
        "Interest Income Non Operating": 1500000.0,
        "Operating Income": 1922000000.0,
        "Operating Expense": 110300000.0,
        "Other Operating Expenses": -37800000.0,
        "Selling General And Administration": 148100000.0,
        "Selling And Marketing Expense": 17800000.0,
        "General And Administrative Expense": 130300000.0,
        "Other Gand A": 78500000.0,
        "Insurance And Claims": 8800000.0,
        "Salaries And Wages": 43000000.0,
        "Gross Profit": 2032300000.0,
        "Cost Of Revenue": 1164200000.0,
        "Total Revenue": 3196500000.0,
        "Operating Revenue": 3196500000.0
    },
    "2022-03-31": {
        "Diluted EPS": 15.98,
        "Total Revenue": NaN,
        "Gross Profit": NaN,
        "Operating Income": NaN,
        "EBIT": NaN,
        "Net Income": NaN
    },
    "2021-12-31": {
        "Diluted EPS": 14.05,
        "Total Revenue": NaN,
        "Gross Profit": NaN,
        "Operating Income": NaN,
        "EBIT": NaN,
        "Net Income": NaN
    },
    "2021-09-30": {
        "Diluted EPS": 14.56,
        "Total Revenue": NaN,
        "Gross Profit": NaN,
        "Operating Income": NaN,
        "EBIT": NaN,
        "Net Income": NaN
    },
    "2021-06-30": {
        "Diluted EPS": 12.98,
        "Total Revenue": NaN,
        "Gross Profit": NaN,
        "Operating Income": NaN,
        "EBIT": NaN,
        "Net Income": NaN
    },
    "2021-03-31": {
        "Diluted EPS": 5.29,
        "Total Revenue": NaN,
        "Gross Profit": NaN,
        "Operating Income": NaN,
        "EBIT": NaN,
        "Net Income": NaN
    },
    "2020-12-31": {
        "Diluted EPS": 1.78,
        "Total Revenue": 396,
        "Gross Profit": 348,
        "Operating Income": 278,
        "EBIT": 292,
        "Net Income": 419
    },
    "2020-09-30": {
        "Diluted EPS": -1.03,
        "Total Revenue": 79,
        "Gross Profit": 71,
        "Operating Income": -218,
        "EBIT": -206,
        "Net Income": -246
    },
    "2020-06-30": {
        "Diluted EPS": -0.42,
        "Total Revenue": 46,
        "Gross Profit": 40,
        "Operating Income": -89,
        "EBIT": -79,
        "Net Income": -97
    },
    "2020-03-31": {
        "Diluted EPS": -0.27,
        "Total Revenue": 31,
        "Gross Profit": 24,
        "Operating Income": -65,
        "EBIT": -56,
        "Net Income": -59
    },
    "2019-09-30": {
        "Diluted EPS": -0.16,
        "Total Revenue": 32,
        "Gross Profit": 27,
        "Operating Income": -41,
        "EBIT": -32,
        "Net Income": -33
    },
    "2019-06-30": {
        "Diluted EPS": 0.0,
        "Total Revenue": NaN,
        "Gross Profit": NaN,
        "Operating Income": NaN,
        "Net Income": NaN
    },
    "2018-12-31": {
        "Diluted EPS": 0.0,
        "Total Revenue": NaN,
        "Gross Profit": NaN,
        "Operating Income": NaN,
        "EBIT": NaN,
        "Net Income": NaN
    },
    "2023-06-30": {
        "Tax Effect Of Unusual Items": NaN,
        "Tax Rate For Calcs": NaN,
        "Normalized EBITDA": NaN,
        "Total Unusual Items": -58600000.0,
        "Total Unusual Items Excluding Goodwill": -58600000.0,
        "Net Income From Continuing Operation Net Minority Interest": NaN,
        "Reconciled Depreciation": NaN,
        "Reconciled Cost Of Revenue": NaN,
        "EBITDA": NaN,
        "EBIT": NaN,
        "Net Interest Income": NaN,
        "Interest Expense": NaN,
        "Interest Income": NaN,
        "Normalized Income": NaN,
        "Net Income From Continuing And Discontinued Operation": NaN,
        "Total Expenses": NaN,
        "Total Operating Income As Reported": NaN,
        "Diluted Average Shares": NaN,
        "Basic Average Shares": NaN,
        "Diluted EPS": NaN,
        "Basic EPS": NaN,
        "Diluted NI Availto Com Stockholders": NaN,
        "Net Income Common Stockholders": NaN,
        "Net Income": NaN,
        "Net Income Including Noncontrolling Interests": NaN,
        "Net Income Continuous Operations": NaN,
        "Tax Provision": NaN,
        "Pretax Income": NaN,
        "Other Income Expense": -58600000.0,
        "Gain On Sale Of Security": -58600000.0,
        "Net Non Operating Interest Income Expense": NaN,
        "Total Other Finance Cost": 1300000.0,
        "Interest Expense Non Operating": NaN,
        "Interest Income Non Operating": NaN,
        "Operating Income": NaN,
        "Operating Expense": NaN,
        "Other Operating Expenses": NaN,
        "Depreciation Amortization Depletion Income Statement": 8000000.0,
        "Depreciation And Amortization In Income Statement": 8000000.0,
        "Research And Development": NaN,
        "Selling General And Administration": NaN,
        "Selling And Marketing Expense": NaN,
        "General And Administrative Expense": NaN,
        "Other Gand A": NaN,
        "Salaries And Wages": 43100000.0,
        "Gross Profit": NaN,
        "Cost Of Revenue": NaN,
        "Total Revenue": NaN,
        "Operating Revenue": NaN
    },
    "2023-09-30": {
        "Tax Effect Of Unusual Items": NaN,
        "Tax Rate For Calcs": NaN,
        "Normalized EBITDA": NaN,
        "Total Unusual Items": 55000000.0,
        "Total Unusual Items Excluding Goodwill": 55000000.0,
        "Net Income From Continuing Operation Net Minority Interest": NaN,
        "Reconciled Depreciation": NaN,
        "Reconciled Cost Of Revenue": NaN,
        "EBITDA": NaN,
        "EBIT": NaN,
        "Net Interest Income": NaN,
        "Interest Expense": NaN,
        "Interest Income": NaN,
        "Normalized Income": NaN,
        "Net Income From Continuing And Discontinued Operation": NaN,
        "Total Expenses": NaN,
        "Total Operating Income As Reported": NaN,
        "Diluted Average Shares": NaN,
        "Basic Average Shares": NaN,
        "Diluted EPS": NaN,
        "Basic EPS": NaN,
        "Diluted NI Availto Com Stockholders": NaN,
        "Net Income Common Stockholders": NaN,
        "Net Income": NaN,
        "Net Income Including Noncontrolling Interests": NaN,
        "Net Income Continuous Operations": NaN,
        "Tax Provision": NaN,
        "Pretax Income": NaN,
        "Other Income Expense": 55000000.0,
        "Gain On Sale Of Security": 55000000.0,
        "Net Non Operating Interest Income Expense": NaN,
        "Interest Expense Non Operating": NaN,
        "Interest Income Non Operating": NaN,
        "Operating Income": NaN,
        "Operating Expense": NaN,
        "Other Operating Expenses": NaN,
        "Depreciation Amortization Depletion Income Statement": 8100000.0,
        "Depreciation And Amortization In Income Statement": 8100000.0,
        "Research And Development": NaN,
        "Selling General And Administration": NaN,
        "Selling And Marketing Expense": NaN,
        "General And Administrative Expense": NaN,
        "Other Gand A": NaN,
        "Salaries And Wages": 44200000.0,
        "Gross Profit": NaN,
        "Cost Of Revenue": NaN,
        "Total Revenue": NaN,
        "Operating Revenue": NaN
    },
    "2023-12-31": {
        "Tax Effect Of Unusual Items": NaN,
        "Tax Rate For Calcs": NaN,
        "Normalized EBITDA": NaN,
        "Total Unusual Items": -51800000.0,
        "Total Unusual Items Excluding Goodwill": -51800000.0,
        "Net Income From Continuing Operation Net Minority Interest": NaN,
        "Reconciled Depreciation": NaN,
        "Reconciled Cost Of Revenue": NaN,
        "EBITDA": NaN,
        "EBIT": NaN,
        "Net Interest Income": NaN,
        "Interest Expense": NaN,
        "Interest Income": NaN,
        "Normalized Income": NaN,
        "Net Income From Continuing And Discontinued Operation": NaN,
        "Total Expenses": NaN,
        "Total Operating Income As Reported": NaN,
        "Diluted Average Shares": NaN,
        "Basic Average Shares": NaN,
        "Diluted EPS": NaN,
        "Basic EPS": NaN,
        "Diluted NI Availto Com Stockholders": NaN,
        "Net Income Common Stockholders": NaN,
        "Net Income": NaN,
        "Net Income Including Noncontrolling Interests": NaN,
        "Net Income Continuous Operations": NaN,
        "Tax Provision": NaN,
        "Pretax Income": NaN,
        "Other Income Expense": -51800000.0,
        "Special Income Charges": NaN,
        "Other Special Charges": NaN,
        "Restructuring And Mergern Acquisition": NaN,
        "Gain On Sale Of Security": -22400000.0,
        "Net Non Operating Interest Income Expense": NaN,
        "Interest Expense Non Operating": NaN,
        "Interest Income Non Operating": NaN,
        "Operating Income": NaN,
        "Operating Expense": NaN,
        "Other Operating Expenses": NaN,
        "Research And Development": NaN,
        "Selling General And Administration": NaN,
        "Selling And Marketing Expense": NaN,
        "General And Administrative Expense": NaN,
        "Other Gand A": NaN,
        "Gross Profit": NaN,
        "Cost Of Revenue": NaN,
        "Total Revenue": NaN,
        "Operating Revenue": NaN
    },
    "2024-03-31": {
        "Tax Effect Of Unusual Items": 0.0,
        "Tax Rate For Calcs": 0.050332,
        "Normalized EBITDA": -288800000.0,
        "Total Unusual Items": NaN,
        "Total Unusual Items Excluding Goodwill": NaN,
        "Net Income From Continuing Operation Net Minority Interest": -315100000.0,
        "Reconciled Depreciation": 38300000.0,
        "Reconciled Cost Of Revenue": 59100000.0,
        "EBITDA": -288800000.0,
        "EBIT": -327100000.0,
        "Net Interest Income": 175400000.0,
        "Interest Expense": 4700000.0,
        "Interest Income": 180100000.0,
        "Normalized Income": -315100000.0,
        "Net Income From Continuing And Discontinued Operation": -315100000.0,
        "Total Expenses": 694800000.0,
        "Total Operating Income As Reported": -507200000.0,
        "Diluted Average Shares": 240534351.0,
        "Basic Average Shares": 240534351.0,
        "Diluted EPS": -1.31,
        "Basic EPS": -1.31,
        "Diluted NI Availto Com Stockholders": -315100000.0,
        "Net Income Common Stockholders": -315100000.0,
        "Net Income": -315100000.0,
        "Net Income Including Noncontrolling Interests": -315100000.0,
        "Net Income Continuous Operations": -315100000.0,
        "Tax Provision": -16700000.0,
        "Pretax Income": -331800000.0,
        "Other Income Expense": NaN,
        "Gain On Sale Of Security": NaN,
        "Net Non Operating Interest Income Expense": 175400000.0,
        "Interest Expense Non Operating": 4700000.0,
        "Interest Income Non Operating": 180100000.0,
        "Operating Income": -507200000.0,
        "Operating Expense": 635700000.0,
        "Other Operating Expenses": -4400000.0,
        "Research And Development": 507500000.0,
        "Selling General And Administration": 132600000.0,
        "Selling And Marketing Expense": 15600000.0,
        "General And Administrative Expense": 117000000.0,
        "Other Gand A": 117000000.0,
        "Gross Profit": 128500000.0,
        "Cost Of Revenue": 59100000.0,
        "Total Revenue": 187600000.0,
        "Operating Revenue": 187600000.0
    },
    "2024-06-30": {
        "Tax Effect Of Unusual Items": NaN,
        "Tax Rate For Calcs": NaN,
        "Normalized EBITDA": NaN,
        "Total Unusual Items": -108900000.0,
        "Total Unusual Items Excluding Goodwill": -108900000.0,
        "Net Income From Continuing Operation Net Minority Interest": NaN,
        "Reconciled Depreciation": NaN,
        "Reconciled Cost Of Revenue": NaN,
        "EBITDA": NaN,
        "EBIT": NaN,
        "Net Interest Income": NaN,
        "Interest Expense": 3400000.0,
        "Interest Income": NaN,
        "Normalized Income": NaN,
        "Net Income From Continuing And Discontinued Operation": NaN,
        "Total Expenses": NaN,
        "Total Operating Income As Reported": NaN,
        "Diluted Average Shares": NaN,
        "Basic Average Shares": NaN,
        "Diluted EPS": NaN,
        "Basic EPS": NaN,
        "Diluted NI Availto Com Stockholders": NaN,
        "Net Income Common Stockholders": NaN,
        "Net Income": NaN,
        "Net Income Including Noncontrolling Interests": NaN,
        "Net Income Continuous Operations": NaN,
        "Tax Provision": NaN,
        "Pretax Income": NaN,
        "Other Income Expense": -108900000.0,
        "Special Income Charges": -260800000.0,
        "Other Special Charges": 260800000.0,
        "Restructuring And Mergern Acquisition": 0.0,
        "Gain On Sale Of Security": 151900000.0,
        "Net Non Operating Interest Income Expense": NaN,
        "Total Other Finance Cost": NaN,
        "Interest Expense Non Operating": 3400000.0,
        "Interest Income Non Operating": NaN,
        "Operating Income": NaN,
        "Operating Expense": NaN,
        "Other Operating Expenses": NaN,
        "Research And Development": NaN,
        "Selling General And Administration": NaN,
        "Selling And Marketing Expense": NaN,
        "General And Administrative Expense": NaN,
        "Other Gand A": NaN,
        "Gross Profit": NaN,
        "Cost Of Revenue": NaN,
        "Total Revenue": NaN,
        "Operating Revenue": NaN
    },
    "2024-09-30": {
        "Tax Effect Of Unusual Items": -45948000.0,
        "Tax Rate For Calcs": 0.21,
        "Normalized EBITDA": 644300000.0,
        "Total Unusual Items": -218800000.0,
        "Total Unusual Items Excluding Goodwill": -218800000.0,
        "Net Income From Continuing Operation Net Minority Interest": 198100000.0,
        "Reconciled Depreciation": 44400000.0,
        "Reconciled Cost Of Revenue": 178900000.0,
        "EBITDA": 425500000.0,
        "EBIT": 381100000.0,
        "Net Interest Income": -3600000.0,
        "Interest Expense": 8000000.0,
        "Interest Income": 0.0,
        "Normalized Income": 370952000.0,
        "Net Income From Continuing And Discontinued Operation": 198100000.0,
        "Total Expenses": 863700000.0,
        "Total Operating Income As Reported": 10500000.0,
        "Diluted Average Shares": 244567901.0,
        "Basic Average Shares": 241585366.0,
        "Diluted EPS": 0.81,
        "Basic EPS": 0.82,
        "Diluted NI Availto Com Stockholders": 198100000.0,
        "Net Income Common Stockholders": 198100000.0,
        "Net Income": 198100000.0,
        "Net Income Including Noncontrolling Interests": 198100000.0,
        "Net Income Continuous Operations": 198100000.0,
        "Tax Provision": -39400000.0,
        "Pretax Income": 158700000.0,
        "Other Income Expense": -218800000.0,
        "Special Income Charges": -407100000.0,
        "Other Special Charges": 407100000.0,
        "Restructuring And Mergern Acquisition": 0.0,
        "Gain On Sale Of Security": 188300000.0,
        "Net Non Operating Interest Income Expense": -3600000.0,
        "Total Other Finance Cost": 3600000.0,
        "Interest Expense Non Operating": 8000000.0,
        "Interest Income Non Operating": 0.0,
        "Operating Income": 381100000.0,
        "Operating Expense": 684800000.0,
        "Other Operating Expenses": -16000000.0,
        "Research And Development": 550300000.0,
        "Selling General And Administration": 150500000.0,
        "Selling And Marketing Expense": 18100000.0,
        "General And Administrative Expense": 132400000.0,
        "Other Gand A": 132400000.0,
        "Gross Profit": 1065900000.0,
        "Cost Of Revenue": 178900000.0,
        "Total Revenue": 1244800000.0,
        "Operating Revenue": 1113900000.0
    },
    "2024-12-31": {
        "Tax Effect Of Unusual Items": 0.0,
        "Tax Rate For Calcs": 0.138446,
        "Normalized EBITDA": 464400000.0,
        "Total Unusual Items": NaN,
        "Total Unusual Items Excluding Goodwill": NaN,
        "Net Income From Continuing Operation Net Minority Interest": 259500000.0,
        "Reconciled Depreciation": 165400000.0,
        "Reconciled Cost Of Revenue": 243500000.0,
        "EBITDA": 464400000.0,
        "EBIT": 299000000.0,
        "Net Interest Income": -496600000.0,
        "Interest Expense": -2200000.0,
        "Interest Income": -61200000.0,
        "Normalized Income": 259500000.0,
        "Net Income From Continuing And Discontinued Operation": 259500000.0,
        "Total Expenses": 322800000.0,
        "Total Operating Income As Reported": 148600000.0,
        "Diluted Average Shares": 240277778.0,
        "Basic Average Shares": 240277778.0,
        "Diluted EPS": 1.08,
        "Basic EPS": 1.08,
        "Diluted NI Availto Com Stockholders": 259500000.0,
        "Net Income Common Stockholders": 259500000.0,
        "Net Income": 259500000.0,
        "Net Income Including Noncontrolling Interests": 259500000.0,
        "Net Income Continuous Operations": 259500000.0,
        "Tax Provision": 41700000.0,
        "Pretax Income": 301200000.0,
        "Other Income Expense": NaN,
        "Special Income Charges": NaN,
        "Other Special Charges": NaN,
        "Restructuring And Mergern Acquisition": NaN,
        "Gain On Sale Of Security": NaN,
        "Net Non Operating Interest Income Expense": -496600000.0,
        "Total Other Finance Cost": NaN,
        "Interest Expense Non Operating": -2200000.0,
        "Interest Income Non Operating": -61200000.0,
        "Operating Income": 867200000.0,
        "Operating Expense": 79300000.0,
        "Other Operating Expenses": -664600000.0,
        "Research And Development": 611800000.0,
        "Selling General And Administration": 132100000.0,
        "Selling And Marketing Expense": 21300000.0,
        "General And Administrative Expense": 110800000.0,
        "Other Gand A": 110800000.0,
        "Gross Profit": 946500000.0,
        "Cost Of Revenue": 243500000.0,
        "Total Revenue": 1190000000.0,
        "Operating Revenue": 871000000.0
    },
    "2025-03-31": {
        "Tax Effect Of Unusual Items": 0.0,
        "Tax Rate For Calcs": 0.066457,
        "Normalized EBITDA": -368700000.0,
        "Total Unusual Items": NaN,
        "Total Unusual Items Excluding Goodwill": NaN,
        "Net Income From Continuing Operation Net Minority Interest": -415800000.0,
        "Reconciled Depreciation": 42800000.0,
        "Reconciled Cost Of Revenue": 83800000.0,
        "EBITDA": -368700000.0,
        "EBIT": -411500000.0,
        "Net Interest Income": 88700000.0,
        "Interest Expense": 33900000.0,
        "Interest Income": 122600000.0,
        "Normalized Income": -415800000.0,
        "Net Income From Continuing And Discontinued Operation": -415800000.0,
        "Total Expenses": 716900000.0,
        "Total Operating Income As Reported": -534100000.0,
        "Diluted Average Shares": 240346821.0,
        "Basic Average Shares": 240346821.0,
        "Diluted EPS": -1.73,
        "Basic EPS": -1.73,
        "Diluted NI Availto Com Stockholders": -415800000.0,
        "Net Income Common Stockholders": -415800000.0,
        "Net Income": -415800000.0,
        "Net Income Including Noncontrolling Interests": -415800000.0,
        "Net Income Continuous Operations": -415800000.0,
        "Tax Provision": -29600000.0,
        "Pretax Income": -445400000.0,
        "Other Income Expense": NaN,
        "Special Income Charges": NaN,
        "Other Special Charges": NaN,
        "Restructuring And Mergern Acquisition": NaN,
        "Gain On Sale Of Security": NaN,
        "Net Non Operating Interest Income Expense": 88700000.0,
        "Total Other Finance Cost": NaN,
        "Interest Expense Non Operating": 33900000.0,
        "Interest Income Non Operating": 122600000.0,
        "Operating Income": -534100000.0,
        "Operating Expense": 633100000.0,
        "Other Operating Expenses": -13100000.0,
        "Research And Development": 525600000.0,
        "Selling General And Administration": 120600000.0,
        "Selling And Marketing Expense": 13700000.0,
        "General And Administrative Expense": 106900000.0,
        "Other Gand A": 106900000.0,
        "Gross Profit": 99000000.0,
        "Cost Of Revenue": 83800000.0,
        "Total Revenue": 182800000.0,
        "Operating Revenue": 182800000.0
    },
    "2025-06-30": {
        "Tax Effect Of Unusual Items": 0.0,
        "Tax Rate For Calcs": 0.03998,
        "Normalized EBITDA": -344700000.0,
        "Total Unusual Items": 79100000.0,
        "Total Unusual Items Excluding Goodwill": 79100000.0,
        "Net Income From Continuing Operation Net Minority Interest": -386600000.0,
        "Reconciled Depreciation": 51000000.0,
        "Reconciled Cost Of Revenue": 76400000.0,
        "EBITDA": -344700000.0,
        "EBIT": -395700000.0,
        "Net Interest Income": 98400000.0,
        "Interest Expense": 7000000.0,
        "Interest Income": 105400000.0,
        "Normalized Income": -386600000.0,
        "Net Income From Continuing And Discontinued Operation": -386600000.0,
        "Total Expenses": 761900000.0,
        "Total Operating Income As Reported": -501100000.0,
        "Diluted Average Shares": 240398724.0,
        "Basic Average Shares": 240398724.0,
        "Diluted EPS": -1.608162,
        "Basic EPS": -1.608162,
        "Diluted NI Availto Com Stockholders": -386600000.0,
        "Net Income Common Stockholders": -386600000.0,
        "Net Income": -386600000.0,
        "Net Income Including Noncontrolling Interests": -386600000.0,
        "Net Income Continuous Operations": -386600000.0,
        "Tax Provision": -16100000.0,
        "Pretax Income": -402700000.0,
        "Other Income Expense": 79100000.0,
        "Special Income Charges": -23400000.0,
        "Other Special Charges": 23400000.0,
        "Restructuring And Mergern Acquisition": 0.0,
        "Gain On Sale Of Security": 102500000.0,
        "Net Non Operating Interest Income Expense": 98400000.0,
        "Total Other Finance Cost": NaN,
        "Interest Expense Non Operating": 7000000.0,
        "Interest Income Non Operating": 105400000.0,
        "Operating Income": -501100000.0,
        "Operating Expense": 685500000.0,
        "Other Operating Expenses": 39000000.0,
        "Research And Development": 509100000.0,
        "Selling General And Administration": 137400000.0,
        "Selling And Marketing Expense": 19700000.0,
        "General And Administrative Expense": 117700000.0,
        "Other Gand A": 117700000.0,
        "Gross Profit": 184400000.0,
        "Cost Of Revenue": 76400000.0,
        "Total Revenue": 260800000.0,
        "Operating Revenue": 260800000.0
    },
    "2025-09-30": {
        "Tax Effect Of Unusual Items": -132069000.0,
        "Tax Rate For Calcs": 0.21,
        "Normalized EBITDA": 1407000000.0,
        "Total Unusual Items": -628900000.0,
        "Total Unusual Items Excluding Goodwill": -628900000.0,
        "Net Income From Continuing Operation Net Minority Interest": -28700000.0,
        "Reconciled Depreciation": 124200000.0,
        "Reconciled Cost Of Revenue": 148300000.0,
        "EBITDA": 778100000.0,
        "EBIT": 653900000.0,
        "Net Interest Income": -300000.0,
        "Interest Expense": NaN,
        "Interest Income": 100000.0,
        "Normalized Income": 468131000.0,
        "Net Income From Continuing And Discontinued Operation": -28700000.0,
        "Total Expenses": 865000000.0,
        "Total Operating Income As Reported": -46900000.0,
        "Diluted Average Shares": 239166667.0,
        "Basic Average Shares": 239166667.0,
        "Diluted EPS": -0.12,
        "Basic EPS": -0.12,
        "Diluted NI Availto Com Stockholders": -28700000.0,
        "Net Income Common Stockholders": -28700000.0,
        "Net Income": -28700000.0,
        "Net Income Including Noncontrolling Interests": -28700000.0,
        "Net Income Continuous Operations": -28700000.0,
        "Tax Provision": 53400000.0,
        "Pretax Income": 24700000.0,
        "Other Income Expense": -628900000.0,
        "Special Income Charges": -694500000.0,
        "Other Special Charges": 694500000.0,
        "Restructuring And Mergern Acquisition": 0.0,
        "Gain On Sale Of Security": 65600000.0,
        "Net Non Operating Interest Income Expense": -300000.0,
        "Total Other Finance Cost": 400000.0,
        "Interest Expense Non Operating": NaN,
        "Interest Income Non Operating": 100000.0,
        "Operating Income": 653900000.0,
        "Operating Expense": 716700000.0,
        "Other Operating Expenses": 3400000.0,
        "Research And Development": 564800000.0,
        "Selling General And Administration": 148500000.0,
        "Selling And Marketing Expense": 27300000.0,
        "General And Administrative Expense": 121200000.0,
        "Other Gand A": 121200000.0,
        "Gross Profit": 1370600000.0,
        "Cost Of Revenue": 148300000.0,
        "Total Revenue": 1518900000.0,
        "Operating Revenue": 1466300000.0
    }
}