{
    "2023-03-31": {
        "Tax Effect Of Unusual Items": NaN,
        "Tax Rate For Calcs": NaN,
        "Normalized EBITDA": NaN,
        "Total Unusual Items": NaN,
        "Total Unusual Items Excluding Goodwill": NaN,
        "Net Income From Continuing Operation Net Minority Interest": NaN,
        "Reconciled Depreciation": NaN,
        "Reconciled Cost Of Revenue": NaN,
        "EBITDA": NaN,
        "EBIT": NaN,
        "Net Interest Income": NaN,
        "Interest Expense": NaN,
        "Interest Income": NaN,
        "Normalized Income": NaN,
        "Net Income From Continuing And Discontinued Operation": NaN,
        "Total Expenses": NaN,
        "Total Operating Income As Reported": NaN,
        "Diluted Average Shares": NaN,
        "Basic Average Shares": NaN,
        "Diluted EPS": NaN,
        "Basic EPS": NaN,
        "Diluted NI Availto Com Stockholders": NaN,
        "Net Income Common Stockholders": NaN,
        "Net Income": NaN,
        "Minority Interests": NaN,
        "Net Income Including Noncontrolling Interests": NaN,
        "Net Income Continuous Operations": NaN,
        "Tax Provision": NaN,
        "Pretax Income": NaN,
        "Other Income Expense": NaN,
        "Special Income Charges": NaN,
        "Gain On Sale Of Ppe": NaN,
        "Gain On Sale Of Business": 0.0,
        "Earnings From Equity Interest": NaN,
        "Gain On Sale Of Security": NaN,
        "Net Non Operating Interest Income Expense": NaN,
        "Interest Expense Non Operating": NaN,
        "Interest Income Non Operating": NaN,
        "Operating Income": NaN,
        "Operating Expense": NaN,
        "Other Operating Expenses": NaN,
        "Depreciation Amortization Depletion Income Statement": NaN,
        "Depreciation And Amortization In Income Statement": NaN,
        "Amortization": NaN,
        "Amortization Of Intangibles Income Statement": NaN,
        "Depreciation Income Statement": NaN,
        "Selling General And Administration": NaN,
        "General And Administrative Expense": NaN,
        "Other Gand A": NaN,
        "Salaries And Wages": NaN,
        "Gross Profit": NaN,
        "Cost Of Revenue": NaN,
        "Total Revenue": NaN,
        "Operating Revenue": NaN
    },
    "2022-12-31": {
        "Tax Effect Of Unusual Items": NaN,
        "Tax Rate For Calcs": NaN,
        "Normalized EBITDA": NaN,
        "Total Unusual Items": NaN,
        "Total Unusual Items Excluding Goodwill": NaN,
        "Net Income From Continuing Operation Net Minority Interest": NaN,
        "Reconciled Depreciation": NaN,
        "Reconciled Cost Of Revenue": NaN,
        "EBITDA": NaN,
        "EBIT": NaN,
        "Net Interest Income": NaN,
        "Interest Expense": NaN,
        "Interest Income": NaN,
        "Normalized Income": NaN,
        "Net Income From Continuing And Discontinued Operation": NaN,
        "Total Expenses": NaN,
        "Total Operating Income As Reported": NaN,
        "Diluted Average Shares": NaN,
        "Basic Average Shares": NaN,
        "Diluted EPS": NaN,
        "Basic EPS": NaN,
        "Diluted NI Availto Com Stockholders": NaN,
        "Net Income Common Stockholders": NaN,
        "Net Income": NaN,
        "Minority Interests": NaN,
        "Net Income Including Noncontrolling Interests": NaN,
        "Net Income Continuous Operations": NaN,
        "Tax Provision": NaN,
        "Pretax Income": NaN,
        "Other Income Expense": NaN,
        "Special Income Charges": NaN,
        "Gain On Sale Of Ppe": NaN,
        "Gain On Sale Of Business": 0.0,
        "Earnings From Equity Interest": NaN,
        "Gain On Sale Of Security": NaN,
        "Net Non Operating Interest Income Expense": NaN,
        "Interest Expense Non Operating": NaN,
        "Interest Income Non Operating": NaN,
        "Operating Income": NaN,
        "Operating Expense": NaN,
        "Other Operating Expenses": NaN,
        "Depreciation Amortization Depletion Income Statement": NaN,
        "Depreciation And Amortization In Income Statement": NaN,
        "Amortization": NaN,
        "Amortization Of Intangibles Income Statement": NaN,
        "Depreciation Income Statement": NaN,
        "Selling General And Administration": NaN,
        "General And Administrative Expense": NaN,
        "Other Gand A": NaN,
        "Salaries And Wages": NaN,
        "Gross Profit": NaN,
        "Cost Of Revenue": NaN,
        "Total Revenue": NaN,
        "Operating Revenue": NaN
    },
    "2022-09-30": {
        "Tax Effect Of Unusual Items": NaN,
        "Tax Rate For Calcs": NaN,
        "Normalized EBITDA": NaN,
        "Total Unusual Items": NaN,
        "Total Unusual Items Excluding Goodwill": NaN,
        "Net Income From Continuing Operation Net Minority Interest": NaN,
        "Reconciled Depreciation": NaN,
        "Reconciled Cost Of Revenue": NaN,
        "EBITDA": NaN,
        "EBIT": NaN,
        "Net Interest Income": NaN,
        "Interest Expense": NaN,
        "Interest Income": 149324.0,
        "Normalized Income": NaN,
        "Net Income From Continuing And Discontinued Operation": NaN,
        "Total Expenses": NaN,
        "Total Operating Income As Reported": NaN,
        "Diluted Average Shares": 29698361.0,
        "Basic Average Shares": 29698361.0,
        "Diluted EPS": -0.05,
        "Basic EPS": -0.05,
        "Diluted NI Availto Com Stockholders": NaN,
        "Net Income Common Stockholders": NaN,
        "Net Income": NaN,
        "Minority Interests": NaN,
        "Net Income Including Noncontrolling Interests": NaN,
        "Net Income Continuous Operations": NaN,
        "Tax Provision": NaN,
        "Pretax Income": NaN,
        "Other Income Expense": NaN,
        "Special Income Charges": NaN,
        "Gain On Sale Of Ppe": NaN,
        "Gain On Sale Of Business": NaN,
        "Earnings From Equity Interest": NaN,
        "Gain On Sale Of Security": NaN,
        "Net Non Operating Interest Income Expense": NaN,
        "Interest Expense Non Operating": NaN,
        "Interest Income Non Operating": 149324.0,
        "Operating Income": NaN,
        "Operating Expense": NaN,
        "Other Operating Expenses": NaN,
        "Depreciation Amortization Depletion Income Statement": NaN,
        "Depreciation And Amortization In Income Statement": NaN,
        "Amortization": NaN,
        "Amortization Of Intangibles Income Statement": NaN,
        "Depreciation Income Statement": NaN,
        "Selling General And Administration": NaN,
        "General And Administrative Expense": NaN,
        "Other Gand A": NaN,
        "Salaries And Wages": NaN,
        "Gross Profit": NaN,
        "Cost Of Revenue": NaN,
        "Total Revenue": NaN,
        "Operating Revenue": NaN
    },
    "2022-06-30": {
        "Tax Effect Of Unusual Items": -4641146.530548,
        "Tax Rate For Calcs": 0.273561,
        "Normalized EBITDA": 6896520.0,
        "Total Unusual Items": -16965657.0,
        "Total Unusual Items Excluding Goodwill": -16965657.0,
        "Net Income From Continuing Operation Net Minority Interest": -11496339.0,
        "Reconciled Depreciation": 5121982.0,
        "Reconciled Cost Of Revenue": 5342095.0,
        "EBITDA": -10069137.0,
        "EBIT": -15191119.0,
        "Net Interest Income": -230444.0,
        "Interest Expense": 303531.0,
        "Interest Income": 73087.0,
        "Normalized Income": 828171.469452,
        "Net Income From Continuing And Discontinued Operation": -11496339.0,
        "Total Expenses": 21579904.0,
        "Total Operating Income As Reported": -716982.0,
        "Diluted Average Shares": 29698361.0,
        "Basic Average Shares": 29698361.0,
        "Diluted EPS": -0.39,
        "Basic EPS": -0.39,
        "Diluted NI Availto Com Stockholders": -11496339.0,
        "Net Income Common Stockholders": -11496339.0,
        "Net Income": -11496339.0,
        "Minority Interests": -240425.0,
        "Net Income Including Noncontrolling Interests": -11255914.0,
        "Net Income Continuous Operations": -11255914.0,
        "Tax Provision": -4238736.0,
        "Pretax Income": -15494650.0,
        "Other Income Expense": -14579318.0,
        "Special Income Charges": -32094.0,
        "Gain On Sale Of Ppe": -32094.0,
        "Gain On Sale Of Business": 0.0,
        "Earnings From Equity Interest": 2386339.0,
        "Gain On Sale Of Security": -16933563.0,
        "Net Non Operating Interest Income Expense": -230444.0,
        "Interest Expense Non Operating": 303531.0,
        "Interest Income Non Operating": 73087.0,
        "Operating Income": -684888.0,
        "Operating Expense": 14852516.0,
        "Other Operating Expenses": 50924.0,
        "Depreciation Amortization Depletion Income Statement": 3736689.0,
        "Depreciation And Amortization In Income Statement": 3736689.0,
        "Amortization": 1723773.0,
        "Amortization Of Intangibles Income Statement": 1723773.0,
        "Depreciation Income Statement": 2012916.0,
        "Selling General And Administration": 11064903.0,
        "General And Administrative Expense": 11064903.0,
        "Other Gand A": 4492617.0,
        "Salaries And Wages": 6572286.0,
        "Gross Profit": 14167628.0,
        "Cost Of Revenue": 6727388.0,
        "Total Revenue": 20895016.0,
        "Operating Revenue": 20895016.0
    },
    "2022-03-31": {
        "Diluted EPS": 0.55,
        "Total Revenue": 16,
        "Gross Profit": 5,
        "Operating Income": -2,
        "EBIT": 2,
        "Net Income": 16
    },
    "2021-12-31": {
        "Diluted EPS": -0.67,
        "Total Revenue": 15,
        "Gross Profit": -10,
        "Operating Income": -18,
        "EBIT": -15,
        "Net Income": -14
    },
    "2021-09-30": {
        "Diluted EPS": -0.89,
        "Total Revenue": 14,
        "Gross Profit": 5,
        "Operating Income": -3,
        "EBIT": 1,
        "Net Income": -26
    },
    "2021-06-30": {
        "Diluted EPS": 0.29,
        "Total Revenue": 14,
        "Gross Profit": 5,
        "Operating Income": -1,
        "EBIT": 3,
        "Net Income": 9
    },
    "2021-03-31": {
        "Diluted EPS": 3.09,
        "Total Revenue": 13,
        "Gross Profit": 4,
        "Operating Income": -1,
        "EBIT": 2,
        "Net Income": 84
    },
    "2020-12-31": {
        "Diluted EPS": 0.78,
        "Total Revenue": 11,
        "Gross Profit": 3,
        "Operating Income": -2,
        "EBIT": 1,
        "Net Income": 18
    },
    "2020-09-30": {
        "Diluted EPS": 0.13,
        "Total Revenue": 12,
        "Gross Profit": 4,
        "Operating Income": -1,
        "EBIT": 2,
        "Net Income": 3
    },
    "2020-06-30": {
        "Diluted EPS": 0.14,
        "Total Revenue": 11,
        "Gross Profit": 3,
        "Operating Income": -1,
        "EBIT": 2,
        "Net Income": 3
    },
    "2020-03-31": {
        "Diluted EPS": -1.05,
        "Total Revenue": 11,
        "Gross Profit": 4,
        "Operating Income": -1,
        "EBIT": 2,
        "Net Income": -25
    },
    "2019-12-31": {
        "Diluted EPS": 0.17,
        "Total Revenue": 11,
        "Gross Profit": 4,
        "Operating Income": -1,
        "EBIT": 2,
        "Net Income": 4
    },
    "2019-09-30": {
        "Diluted EPS": 0.03,
        "Total Revenue": 11,
        "Gross Profit": 3,
        "Operating Income": -4,
        "EBIT": 1,
        "Net Income": 1
    },
    "2019-06-30": {
        "Diluted EPS": -0.09,
        "Total Revenue": 10,
        "Gross Profit": 3,
        "Operating Income": -3,
        "EBIT": 1,
        "Net Income": -2
    },
    "2019-03-31": {
        "Diluted EPS": -0.18,
        "Total Revenue": 9,
        "Gross Profit": 2,
        "Operating Income": -5,
        "EBIT": 0,
        "Net Income": -4
    },
    "2018-12-31": {
        "Diluted EPS": -0.16,
        "Total Revenue": 9,
        "Gross Profit": 2,
        "Operating Income": -4,
        "EBIT": 0,
        "Net Income": -4
    },
    "2018-09-30": {
        "Diluted EPS": -0.09,
        "Total Revenue": 5,
        "Gross Profit": 1,
        "Operating Income": -3,
        "EBIT": -1,
        "Net Income": -2
    },
    "2018-06-30": {
        "Diluted EPS": -0.08,
        "Total Revenue": 3,
        "Gross Profit": 0,
        "Operating Income": -3,
        "EBIT": -2,
        "Net Income": -2
    },
    "2018-03-31": {
        "Diluted EPS": -0.13,
        "Total Revenue": 3,
        "Gross Profit": 0,
        "Operating Income": -3,
        "EBIT": -2,
        "Net Income": -2
    },
    "2017-12-31": {
        "Diluted EPS": -0.15,
        "Total Revenue": 3,
        "Gross Profit": 0,
        "Operating Income": -3,
        "EBIT": -1,
        "Net Income": -2
    },
    "2017-09-30": {
        "Diluted EPS": -0.11,
        "Total Revenue": 2,
        "Gross Profit": 0,
        "Operating Income": -2,
        "EBIT": -1,
        "Net Income": -2
    },
    "2017-06-30": {
        "Diluted EPS": -0.18,
        "Total Revenue": 2,
        "Gross Profit": 0,
        "Operating Income": -1,
        "EBIT": -1,
        "Net Income": -1
    },
    "2017-03-31": {
        "Diluted EPS": -0.16,
        "Total Revenue": 2,
        "Gross Profit": 0,
        "Operating Income": -1,
        "EBIT": -1,
        "Net Income": -1
    },
    "2016-12-31": {
        "Diluted EPS": -0.12,
        "Total Revenue": 1,
        "Gross Profit": 0,
        "Operating Income": -1,
        "EBIT": -1,
        "Net Income": -1
    },
    "2016-09-30": {
        "Diluted EPS": -0.11,
        "Total Revenue": 1,
        "Gross Profit": 0,
        "Operating Income": -1,
        "EBIT": 0,
        "Net Income": -1
    },
    "2016-06-30": {
        "Diluted EPS": -0.11,
        "Total Revenue": 1,
        "Gross Profit": 0,
        "Operating Income": -1,
        "EBIT": 0,
        "Net Income": -1
    },
    "2016-03-31": {
        "Diluted EPS": -0.19,
        "Total Revenue": 1,
        "Gross Profit": 0,
        "Operating Income": -1,
        "EBIT": 0,
        "Net Income": -1
    },
    "2015-12-31": {
        "Diluted EPS": 0.16,
        "Total Revenue": 0,
        "Gross Profit": 0,
        "Operating Income": 0,
        "EBIT": 0,
        "Net Income": 0
    },
    "2015-09-30": {
        "Diluted EPS": -0.18,
        "Total Revenue": 0,
        "Gross Profit": 0,
        "Operating Income": 0,
        "EBIT": 0,
        "Net Income": 0
    },
    "2015-06-30": {
        "Diluted EPS": -0.44,
        "Total Revenue": NaN,
        "Gross Profit": NaN,
        "Operating Income": 0,
        "EBIT": 0,
        "Net Income": 0
    },
    "2015-03-31": {
        "Diluted EPS": -0.25,
        "Total Revenue": 0,
        "Gross Profit": 0,
        "Operating Income": 0,
        "EBIT": 0,
        "Net Income": 0
    },
    "2014-12-31": {
        "Diluted EPS": -0.1,
        "Total Revenue": 0,
        "Gross Profit": 0,
        "Operating Income": 0,
        "EBIT": 0,
        "Net Income": 0
    },
    "2014-09-30": {
        "Diluted EPS": -0.06,
        "Total Revenue": 0,
        "Gross Profit": 0,
        "Operating Income": 0,
        "EBIT": 0,
        "Net Income": 0
    },
    "2014-06-30": {
        "Diluted EPS": -0.07,
        "Total Revenue": 0,
        "Gross Profit": 0,
        "Operating Income": 0,
        "EBIT": 0,
        "Net Income": 0
    },
    "2014-03-31": {
        "Diluted EPS": -0.02,
        "Total Revenue": 0,
        "Gross Profit": 0,
        "Operating Income": 0,
        "EBIT": 0,
        "Net Income": 0
    },
    "2013-12-31": {
        "Diluted EPS": 0.0,
        "Total Revenue": 0,
        "Gross Profit": 0,
        "Operating Income": 0,
        "EBIT": 0,
        "Net Income": 0
    },
    "2013-09-30": {
        "Diluted EPS": -0.01,
        "Total Revenue": 0,
        "Gross Profit": 0,
        "Operating Income": 0,
        "EBIT": 0,
        "Net Income": 0
    },
    "2013-06-30": {
        "Diluted EPS": -0.01,
        "Total Revenue": NaN,
        "Gross Profit": NaN,
        "Operating Income": 0,
        "EBIT": 0,
        "Net Income": 0
    },
    "2013-03-31": {
        "Diluted EPS": -0.02,
        "Total Revenue": NaN,
        "Gross Profit": NaN,
        "Operating Income": 0,
        "EBIT": 0,
        "Net Income": 0
    },
    "2012-12-31": {
        "Diluted EPS": -0.01,
        "Total Revenue": NaN,
        "Gross Profit": NaN,
        "Operating Income": 0,
        "EBIT": 0,
        "Net Income": 0
    },
    "2012-09-30": {
        "Diluted EPS": -0.01,
        "Total Revenue": NaN,
        "Gross Profit": NaN,
        "Operating Income": 0,
        "EBIT": 0,
        "Net Income": 0
    },
    "2012-06-30": {
        "Diluted EPS": -0.02,
        "Total Revenue": NaN,
        "Gross Profit": NaN,
        "Operating Income": 0,
        "EBIT": 0,
        "Net Income": 0
    },
    "2012-03-31": {
        "Diluted EPS": -0.01,
        "Total Revenue": NaN,
        "Gross Profit": NaN,
        "Operating Income": 0,
        "EBIT": 0,
        "Net Income": 0
    },
    "2011-12-31": {
        "Diluted EPS": 0.0,
        "Total Revenue": NaN,
        "Gross Profit": NaN,
        "Operating Income": NaN,
        "EBIT": NaN,
        "Net Income": NaN
    },
    "2011-09-30": {
        "Diluted EPS": -0.01,
        "Total Revenue": NaN,
        "Gross Profit": NaN,
        "Operating Income": 0,
        "EBIT": 0,
        "Net Income": 0
    },
    "2023-06-30": {
        "Tax Effect Of Unusual Items": NaN,
        "Tax Rate For Calcs": NaN,
        "Normalized EBITDA": NaN,
        "Total Unusual Items": NaN,
        "Total Unusual Items Excluding Goodwill": NaN,
        "Net Income From Continuing Operation Net Minority Interest": NaN,
        "Reconciled Depreciation": NaN,
        "Reconciled Cost Of Revenue": NaN,
        "EBITDA": NaN,
        "EBIT": NaN,
        "Net Interest Income": NaN,
        "Interest Expense": NaN,
        "Interest Income": NaN,
        "Normalized Income": NaN,
        "Net Income From Continuing And Discontinued Operation": NaN,
        "Total Expenses": NaN,
        "Total Operating Income As Reported": NaN,
        "Diluted Average Shares": 31281828.0,
        "Basic Average Shares": 31225719.0,
        "Diluted EPS": 0.05,
        "Basic EPS": 0.05,
        "Diluted NI Availto Com Stockholders": NaN,
        "Net Income Common Stockholders": NaN,
        "Net Income": NaN,
        "Minority Interests": NaN,
        "Net Income Including Noncontrolling Interests": NaN,
        "Net Income Continuous Operations": NaN,
        "Tax Provision": NaN,
        "Pretax Income": NaN,
        "Other Income Expense": NaN,
        "Special Income Charges": NaN,
        "Gain On Sale Of Ppe": NaN,
        "Gain On Sale Of Business": 0.0,
        "Earnings From Equity Interest": NaN,
        "Gain On Sale Of Security": NaN,
        "Net Non Operating Interest Income Expense": NaN,
        "Interest Expense Non Operating": NaN,
        "Interest Income Non Operating": NaN,
        "Operating Income": NaN,
        "Operating Expense": NaN,
        "Other Operating Expenses": NaN,
        "Depreciation Amortization Depletion Income Statement": NaN,
        "Depreciation And Amortization In Income Statement": NaN,
        "Amortization": NaN,
        "Amortization Of Intangibles Income Statement": NaN,
        "Depreciation Income Statement": NaN,
        "Selling General And Administration": NaN,
        "General And Administrative Expense": NaN,
        "Other Gand A": NaN,
        "Salaries And Wages": NaN,
        "Gross Profit": NaN,
        "Cost Of Revenue": NaN,
        "Total Revenue": NaN,
        "Operating Revenue": NaN
    },
    "2023-09-30": {
        "Tax Effect Of Unusual Items": NaN,
        "Tax Rate For Calcs": NaN,
        "Normalized EBITDA": NaN,
        "Total Unusual Items": NaN,
        "Total Unusual Items Excluding Goodwill": NaN,
        "Net Income From Continuing Operation Net Minority Interest": NaN,
        "Reconciled Depreciation": NaN,
        "Reconciled Cost Of Revenue": NaN,
        "EBITDA": NaN,
        "EBIT": NaN,
        "Net Interest Income": NaN,
        "Interest Expense": NaN,
        "Interest Income": NaN,
        "Normalized Income": NaN,
        "Net Income From Continuing And Discontinued Operation": NaN,
        "Total Expenses": NaN,
        "Total Operating Income As Reported": NaN,
        "Diluted Average Shares": 31370760.0,
        "Basic Average Shares": 31370760.0,
        "Diluted EPS": -0.05,
        "Basic EPS": -0.05,
        "Diluted NI Availto Com Stockholders": NaN,
        "Net Income Common Stockholders": NaN,
        "Net Income": NaN,
        "Minority Interests": NaN,
        "Net Income Including Noncontrolling Interests": NaN,
        "Net Income Continuous Operations": NaN,
        "Tax Provision": NaN,
        "Pretax Income": NaN,
        "Other Income Expense": NaN,
        "Special Income Charges": NaN,
        "Gain On Sale Of Ppe": NaN,
        "Gain On Sale Of Business": 0.0,
        "Earnings From Equity Interest": NaN,
        "Gain On Sale Of Security": NaN,
        "Net Non Operating Interest Income Expense": NaN,
        "Interest Expense Non Operating": NaN,
        "Interest Income Non Operating": NaN,
        "Operating Income": NaN,
        "Operating Expense": NaN,
        "Other Operating Expenses": NaN,
        "Depreciation Amortization Depletion Income Statement": NaN,
        "Depreciation And Amortization In Income Statement": NaN,
        "Amortization": NaN,
        "Amortization Of Intangibles Income Statement": NaN,
        "Depreciation Income Statement": NaN,
        "Selling General And Administration": NaN,
        "General And Administrative Expense": NaN,
        "Other Gand A": NaN,
        "Salaries And Wages": NaN,
        "Gross Profit": NaN,
        "Cost Of Revenue": NaN,
        "Total Revenue": NaN,
        "Operating Revenue": NaN
    },
    "2023-12-31": {
        "Tax Effect Of Unusual Items": NaN,
        "Tax Rate For Calcs": NaN,
        "Normalized EBITDA": NaN,
        "Total Unusual Items": NaN,
        "Total Unusual Items Excluding Goodwill": NaN,
        "Net Income From Continuing Operation Net Minority Interest": NaN,
        "Reconciled Depreciation": NaN,
        "Reconciled Cost Of Revenue": NaN,
        "EBITDA": NaN,
        "EBIT": NaN,
        "Net Interest Income": NaN,
        "Interest Expense": NaN,
        "Interest Income": NaN,
        "Normalized Income": NaN,
        "Net Income From Continuing And Discontinued Operation": NaN,
        "Total Expenses": NaN,
        "Total Operating Income As Reported": NaN,
        "Diluted Average Shares": NaN,
        "Basic Average Shares": NaN,
        "Diluted EPS": NaN,
        "Basic EPS": NaN,
        "Diluted NI Availto Com Stockholders": NaN,
        "Net Income Common Stockholders": NaN,
        "Net Income": NaN,
        "Minority Interests": NaN,
        "Net Income Including Noncontrolling Interests": NaN,
        "Net Income Continuous Operations": NaN,
        "Tax Provision": NaN,
        "Pretax Income": NaN,
        "Other Income Expense": NaN,
        "Special Income Charges": NaN,
        "Gain On Sale Of Ppe": NaN,
        "Gain On Sale Of Business": 0.0,
        "Earnings From Equity Interest": NaN,
        "Gain On Sale Of Security": NaN,
        "Net Non Operating Interest Income Expense": NaN,
        "Interest Expense Non Operating": NaN,
        "Interest Income Non Operating": NaN,
        "Operating Income": NaN,
        "Operating Expense": NaN,
        "Other Operating Expenses": NaN,
        "Depreciation Amortization Depletion Income Statement": NaN,
        "Depreciation And Amortization In Income Statement": NaN,
        "Amortization": NaN,
        "Amortization Of Intangibles Income Statement": NaN,
        "Depreciation Income Statement": NaN,
        "Selling General And Administration": NaN,
        "General And Administrative Expense": NaN,
        "Other Gand A": NaN,
        "Salaries And Wages": NaN,
        "Gross Profit": NaN,
        "Cost Of Revenue": NaN,
        "Total Revenue": NaN,
        "Operating Revenue": NaN
    },
    "2024-03-31": {
        "Tax Effect Of Unusual Items": NaN,
        "Tax Rate For Calcs": NaN,
        "Normalized EBITDA": NaN,
        "Total Unusual Items": NaN,
        "Total Unusual Items Excluding Goodwill": NaN,
        "Net Income From Continuing Operation Net Minority Interest": NaN,
        "Reconciled Depreciation": NaN,
        "Reconciled Cost Of Revenue": NaN,
        "EBITDA": NaN,
        "EBIT": NaN,
        "Net Interest Income": NaN,
        "Interest Expense": NaN,
        "Interest Income": NaN,
        "Normalized Income": NaN,
        "Net Income From Continuing And Discontinued Operation": NaN,
        "Total Expenses": NaN,
        "Total Operating Income As Reported": NaN,
        "Diluted Average Shares": 31331597.0,
        "Basic Average Shares": 31331597.0,
        "Diluted EPS": -0.09,
        "Basic EPS": -0.09,
        "Diluted NI Availto Com Stockholders": NaN,
        "Net Income Common Stockholders": NaN,
        "Net Income": NaN,
        "Minority Interests": NaN,
        "Net Income Including Noncontrolling Interests": NaN,
        "Net Income Continuous Operations": NaN,
        "Tax Provision": NaN,
        "Pretax Income": NaN,
        "Other Income Expense": NaN,
        "Special Income Charges": NaN,
        "Gain On Sale Of Ppe": NaN,
        "Earnings From Equity Interest": NaN,
        "Gain On Sale Of Security": NaN,
        "Net Non Operating Interest Income Expense": NaN,
        "Interest Expense Non Operating": NaN,
        "Interest Income Non Operating": NaN,
        "Operating Income": NaN,
        "Operating Expense": NaN,
        "Other Operating Expenses": NaN,
        "Depreciation Amortization Depletion Income Statement": NaN,
        "Depreciation And Amortization In Income Statement": NaN,
        "Amortization": NaN,
        "Amortization Of Intangibles Income Statement": NaN,
        "Depreciation Income Statement": NaN,
        "Selling General And Administration": NaN,
        "General And Administrative Expense": NaN,
        "Other Gand A": NaN,
        "Salaries And Wages": NaN,
        "Gross Profit": NaN,
        "Cost Of Revenue": NaN,
        "Total Revenue": NaN,
        "Operating Revenue": NaN
    },
    "2024-06-30": {
        "Tax Effect Of Unusual Items": NaN,
        "Tax Rate For Calcs": NaN,
        "Normalized EBITDA": NaN,
        "Total Unusual Items": NaN,
        "Total Unusual Items Excluding Goodwill": NaN,
        "Net Income From Continuing Operation Net Minority Interest": NaN,
        "Reconciled Depreciation": NaN,
        "Reconciled Cost Of Revenue": NaN,
        "EBITDA": NaN,
        "EBIT": NaN,
        "Net Interest Income": NaN,
        "Interest Expense": NaN,
        "Interest Income": NaN,
        "Normalized Income": NaN,
        "Net Income From Continuing And Discontinued Operation": NaN,
        "Total Expenses": NaN,
        "Total Operating Income As Reported": NaN,
        "Diluted Average Shares": 31853692.0,
        "Basic Average Shares": 31853692.0,
        "Diluted EPS": -0.07,
        "Basic EPS": -0.07,
        "Diluted NI Availto Com Stockholders": NaN,
        "Net Income Common Stockholders": NaN,
        "Net Income": NaN,
        "Minority Interests": NaN,
        "Net Income Including Noncontrolling Interests": NaN,
        "Net Income Continuous Operations": NaN,
        "Tax Provision": NaN,
        "Pretax Income": NaN,
        "Other Income Expense": NaN,
        "Special Income Charges": NaN,
        "Gain On Sale Of Ppe": NaN,
        "Earnings From Equity Interest": NaN,
        "Gain On Sale Of Security": NaN,
        "Net Non Operating Interest Income Expense": NaN,
        "Interest Expense Non Operating": NaN,
        "Interest Income Non Operating": NaN,
        "Operating Income": NaN,
        "Operating Expense": NaN,
        "Other Operating Expenses": NaN,
        "Depreciation Amortization Depletion Income Statement": NaN,
        "Depreciation And Amortization In Income Statement": NaN,
        "Amortization": NaN,
        "Amortization Of Intangibles Income Statement": NaN,
        "Depreciation Income Statement": NaN,
        "Selling General And Administration": NaN,
        "General And Administrative Expense": NaN,
        "Other Gand A": NaN,
        "Salaries And Wages": NaN,
        "Gross Profit": NaN,
        "Cost Of Revenue": NaN,
        "Total Revenue": NaN,
        "Operating Revenue": NaN
    },
    "2024-09-30": {
        "Tax Effect Of Unusual Items": 2489188.388767,
        "Tax Rate For Calcs": 0.295223,
        "Normalized EBITDA": -2784259.0,
        "Total Unusual Items": 8431564.0,
        "Total Unusual Items Excluding Goodwill": 8431564.0,
        "Net Income From Continuing Operation Net Minority Interest": -1595136.0,
        "Reconciled Depreciation": 6986466.0,
        "Reconciled Cost Of Revenue": 7699258.0,
        "EBITDA": 5647305.0,
        "EBIT": -1339161.0,
        "Net Interest Income": -135117.0,
        "Interest Expense": 466744.0,
        "Interest Income": 331627.0,
        "Normalized Income": -7537511.611233,
        "Net Income From Continuing And Discontinued Operation": -1595136.0,
        "Total Expenses": 28444505.0,
        "Total Operating Income As Reported": -740022.0,
        "Diluted Average Shares": 31432515.0,
        "Basic Average Shares": 31432515.0,
        "Diluted EPS": -0.05,
        "Basic EPS": -0.05,
        "Diluted NI Availto Com Stockholders": -1595136.0,
        "Net Income Common Stockholders": -1595136.0,
        "Net Income": -1595136.0,
        "Minority Interests": -322375.0,
        "Net Income Including Noncontrolling Interests": -1272761.0,
        "Net Income Continuous Operations": -1272761.0,
        "Tax Provision": -533144.0,
        "Pretax Income": -1805905.0,
        "Other Income Expense": -927219.0,
        "Special Income Charges": 3547.0,
        "Gain On Sale Of Ppe": 3547.0,
        "Earnings From Equity Interest": -9358783.0,
        "Gain On Sale Of Security": 8428017.0,
        "Net Non Operating Interest Income Expense": -135117.0,
        "Interest Expense Non Operating": 466744.0,
        "Interest Income Non Operating": 331627.0,
        "Operating Income": -743569.0,
        "Operating Expense": 19432443.0,
        "Other Operating Expenses": 55000.0,
        "Depreciation Amortization Depletion Income Statement": 5673662.0,
        "Depreciation And Amortization In Income Statement": 5673662.0,
        "Amortization": 1975174.0,
        "Amortization Of Intangibles Income Statement": 1975174.0,
        "Depreciation Income Statement": 3698488.0,
        "Selling General And Administration": 13703781.0,
        "General And Administrative Expense": 13703781.0,
        "Other Gand A": 5391899.0,
        "Salaries And Wages": 8311882.0,
        "Gross Profit": 18688874.0,
        "Cost Of Revenue": 9012062.0,
        "Total Revenue": 27700936.0,
        "Operating Revenue": 27700936.0
    },
    "2024-12-31": {
        "Tax Effect Of Unusual Items": 1387381.895967,
        "Tax Rate For Calcs": 0.109434,
        "Normalized EBITDA": 6169362.0,
        "Total Unusual Items": 12677747.0,
        "Total Unusual Items Excluding Goodwill": 12677747.0,
        "Net Income From Continuing Operation Net Minority Interest": 5345986.0,
        "Reconciled Depreciation": 7240057.0,
        "Reconciled Cost Of Revenue": 6993588.0,
        "EBITDA": 18847109.0,
        "EBIT": 11607052.0,
        "Net Interest Income": -279859.0,
        "Interest Expense": 481101.0,
        "Interest Income": 201242.0,
        "Normalized Income": -5944379.104033,
        "Net Income From Continuing And Discontinued Operation": 5345986.0,
        "Total Expenses": 28495118.0,
        "Total Operating Income As Reported": -1272560.0,
        "Diluted Average Shares": NaN,
        "Basic Average Shares": NaN,
        "Diluted EPS": NaN,
        "Basic EPS": NaN,
        "Diluted NI Availto Com Stockholders": 5345986.0,
        "Net Income Common Stockholders": 5345986.0,
        "Net Income": 5345986.0,
        "Minority Interests": -4562403.0,
        "Net Income Including Noncontrolling Interests": 9908389.0,
        "Net Income Continuous Operations": 9908389.0,
        "Tax Provision": 1217562.0,
        "Pretax Income": 11125951.0,
        "Other Income Expense": 11967477.0,
        "Special Income Charges": -710893.0,
        "Gain On Sale Of Ppe": -710893.0,
        "Earnings From Equity Interest": -710270.0,
        "Gain On Sale Of Security": 13388640.0,
        "Net Non Operating Interest Income Expense": -279859.0,
        "Interest Expense Non Operating": 481101.0,
        "Interest Income Non Operating": 201242.0,
        "Operating Income": -561667.0,
        "Operating Expense": 19973243.0,
        "Other Operating Expenses": 54667.0,
        "Depreciation Amortization Depletion Income Statement": 5711770.0,
        "Depreciation And Amortization In Income Statement": 5711770.0,
        "Amortization": 1937950.0,
        "Amortization Of Intangibles Income Statement": 1937950.0,
        "Depreciation Income Statement": 3773820.0,
        "Selling General And Administration": 14206806.0,
        "General And Administrative Expense": 14206806.0,
        "Other Gand A": 4825343.0,
        "Salaries And Wages": 9381463.0,
        "Gross Profit": 19411576.0,
        "Cost Of Revenue": 8521875.0,
        "Total Revenue": 27933451.0,
        "Operating Revenue": 27933451.0
    },
    "2025-03-31": {
        "Tax Effect Of Unusual Items": 43776.364801,
        "Tax Rate For Calcs": 0.071497,
        "Normalized EBITDA": 4684813.0,
        "Total Unusual Items": 612286.0,
        "Total Unusual Items Excluding Goodwill": 612286.0,
        "Net Income From Continuing Operation Net Minority Interest": -669285.0,
        "Reconciled Depreciation": 7369979.0,
        "Reconciled Cost Of Revenue": 7648968.0,
        "EBITDA": 5297099.0,
        "EBIT": -2072880.0,
        "Net Interest Income": -238802.0,
        "Interest Expense": 541720.0,
        "Interest Income": 302918.0,
        "Normalized Income": -1237794.635199,
        "Net Income From Continuing And Discontinued Operation": -669285.0,
        "Total Expenses": 28404173.0,
        "Total Operating Income As Reported": -797403.0,
        "Diluted Average Shares": 31428298.0,
        "Basic Average Shares": 31428298.0,
        "Diluted EPS": -0.02,
        "Basic EPS": -0.02,
        "Diluted NI Availto Com Stockholders": -669285.0,
        "Net Income Common Stockholders": -669285.0,
        "Net Income": -669285.0,
        "Minority Interests": 1758380.0,
        "Net Income Including Noncontrolling Interests": -2427665.0,
        "Net Income Continuous Operations": -2427665.0,
        "Tax Provision": -186935.0,
        "Pretax Income": -2614600.0,
        "Other Income Expense": -1702119.0,
        "Special Income Charges": -123724.0,
        "Gain On Sale Of Ppe": -123724.0,
        "Earnings From Equity Interest": -2314405.0,
        "Gain On Sale Of Security": 736010.0,
        "Net Non Operating Interest Income Expense": -238802.0,
        "Interest Expense Non Operating": 541720.0,
        "Interest Income Non Operating": 302918.0,
        "Operating Income": -673679.0,
        "Operating Expense": 19323233.0,
        "Other Operating Expenses": 53976.0,
        "Depreciation Amortization Depletion Income Statement": 5938007.0,
        "Depreciation And Amortization In Income Statement": 5938007.0,
        "Amortization": 1911130.0,
        "Amortization Of Intangibles Income Statement": 1911130.0,
        "Depreciation Income Statement": 4026877.0,
        "Selling General And Administration": 13331250.0,
        "General And Administrative Expense": 13331250.0,
        "Other Gand A": 4521140.0,
        "Salaries And Wages": 8810110.0,
        "Gross Profit": 18649554.0,
        "Cost Of Revenue": 9080940.0,
        "Total Revenue": 27730494.0,
        "Operating Revenue": 27730494.0
    },
    "2025-06-30": {
        "Tax Effect Of Unusual Items": -1432399.276261,
        "Tax Rate For Calcs": 0.139978,
        "Normalized EBITDA": 13065948.0,
        "Total Unusual Items": -10233011.0,
        "Total Unusual Items Excluding Goodwill": -10233011.0,
        "Net Income From Continuing Operation Net Minority Interest": -2320083.0,
        "Reconciled Depreciation": 7572869.0,
        "Reconciled Cost Of Revenue": 8104553.0,
        "EBITDA": 2832937.0,
        "EBIT": -4739932.0,
        "Net Interest Income": -330989.0,
        "Interest Expense": 573078.0,
        "Interest Income": 242089.0,
        "Normalized Income": 6480528.723739,
        "Net Income From Continuing And Discontinued Operation": -2320083.0,
        "Total Expenses": 29100261.0,
        "Total Operating Income As Reported": -820490.0,
        "Diluted Average Shares": 31453434.0,
        "Basic Average Shares": 31453434.0,
        "Diluted EPS": -0.07,
        "Basic EPS": -0.07,
        "Diluted NI Availto Com Stockholders": -2320083.0,
        "Net Income Common Stockholders": -2320083.0,
        "Net Income": -2320083.0,
        "Minority Interests": 2249221.0,
        "Net Income Including Noncontrolling Interests": -4569304.0,
        "Net Income Continuous Operations": -4569304.0,
        "Tax Provision": -743706.0,
        "Pretax Income": -5313010.0,
        "Other Income Expense": -4085430.0,
        "Special Income Charges": 76101.0,
        "Gain On Sale Of Ppe": 76101.0,
        "Earnings From Equity Interest": 6147581.0,
        "Gain On Sale Of Security": -10309112.0,
        "Net Non Operating Interest Income Expense": -330989.0,
        "Interest Expense Non Operating": 573078.0,
        "Interest Income Non Operating": 242089.0,
        "Operating Income": -896591.0,
        "Operating Expense": 19532915.0,
        "Other Operating Expenses": 54236.0,
        "Depreciation Amortization Depletion Income Statement": 6110076.0,
        "Depreciation And Amortization In Income Statement": 6110076.0,
        "Amortization": 1954877.0,
        "Amortization Of Intangibles Income Statement": 1954877.0,
        "Depreciation Income Statement": 4155199.0,
        "Selling General And Administration": 13368603.0,
        "General And Administrative Expense": 13368603.0,
        "Other Gand A": 4714723.0,
        "Salaries And Wages": 8653880.0,
        "Gross Profit": 18636324.0,
        "Cost Of Revenue": 9567346.0,
        "Total Revenue": 28203670.0,
        "Operating Revenue": 28203670.0
    },
    "2025-09-30": {
        "Tax Effect Of Unusual Items": -503435.85151,
        "Tax Rate For Calcs": 0.15669,
        "Normalized EBITDA": 6503541.0,
        "Total Unusual Items": -3212941.0,
        "Total Unusual Items Excluding Goodwill": -3212941.0,
        "Net Income From Continuing Operation Net Minority Interest": -2587905.0,
        "Reconciled Depreciation": 7806355.0,
        "Reconciled Cost Of Revenue": 8184310.0,
        "EBITDA": 3290600.0,
        "EBIT": -4515755.0,
        "Net Interest Income": -303094.0,
        "Interest Expense": 650119.0,
        "Interest Income": 347025.0,
        "Normalized Income": 121600.14849,
        "Net Income From Continuing And Discontinued Operation": -2587905.0,
        "Total Expenses": 29807033.0,
        "Total Operating Income As Reported": -1052152.0,
        "Diluted Average Shares": 31453434.0,
        "Basic Average Shares": 31453434.0,
        "Diluted EPS": -0.08,
        "Basic EPS": -0.08,
        "Diluted NI Availto Com Stockholders": -2587905.0,
        "Net Income Common Stockholders": -2587905.0,
        "Net Income": -2587905.0,
        "Minority Interests": 1768528.0,
        "Net Income Including Noncontrolling Interests": -4356433.0,
        "Net Income Continuous Operations": -4356433.0,
        "Tax Provision": -809441.0,
        "Pretax Income": -5165874.0,
        "Other Income Expense": -3790102.0,
        "Special Income Charges": 20526.0,
        "Gain On Sale Of Ppe": 20526.0,
        "Earnings From Equity Interest": -577161.0,
        "Gain On Sale Of Security": -3233467.0,
        "Net Non Operating Interest Income Expense": -303094.0,
        "Interest Expense Non Operating": 650119.0,
        "Interest Income Non Operating": 347025.0,
        "Operating Income": -1072678.0,
        "Operating Expense": 20091614.0,
        "Other Operating Expenses": 54832.0,
        "Depreciation Amortization Depletion Income Statement": 6275246.0,
        "Depreciation And Amortization In Income Statement": 6275246.0,
        "Amortization": 1955402.0,
        "Amortization Of Intangibles Income Statement": 1955402.0,
        "Depreciation Income Statement": 4319844.0,
        "Selling General And Administration": 13761536.0,
        "General And Administrative Expense": 13761536.0,
        "Other Gand A": 5327130.0,
        "Salaries And Wages": 8434406.0,
        "Gross Profit": 19018936.0,
        "Cost Of Revenue": 9715419.0,
        "Total Revenue": 28734355.0,
        "Operating Revenue": 28734355.0
    }
}