{
    "2023-09-30": {
        "Tax Effect Of Unusual Items": NaN,
        "Tax Rate For Calcs": NaN,
        "Normalized EBITDA": NaN,
        "Total Unusual Items": NaN,
        "Total Unusual Items Excluding Goodwill": NaN,
        "Net Income From Continuing Operation Net Minority Interest": NaN,
        "Reconciled Depreciation": NaN,
        "Reconciled Cost Of Revenue": NaN,
        "EBITDA": NaN,
        "EBIT": NaN,
        "Net Interest Income": NaN,
        "Interest Expense": NaN,
        "Normalized Income": NaN,
        "Net Income From Continuing And Discontinued Operation": NaN,
        "Total Expenses": NaN,
        "Total Operating Income As Reported": NaN,
        "Diluted Average Shares": NaN,
        "Basic Average Shares": NaN,
        "Diluted EPS": NaN,
        "Basic EPS": NaN,
        "Diluted NI Availto Com Stockholders": NaN,
        "Net Income Common Stockholders": NaN,
        "Net Income": NaN,
        "Net Income Including Noncontrolling Interests": NaN,
        "Net Income Continuous Operations": NaN,
        "Tax Provision": NaN,
        "Pretax Income": NaN,
        "Other Income Expense": NaN,
        "Other Non Operating Income Expenses": NaN,
        "Special Income Charges": NaN,
        "Other Special Charges": 3168000.0,
        "Impairment Of Capital Assets": 0.0,
        "Restructuring And Mergern Acquisition": NaN,
        "Gain On Sale Of Security": NaN,
        "Net Non Operating Interest Income Expense": NaN,
        "Interest Expense Non Operating": NaN,
        "Operating Income": NaN,
        "Operating Expense": NaN,
        "Research And Development": NaN,
        "Selling General And Administration": NaN,
        "Selling And Marketing Expense": NaN,
        "General And Administrative Expense": NaN,
        "Other Gand A": NaN,
        "Gross Profit": NaN,
        "Cost Of Revenue": NaN,
        "Total Revenue": NaN,
        "Operating Revenue": NaN
    },
    "2023-06-30": {
        "Tax Effect Of Unusual Items": NaN,
        "Tax Rate For Calcs": NaN,
        "Normalized EBITDA": NaN,
        "Total Unusual Items": NaN,
        "Total Unusual Items Excluding Goodwill": NaN,
        "Net Income From Continuing Operation Net Minority Interest": NaN,
        "Reconciled Depreciation": NaN,
        "Reconciled Cost Of Revenue": NaN,
        "EBITDA": NaN,
        "EBIT": NaN,
        "Net Interest Income": NaN,
        "Interest Expense": NaN,
        "Normalized Income": NaN,
        "Net Income From Continuing And Discontinued Operation": NaN,
        "Total Expenses": NaN,
        "Total Operating Income As Reported": NaN,
        "Diluted Average Shares": 6286000.0,
        "Basic Average Shares": 6286000.0,
        "Diluted EPS": -4.1,
        "Basic EPS": -4.1,
        "Diluted NI Availto Com Stockholders": NaN,
        "Net Income Common Stockholders": NaN,
        "Net Income": NaN,
        "Net Income Including Noncontrolling Interests": NaN,
        "Net Income Continuous Operations": NaN,
        "Tax Provision": NaN,
        "Pretax Income": NaN,
        "Other Income Expense": NaN,
        "Other Non Operating Income Expenses": NaN,
        "Special Income Charges": NaN,
        "Other Special Charges": NaN,
        "Impairment Of Capital Assets": NaN,
        "Restructuring And Mergern Acquisition": NaN,
        "Gain On Sale Of Security": NaN,
        "Net Non Operating Interest Income Expense": NaN,
        "Interest Expense Non Operating": NaN,
        "Operating Income": NaN,
        "Operating Expense": NaN,
        "Research And Development": NaN,
        "Selling General And Administration": NaN,
        "Selling And Marketing Expense": NaN,
        "General And Administrative Expense": NaN,
        "Other Gand A": NaN,
        "Gross Profit": NaN,
        "Cost Of Revenue": NaN,
        "Total Revenue": NaN,
        "Operating Revenue": NaN
    },
    "2023-03-31": {
        "Tax Effect Of Unusual Items": NaN,
        "Tax Rate For Calcs": NaN,
        "Normalized EBITDA": NaN,
        "Total Unusual Items": NaN,
        "Total Unusual Items Excluding Goodwill": NaN,
        "Net Income From Continuing Operation Net Minority Interest": NaN,
        "Reconciled Depreciation": NaN,
        "Reconciled Cost Of Revenue": NaN,
        "EBITDA": NaN,
        "EBIT": NaN,
        "Net Interest Income": NaN,
        "Interest Expense": NaN,
        "Normalized Income": NaN,
        "Net Income From Continuing And Discontinued Operation": NaN,
        "Total Expenses": NaN,
        "Total Operating Income As Reported": NaN,
        "Diluted Average Shares": 6183000.0,
        "Basic Average Shares": 6183000.0,
        "Diluted EPS": -4.72,
        "Basic EPS": -4.72,
        "Diluted NI Availto Com Stockholders": NaN,
        "Net Income Common Stockholders": NaN,
        "Net Income": NaN,
        "Net Income Including Noncontrolling Interests": NaN,
        "Net Income Continuous Operations": NaN,
        "Tax Provision": NaN,
        "Pretax Income": NaN,
        "Other Income Expense": NaN,
        "Other Non Operating Income Expenses": NaN,
        "Special Income Charges": NaN,
        "Other Special Charges": NaN,
        "Impairment Of Capital Assets": NaN,
        "Restructuring And Mergern Acquisition": NaN,
        "Gain On Sale Of Security": NaN,
        "Net Non Operating Interest Income Expense": NaN,
        "Interest Expense Non Operating": NaN,
        "Operating Income": NaN,
        "Operating Expense": NaN,
        "Research And Development": NaN,
        "Selling General And Administration": NaN,
        "Selling And Marketing Expense": NaN,
        "General And Administrative Expense": NaN,
        "Other Gand A": NaN,
        "Gross Profit": NaN,
        "Cost Of Revenue": NaN,
        "Total Revenue": NaN,
        "Operating Revenue": NaN
    },
    "2022-12-31": {
        "Tax Effect Of Unusual Items": NaN,
        "Tax Rate For Calcs": NaN,
        "Normalized EBITDA": NaN,
        "Total Unusual Items": NaN,
        "Total Unusual Items Excluding Goodwill": NaN,
        "Net Income From Continuing Operation Net Minority Interest": NaN,
        "Reconciled Depreciation": NaN,
        "Reconciled Cost Of Revenue": NaN,
        "EBITDA": NaN,
        "EBIT": NaN,
        "Net Interest Income": NaN,
        "Interest Expense": NaN,
        "Normalized Income": NaN,
        "Net Income From Continuing And Discontinued Operation": NaN,
        "Total Expenses": NaN,
        "Total Operating Income As Reported": NaN,
        "Diluted Average Shares": NaN,
        "Basic Average Shares": NaN,
        "Diluted EPS": NaN,
        "Basic EPS": NaN,
        "Diluted NI Availto Com Stockholders": NaN,
        "Net Income Common Stockholders": NaN,
        "Net Income": NaN,
        "Net Income Including Noncontrolling Interests": NaN,
        "Net Income Continuous Operations": NaN,
        "Tax Provision": NaN,
        "Pretax Income": NaN,
        "Other Income Expense": NaN,
        "Other Non Operating Income Expenses": NaN,
        "Special Income Charges": NaN,
        "Other Special Charges": NaN,
        "Impairment Of Capital Assets": 18907000.0,
        "Restructuring And Mergern Acquisition": NaN,
        "Gain On Sale Of Security": NaN,
        "Net Non Operating Interest Income Expense": NaN,
        "Interest Expense Non Operating": NaN,
        "Operating Income": NaN,
        "Operating Expense": NaN,
        "Research And Development": NaN,
        "Selling General And Administration": NaN,
        "Selling And Marketing Expense": NaN,
        "General And Administrative Expense": NaN,
        "Other Gand A": NaN,
        "Gross Profit": NaN,
        "Cost Of Revenue": NaN,
        "Total Revenue": NaN,
        "Operating Revenue": NaN
    },
    "2023-12-31": {
        "Tax Effect Of Unusual Items": NaN,
        "Tax Rate For Calcs": NaN,
        "Normalized EBITDA": NaN,
        "Total Unusual Items": NaN,
        "Total Unusual Items Excluding Goodwill": NaN,
        "Net Income From Continuing Operation Net Minority Interest": NaN,
        "Reconciled Depreciation": NaN,
        "Reconciled Cost Of Revenue": NaN,
        "EBITDA": NaN,
        "EBIT": NaN,
        "Net Interest Income": NaN,
        "Interest Expense": NaN,
        "Normalized Income": NaN,
        "Net Income From Continuing And Discontinued Operation": NaN,
        "Total Expenses": NaN,
        "Total Operating Income As Reported": NaN,
        "Diluted Average Shares": NaN,
        "Basic Average Shares": NaN,
        "Diluted EPS": NaN,
        "Basic EPS": NaN,
        "Diluted NI Availto Com Stockholders": NaN,
        "Net Income Common Stockholders": NaN,
        "Net Income": NaN,
        "Net Income Including Noncontrolling Interests": NaN,
        "Net Income Continuous Operations": NaN,
        "Tax Provision": NaN,
        "Pretax Income": NaN,
        "Other Income Expense": NaN,
        "Other Non Operating Income Expenses": NaN,
        "Special Income Charges": NaN,
        "Other Special Charges": 0.0,
        "Impairment Of Capital Assets": 43092000.0,
        "Restructuring And Mergern Acquisition": NaN,
        "Gain On Sale Of Security": NaN,
        "Net Non Operating Interest Income Expense": NaN,
        "Interest Expense Non Operating": NaN,
        "Operating Income": NaN,
        "Operating Expense": NaN,
        "Research And Development": NaN,
        "Selling General And Administration": NaN,
        "Selling And Marketing Expense": NaN,
        "General And Administrative Expense": NaN,
        "Other Gand A": NaN,
        "Gross Profit": NaN,
        "Cost Of Revenue": NaN,
        "Total Revenue": NaN,
        "Operating Revenue": NaN
    },
    "2024-03-31": {
        "Tax Effect Of Unusual Items": NaN,
        "Tax Rate For Calcs": NaN,
        "Normalized EBITDA": NaN,
        "Total Unusual Items": NaN,
        "Total Unusual Items Excluding Goodwill": NaN,
        "Net Income From Continuing Operation Net Minority Interest": NaN,
        "Reconciled Depreciation": NaN,
        "Reconciled Cost Of Revenue": NaN,
        "EBITDA": NaN,
        "EBIT": NaN,
        "Net Interest Income": NaN,
        "Interest Expense": NaN,
        "Normalized Income": NaN,
        "Net Income From Continuing And Discontinued Operation": NaN,
        "Total Expenses": NaN,
        "Total Operating Income As Reported": NaN,
        "Diluted Average Shares": NaN,
        "Basic Average Shares": NaN,
        "Diluted EPS": NaN,
        "Basic EPS": NaN,
        "Diluted NI Availto Com Stockholders": NaN,
        "Net Income Common Stockholders": NaN,
        "Net Income": NaN,
        "Net Income Including Noncontrolling Interests": NaN,
        "Net Income Continuous Operations": NaN,
        "Tax Provision": NaN,
        "Pretax Income": NaN,
        "Other Income Expense": NaN,
        "Other Non Operating Income Expenses": NaN,
        "Special Income Charges": NaN,
        "Other Special Charges": 1209000.0,
        "Impairment Of Capital Assets": NaN,
        "Restructuring And Mergern Acquisition": NaN,
        "Gain On Sale Of Security": NaN,
        "Net Non Operating Interest Income Expense": NaN,
        "Interest Expense Non Operating": NaN,
        "Operating Income": NaN,
        "Operating Expense": NaN,
        "Research And Development": NaN,
        "Selling General And Administration": NaN,
        "Selling And Marketing Expense": NaN,
        "General And Administrative Expense": NaN,
        "Other Gand A": NaN,
        "Gross Profit": NaN,
        "Cost Of Revenue": NaN,
        "Total Revenue": NaN,
        "Operating Revenue": NaN
    },
    "2022-09-30": {
        "Tax Effect Of Unusual Items": NaN,
        "Tax Rate For Calcs": NaN,
        "Normalized EBITDA": NaN,
        "Total Unusual Items": NaN,
        "Total Unusual Items Excluding Goodwill": NaN,
        "Net Income From Continuing Operation Net Minority Interest": NaN,
        "Reconciled Depreciation": NaN,
        "Reconciled Cost Of Revenue": NaN,
        "EBITDA": NaN,
        "EBIT": NaN,
        "Net Interest Income": NaN,
        "Interest Expense": NaN,
        "Normalized Income": NaN,
        "Net Income From Continuing And Discontinued Operation": NaN,
        "Total Expenses": NaN,
        "Total Operating Income As Reported": NaN,
        "Diluted Average Shares": NaN,
        "Basic Average Shares": NaN,
        "Diluted EPS": NaN,
        "Basic EPS": NaN,
        "Diluted NI Availto Com Stockholders": NaN,
        "Net Income Common Stockholders": NaN,
        "Net Income": NaN,
        "Net Income Including Noncontrolling Interests": NaN,
        "Net Income Continuous Operations": NaN,
        "Tax Provision": NaN,
        "Pretax Income": NaN,
        "Other Income Expense": NaN,
        "Other Non Operating Income Expenses": NaN,
        "Special Income Charges": NaN,
        "Other Special Charges": NaN,
        "Impairment Of Capital Assets": 1000000.0,
        "Restructuring And Mergern Acquisition": NaN,
        "Gain On Sale Of Security": NaN,
        "Net Non Operating Interest Income Expense": NaN,
        "Interest Expense Non Operating": NaN,
        "Operating Income": NaN,
        "Operating Expense": NaN,
        "Research And Development": NaN,
        "Selling General And Administration": NaN,
        "Selling And Marketing Expense": NaN,
        "General And Administrative Expense": NaN,
        "Other Gand A": NaN,
        "Gross Profit": NaN,
        "Cost Of Revenue": NaN,
        "Total Revenue": NaN,
        "Operating Revenue": NaN
    },
    "2024-06-30": {
        "Tax Effect Of Unusual Items": -15120.0,
        "Tax Rate For Calcs": 0.21,
        "Normalized EBITDA": 449000.0,
        "Total Unusual Items": -72000.0,
        "Total Unusual Items Excluding Goodwill": -72000.0,
        "Net Income From Continuing Operation Net Minority Interest": -10865000.0,
        "Reconciled Depreciation": 9523000.0,
        "Reconciled Cost Of Revenue": 33807000.0,
        "EBITDA": 377000.0,
        "EBIT": -9146000.0,
        "Net Interest Income": -1652000.0,
        "Interest Expense": 1652000.0,
        "Normalized Income": -10808120.0,
        "Net Income From Continuing And Discontinued Operation": -10865000.0,
        "Total Expenses": 119665000.0,
        "Total Operating Income As Reported": -9482000.0,
        "Diluted Average Shares": 6813000.0,
        "Basic Average Shares": 6813000.0,
        "Diluted EPS": -1.59,
        "Basic EPS": -1.59,
        "Diluted NI Availto Com Stockholders": -10865000.0,
        "Net Income Common Stockholders": -10865000.0,
        "Net Income": -10865000.0,
        "Net Income Including Noncontrolling Interests": -10865000.0,
        "Net Income Continuous Operations": -10865000.0,
        "Tax Provision": 67000.0,
        "Pretax Income": -10798000.0,
        "Other Income Expense": 336000.0,
        "Other Non Operating Income Expenses": 408000.0,
        "Special Income Charges": -719000.0,
        "Other Special Charges": 719000.0,
        "Impairment Of Capital Assets": NaN,
        "Restructuring And Mergern Acquisition": 0.0,
        "Gain On Sale Of Security": 647000.0,
        "Net Non Operating Interest Income Expense": -1652000.0,
        "Interest Expense Non Operating": 1652000.0,
        "Operating Income": -9482000.0,
        "Operating Expense": 85858000.0,
        "Research And Development": 17162000.0,
        "Selling General And Administration": 68696000.0,
        "Selling And Marketing Expense": 56308000.0,
        "General And Administrative Expense": 12388000.0,
        "Other Gand A": 12388000.0,
        "Gross Profit": 76376000.0,
        "Cost Of Revenue": 33807000.0,
        "Total Revenue": 110183000.0,
        "Operating Revenue": 110183000.0
    },
    "2024-09-30": {
        "Tax Effect Of Unusual Items": -772170.0,
        "Tax Rate For Calcs": 0.21,
        "Normalized EBITDA": 5275000.0,
        "Total Unusual Items": -3677000.0,
        "Total Unusual Items Excluding Goodwill": -3677000.0,
        "Net Income From Continuing Operation Net Minority Interest": -12003000.0,
        "Reconciled Depreciation": 11840000.0,
        "Reconciled Cost Of Revenue": 33382000.0,
        "EBITDA": 1598000.0,
        "EBIT": -10242000.0,
        "Net Interest Income": -1646000.0,
        "Interest Expense": 1646000.0,
        "Normalized Income": -9098170.0,
        "Net Income From Continuing And Discontinued Operation": -12003000.0,
        "Total Expenses": 110116000.0,
        "Total Operating Income As Reported": -13010000.0,
        "Diluted Average Shares": 6841000.0,
        "Basic Average Shares": 6841000.0,
        "Diluted EPS": -1.75,
        "Basic EPS": -1.75,
        "Diluted NI Availto Com Stockholders": -12003000.0,
        "Net Income Common Stockholders": -12003000.0,
        "Net Income": -12003000.0,
        "Net Income Including Noncontrolling Interests": -12003000.0,
        "Net Income Continuous Operations": -12003000.0,
        "Tax Provision": 115000.0,
        "Pretax Income": -11888000.0,
        "Other Income Expense": -2319000.0,
        "Other Non Operating Income Expenses": 1358000.0,
        "Special Income Charges": -5087000.0,
        "Other Special Charges": NaN,
        "Impairment Of Capital Assets": NaN,
        "Restructuring And Mergern Acquisition": 5087000.0,
        "Gain On Sale Of Security": 1410000.0,
        "Net Non Operating Interest Income Expense": -1646000.0,
        "Interest Expense Non Operating": 1646000.0,
        "Operating Income": -7923000.0,
        "Operating Expense": 76734000.0,
        "Research And Development": 19382000.0,
        "Selling General And Administration": 57352000.0,
        "Selling And Marketing Expense": 45592000.0,
        "General And Administrative Expense": 11760000.0,
        "Other Gand A": 11760000.0,
        "Gross Profit": 68811000.0,
        "Cost Of Revenue": 33382000.0,
        "Total Revenue": 102193000.0,
        "Operating Revenue": 102193000.0
    },
    "2024-12-31": {
        "Tax Effect Of Unusual Items": -3147.296242,
        "Tax Rate For Calcs": 0.000145,
        "Normalized EBITDA": 4727000.0,
        "Total Unusual Items": -21756000.0,
        "Total Unusual Items Excluding Goodwill": -21756000.0,
        "Net Income From Continuing Operation Net Minority Interest": -34558000.0,
        "Reconciled Depreciation": 15825000.0,
        "Reconciled Cost Of Revenue": 25499000.0,
        "EBITDA": -17029000.0,
        "EBIT": -32854000.0,
        "Net Interest Income": -1709000.0,
        "Interest Expense": 1709000.0,
        "Normalized Income": -12805147.296242,
        "Net Income From Continuing And Discontinued Operation": -34558000.0,
        "Total Expenses": 98151000.0,
        "Total Operating Income As Reported": -32893000.0,
        "Diluted Average Shares": 6857000.0,
        "Basic Average Shares": 6857000.0,
        "Diluted EPS": -5.039813,
        "Basic EPS": -5.039813,
        "Diluted NI Availto Com Stockholders": -34558000.0,
        "Net Income Common Stockholders": -34558000.0,
        "Net Income": -34558000.0,
        "Net Income Including Noncontrolling Interests": -34558000.0,
        "Net Income Continuous Operations": -34558000.0,
        "Tax Provision": -5000.0,
        "Pretax Income": -34563000.0,
        "Other Income Expense": -21077000.0,
        "Other Non Operating Income Expenses": 679000.0,
        "Special Income Charges": -21567000.0,
        "Other Special Charges": 451000.0,
        "Impairment Of Capital Assets": NaN,
        "Restructuring And Mergern Acquisition": 1116000.0,
        "Gain On Sale Of Security": -189000.0,
        "Net Non Operating Interest Income Expense": -1709000.0,
        "Interest Expense Non Operating": 1709000.0,
        "Operating Income": -11777000.0,
        "Operating Expense": 72652000.0,
        "Research And Development": 22109000.0,
        "Selling General And Administration": 50543000.0,
        "Selling And Marketing Expense": 38984000.0,
        "General And Administrative Expense": 11559000.0,
        "Other Gand A": 11559000.0,
        "Gross Profit": 60875000.0,
        "Cost Of Revenue": 25499000.0,
        "Total Revenue": 86374000.0,
        "Operating Revenue": 86374000.0
    },
    "2025-03-31": {
        "Tax Effect Of Unusual Items": -144690.0,
        "Tax Rate For Calcs": 0.21,
        "Normalized EBITDA": 2168000.0,
        "Total Unusual Items": -689000.0,
        "Total Unusual Items Excluding Goodwill": -689000.0,
        "Net Income From Continuing Operation Net Minority Interest": -5748000.0,
        "Reconciled Depreciation": 5617000.0,
        "Reconciled Cost Of Revenue": 20814000.0,
        "EBITDA": 1479000.0,
        "EBIT": -4138000.0,
        "Net Interest Income": -1565000.0,
        "Interest Expense": 1565000.0,
        "Normalized Income": -5203690.0,
        "Net Income From Continuing And Discontinued Operation": -5748000.0,
        "Total Expenses": 76037000.0,
        "Total Operating Income As Reported": -3674000.0,
        "Diluted Average Shares": 6883000.0,
        "Basic Average Shares": 6883000.0,
        "Diluted EPS": -0.84,
        "Basic EPS": -0.84,
        "Diluted NI Availto Com Stockholders": -5748000.0,
        "Net Income Common Stockholders": -5748000.0,
        "Net Income": -5748000.0,
        "Net Income Including Noncontrolling Interests": -5748000.0,
        "Net Income Continuous Operations": -5748000.0,
        "Tax Provision": 45000.0,
        "Pretax Income": -5703000.0,
        "Other Income Expense": -464000.0,
        "Other Non Operating Income Expenses": 225000.0,
        "Special Income Charges": 0.0,
        "Other Special Charges": NaN,
        "Impairment Of Capital Assets": NaN,
        "Restructuring And Mergern Acquisition": 0.0,
        "Gain On Sale Of Security": -689000.0,
        "Net Non Operating Interest Income Expense": -1565000.0,
        "Interest Expense Non Operating": 1565000.0,
        "Operating Income": -3674000.0,
        "Operating Expense": 55223000.0,
        "Research And Development": 12596000.0,
        "Selling General And Administration": 42627000.0,
        "Selling And Marketing Expense": 30970000.0,
        "General And Administrative Expense": 11657000.0,
        "Other Gand A": 11657000.0,
        "Gross Profit": 51549000.0,
        "Cost Of Revenue": 20814000.0,
        "Total Revenue": 72363000.0,
        "Operating Revenue": 72363000.0
    },
    "2025-06-30": {
        "Tax Effect Of Unusual Items": -651000.0,
        "Tax Rate For Calcs": 0.21,
        "Normalized EBITDA": 2880000.0,
        "Total Unusual Items": -3100000.0,
        "Total Unusual Items Excluding Goodwill": -3100000.0,
        "Net Income From Continuing Operation Net Minority Interest": -5900000.0,
        "Reconciled Depreciation": 4311000.0,
        "Reconciled Cost Of Revenue": 17703000.0,
        "EBITDA": -220000.0,
        "EBIT": -4531000.0,
        "Net Interest Income": -1268000.0,
        "Interest Expense": 1268000.0,
        "Normalized Income": -3451000.0,
        "Net Income From Continuing And Discontinued Operation": -5900000.0,
        "Total Expenses": 65413000.0,
        "Total Operating Income As Reported": -3964000.0,
        "Diluted Average Shares": 6951000.0,
        "Basic Average Shares": 6951000.0,
        "Diluted EPS": -0.85,
        "Basic EPS": -0.85,
        "Diluted NI Availto Com Stockholders": -5900000.0,
        "Net Income Common Stockholders": -5900000.0,
        "Net Income": -5900000.0,
        "Net Income Including Noncontrolling Interests": -5900000.0,
        "Net Income Continuous Operations": -5900000.0,
        "Tax Provision": 101000.0,
        "Pretax Income": -5799000.0,
        "Other Income Expense": -3059000.0,
        "Other Non Operating Income Expenses": 41000.0,
        "Special Income Charges": -4658000.0,
        "Other Special Charges": 2166000.0,
        "Impairment Of Capital Assets": NaN,
        "Restructuring And Mergern Acquisition": 2492000.0,
        "Gain On Sale Of Security": 1558000.0,
        "Net Non Operating Interest Income Expense": -1268000.0,
        "Interest Expense Non Operating": 1268000.0,
        "Operating Income": -1472000.0,
        "Operating Expense": 47710000.0,
        "Research And Development": 10611000.0,
        "Selling General And Administration": 37099000.0,
        "Selling And Marketing Expense": 25528000.0,
        "General And Administrative Expense": 11571000.0,
        "Other Gand A": 11571000.0,
        "Gross Profit": 46238000.0,
        "Cost Of Revenue": 17703000.0,
        "Total Revenue": 63941000.0,
        "Operating Revenue": 63941000.0
    }
}