{
    "2023-03-31": {
        "Tax Effect Of Unusual Items": -1119300.0,
        "Tax Rate For Calcs": 0.21,
        "Normalized EBITDA": -10766000.0,
        "Total Unusual Items": -5330000.0,
        "Total Unusual Items Excluding Goodwill": -5330000.0,
        "Net Income From Continuing Operation Net Minority Interest": -29188000.0,
        "Reconciled Depreciation": 10713000.0,
        "Reconciled Cost Of Revenue": 53561000.0,
        "EBITDA": -16096000.0,
        "EBIT": -26809000.0,
        "Net Interest Income": -2331000.0,
        "Interest Expense": 2331000.0,
        "Normalized Income": -24977300.0,
        "Net Income From Continuing And Discontinued Operation": -29188000.0,
        "Total Expenses": 166949000.0,
        "Total Operating Income As Reported": -27435000.0,
        "Diluted Average Shares": 6182811.0,
        "Basic Average Shares": 6182811.0,
        "Diluted EPS": -4.5,
        "Basic EPS": -4.5,
        "Diluted NI Availto Com Stockholders": -29188000.0,
        "Net Income Common Stockholders": -29188000.0,
        "Net Income": -29188000.0,
        "Net Income Including Noncontrolling Interests": -29188000.0,
        "Net Income Continuous Operations": -29188000.0,
        "Tax Provision": 48000.0,
        "Pretax Income": -29140000.0,
        "Other Income Expense": -4761000.0,
        "Other Non Operating Income Expenses": 569000.0,
        "Special Income Charges": -5387000.0,
        "Other Special Charges": NaN,
        "Impairment Of Capital Assets": NaN,
        "Restructuring And Mergern Acquisition": 5387000.0,
        "Gain On Sale Of Security": 57000.0,
        "Net Non Operating Interest Income Expense": -2331000.0,
        "Interest Expense Non Operating": 2331000.0,
        "Operating Income": -22048000.0,
        "Operating Expense": 113388000.0,
        "Research And Development": 19096000.0,
        "Selling General And Administration": 94292000.0,
        "Selling And Marketing Expense": 76576000.0,
        "General And Administrative Expense": 17716000.0,
        "Other Gand A": 17716000.0,
        "Gross Profit": 91340000.0,
        "Cost Of Revenue": 53561000.0,
        "Total Revenue": 144901000.0,
        "Operating Revenue": 144901000.0
    },
    "2022-12-31": {
        "Tax Effect Of Unusual Items": -499058.708288,
        "Tax Rate For Calcs": 0.032659,
        "Normalized EBITDA": -12985000.0,
        "Total Unusual Items": -15281000.0,
        "Total Unusual Items Excluding Goodwill": -15281000.0,
        "Net Income From Continuing Operation Net Minority Interest": -44933000.0,
        "Reconciled Depreciation": 15990000.0,
        "Reconciled Cost Of Revenue": 63545000.0,
        "EBITDA": -28266000.0,
        "EBIT": -44256000.0,
        "Net Interest Income": -2194000.0,
        "Interest Expense": 2194000.0,
        "Normalized Income": -30151058.708288,
        "Net Income From Continuing And Discontinued Operation": -44933000.0,
        "Total Expenses": 177403000.0,
        "Total Operating Income As Reported": -48144000.0,
        "Diluted Average Shares": 6168240.0,
        "Basic Average Shares": 6168240.0,
        "Diluted EPS": -7.5,
        "Basic EPS": -7.5,
        "Diluted NI Availto Com Stockholders": -44933000.0,
        "Net Income Common Stockholders": -44933000.0,
        "Net Income": -44933000.0,
        "Net Income Including Noncontrolling Interests": -44933000.0,
        "Net Income Continuous Operations": -44933000.0,
        "Tax Provision": -1517000.0,
        "Pretax Income": -46450000.0,
        "Other Income Expense": -15019000.0,
        "Other Non Operating Income Expenses": 262000.0,
        "Special Income Charges": -18907000.0,
        "Other Special Charges": NaN,
        "Impairment Of Capital Assets": 18907000.0,
        "Restructuring And Mergern Acquisition": 0.0,
        "Gain On Sale Of Security": 3626000.0,
        "Net Non Operating Interest Income Expense": -2194000.0,
        "Interest Expense Non Operating": 2194000.0,
        "Operating Income": -29237000.0,
        "Operating Expense": 113858000.0,
        "Research And Development": 20847000.0,
        "Selling General And Administration": 93011000.0,
        "Selling And Marketing Expense": 73774000.0,
        "General And Administrative Expense": 19237000.0,
        "Other Gand A": 19237000.0,
        "Gross Profit": 84621000.0,
        "Cost Of Revenue": 63545000.0,
        "Total Revenue": 148166000.0,
        "Operating Revenue": 148166000.0
    },
    "2022-09-30": {
        "Tax Effect Of Unusual Items": -2080.0,
        "Tax Rate For Calcs": 0.016,
        "Normalized EBITDA": -15820000.0,
        "Total Unusual Items": -130000.0,
        "Total Unusual Items Excluding Goodwill": -130000.0,
        "Net Income From Continuing Operation Net Minority Interest": -33859000.0,
        "Reconciled Depreciation": 17306000.0,
        "Reconciled Cost Of Revenue": 61309000.0,
        "EBITDA": -15950000.0,
        "EBIT": -33256000.0,
        "Net Interest Income": -1152000.0,
        "Interest Expense": 1152000.0,
        "Normalized Income": -33731080.0,
        "Net Income From Continuing And Discontinued Operation": -33859000.0,
        "Total Expenses": 199672000.0,
        "Total Operating Income As Reported": -36189000.0,
        "Diluted Average Shares": 307949355.0,
        "Basic Average Shares": 307949355.0,
        "Diluted EPS": -0.11,
        "Basic EPS": -0.11,
        "Diluted NI Availto Com Stockholders": -33859000.0,
        "Net Income Common Stockholders": -33859000.0,
        "Net Income": -33859000.0,
        "Net Income Including Noncontrolling Interests": -33859000.0,
        "Net Income Continuous Operations": -33859000.0,
        "Tax Provision": -549000.0,
        "Pretax Income": -34408000.0,
        "Other Income Expense": 441000.0,
        "Other Non Operating Income Expenses": 571000.0,
        "Special Income Charges": -2492000.0,
        "Other Special Charges": NaN,
        "Impairment Of Capital Assets": 1000000.0,
        "Restructuring And Mergern Acquisition": 1492000.0,
        "Gain On Sale Of Security": 2362000.0,
        "Net Non Operating Interest Income Expense": -1152000.0,
        "Interest Expense Non Operating": 1152000.0,
        "Operating Income": -33697000.0,
        "Operating Expense": 138363000.0,
        "Research And Development": 25686000.0,
        "Selling General And Administration": 112677000.0,
        "Selling And Marketing Expense": 93145000.0,
        "General And Administrative Expense": 19532000.0,
        "Other Gand A": 19532000.0,
        "Gross Profit": 104666000.0,
        "Cost Of Revenue": 61309000.0,
        "Total Revenue": 165975000.0,
        "Operating Revenue": 165975000.0
    },
    "2022-06-30": {
        "Tax Effect Of Unusual Items": 5166.0,
        "Tax Rate For Calcs": 0.007,
        "Normalized EBITDA": -22918000.0,
        "Total Unusual Items": 738000.0,
        "Total Unusual Items Excluding Goodwill": 738000.0,
        "Net Income From Continuing Operation Net Minority Interest": -41867000.0,
        "Reconciled Depreciation": 19965000.0,
        "Reconciled Cost Of Revenue": 91867000.0,
        "EBITDA": -22180000.0,
        "EBIT": -42145000.0,
        "Net Interest Income": -3000.0,
        "Interest Expense": 3000.0,
        "Normalized Income": -42599834.0,
        "Net Income From Continuing And Discontinued Operation": -41867000.0,
        "Total Expenses": 222208000.0,
        "Total Operating Income As Reported": -44404000.0,
        "Diluted Average Shares": 307205000.0,
        "Basic Average Shares": 307205000.0,
        "Diluted EPS": -0.14,
        "Basic EPS": -0.14,
        "Diluted NI Availto Com Stockholders": -41867000.0,
        "Net Income Common Stockholders": -41867000.0,
        "Net Income": -41867000.0,
        "Net Income Including Noncontrolling Interests": -41867000.0,
        "Net Income Continuous Operations": -41867000.0,
        "Tax Provision": -281000.0,
        "Pretax Income": -42148000.0,
        "Other Income Expense": 927000.0,
        "Other Non Operating Income Expenses": 189000.0,
        "Special Income Charges": -1332000.0,
        "Impairment Of Capital Assets": NaN,
        "Restructuring And Mergern Acquisition": 1332000.0,
        "Gain On Sale Of Security": 2070000.0,
        "Net Non Operating Interest Income Expense": -3000.0,
        "Interest Expense Non Operating": 3000.0,
        "Operating Income": -43072000.0,
        "Operating Expense": 130341000.0,
        "Research And Development": 24133000.0,
        "Selling General And Administration": 106208000.0,
        "Selling And Marketing Expense": 86624000.0,
        "General And Administrative Expense": 19584000.0,
        "Other Gand A": 19584000.0,
        "Gross Profit": 87269000.0,
        "Cost Of Revenue": 91867000.0,
        "Total Revenue": 179136000.0,
        "Operating Revenue": 179136000.0
    },
    "2023-04-30": {
        "Diluted EPS": 0.35,
        "Total Revenue": NaN,
        "Gross Profit": 596,
        "Operating Income": 181,
        "EBIT": 244,
        "Net Income": 81
    },
    "2023-01-31": {
        "Diluted EPS": 1.87,
        "Total Revenue": NaN,
        "Gross Profit": NaN,
        "Operating Income": 652,
        "EBIT": 711,
        "Net Income": 434
    },
    "2022-10-31": {
        "Diluted EPS": 0.4,
        "Total Revenue": NaN,
        "Gross Profit": 678,
        "Operating Income": 202,
        "EBIT": 258,
        "Net Income": 91
    },
    "2022-07-31": {
        "Diluted EPS": 0.52,
        "Total Revenue": NaN,
        "Gross Profit": 660,
        "Operating Income": 242,
        "EBIT": 295,
        "Net Income": 120
    },
    "2022-04-30": {
        "Diluted EPS": 0.64,
        "Total Revenue": NaN,
        "Gross Profit": 669,
        "Operating Income": 280,
        "EBIT": 333,
        "Net Income": 155
    },
    "2022-01-31": {
        "Diluted EPS": 2.28,
        "Total Revenue": NaN,
        "Gross Profit": NaN,
        "Operating Income": 879,
        "EBIT": 932,
        "Net Income": 595
    },
    "2021-10-31": {
        "Diluted EPS": 0.33,
        "Total Revenue": NaN,
        "Gross Profit": 839,
        "Operating Income": 409,
        "EBIT": 461,
        "Net Income": 88
    },
    "2021-07-31": {
        "Diluted EPS": 1.34,
        "Total Revenue": NaN,
        "Gross Profit": 828,
        "Operating Income": 384,
        "EBIT": 513,
        "Net Income": 374
    },
    "2021-04-30": {
        "Diluted EPS": 0.97,
        "Total Revenue": NaN,
        "Gross Profit": 742,
        "Operating Income": 337,
        "EBIT": 466,
        "Net Income": 277
    },
    "2021-01-31": {
        "Diluted EPS": 3.03,
        "Total Revenue": NaN,
        "Gross Profit": NaN,
        "Operating Income": 869,
        "EBIT": 997,
        "Net Income": 860
    },
    "2020-10-31": {
        "Diluted EPS": 1.17,
        "Total Revenue": NaN,
        "Gross Profit": 863,
        "Operating Income": 436,
        "EBIT": 563,
        "Net Income": 331
    },
    "2020-07-31": {
        "Diluted EPS": -0.18,
        "Total Revenue": NaN,
        "Gross Profit": 711,
        "Operating Income": 44,
        "EBIT": 171,
        "Net Income": -49
    },
    "2020-04-30": {
        "Diluted EPS": -1.07,
        "Total Revenue": NaN,
        "Gross Profit": 288,
        "Operating Income": -318,
        "EBIT": -179,
        "Net Income": -297
    },
    "2020-01-31": {
        "Diluted EPS": -0.7,
        "Total Revenue": NaN,
        "Gross Profit": NaN,
        "Operating Income": 82,
        "EBIT": 947,
        "Net Income": -192
    },
    "2019-10-31": {
        "Diluted EPS": -0.91,
        "Total Revenue": NaN,
        "Gross Profit": 741,
        "Operating Income": -151,
        "EBIT": -3,
        "Net Income": -252
    },
    "2019-07-31": {
        "Diluted EPS": 0.14,
        "Total Revenue": NaN,
        "Gross Profit": 983,
        "Operating Income": 175,
        "EBIT": 325,
        "Net Income": 38
    },
    "2019-04-30": {
        "Diluted EPS": 0.14,
        "Total Revenue": NaN,
        "Gross Profit": 934,
        "Operating Income": 153,
        "EBIT": 298,
        "Net Income": 40
    },
    "2019-01-31": {
        "Diluted EPS": 1.94,
        "Total Revenue": NaN,
        "Gross Profit": NaN,
        "Operating Income": 800,
        "EBIT": 935,
        "Net Income": 540
    },
    "2018-10-31": {
        "Diluted EPS": -0.16,
        "Total Revenue": NaN,
        "Gross Profit": 928,
        "Operating Income": 54,
        "EBIT": 192,
        "Net Income": -43
    },
    "2018-07-31": {
        "Diluted EPS": 0.36,
        "Total Revenue": NaN,
        "Gross Profit": NaN,
        "Operating Income": 228,
        "EBIT": 365,
        "Net Income": 99
    },
    "2018-04-30": {
        "Diluted EPS": 0.17,
        "Total Revenue": NaN,
        "Gross Profit": 944,
        "Operating Income": 155,
        "EBIT": 292,
        "Net Income": 48
    },
    "2018-01-31": {
        "Diluted EPS": 2.31,
        "Total Revenue": NaN,
        "Gross Profit": NaN,
        "Operating Income": 986,
        "EBIT": NaN,
        "Net Income": 664
    },
    "2017-10-31": {
        "Diluted EPS": 0.3,
        "Total Revenue": NaN,
        "Gross Profit": 989,
        "Operating Income": 232,
        "EBIT": 365,
        "Net Income": 86
    },
    "2017-07-31": {
        "Diluted EPS": 0.48,
        "Total Revenue": NaN,
        "Gross Profit": NaN,
        "Operating Income": 301,
        "EBIT": 429,
        "Net Income": 139
    },
    "2017-04-30": {
        "Diluted EPS": 0.33,
        "Total Revenue": NaN,
        "Gross Profit": 903,
        "Operating Income": 209,
        "EBIT": 339,
        "Net Income": 94
    },
    "2017-01-31": {
        "Diluted EPS": 2.17,
        "Total Revenue": NaN,
        "Gross Profit": NaN,
        "Operating Income": 988,
        "EBIT": NaN,
        "Net Income": 632
    },
    "2016-10-31": {
        "Diluted EPS": 0.42,
        "Total Revenue": NaN,
        "Gross Profit": NaN,
        "Operating Income": 284,
        "EBIT": 405,
        "Net Income": 122
    },
    "2016-07-31": {
        "Diluted EPS": 0.87,
        "Total Revenue": NaN,
        "Gross Profit": NaN,
        "Operating Income": 408,
        "EBIT": 520,
        "Net Income": 252
    },
    "2016-04-30": {
        "Diluted EPS": 0.52,
        "Total Revenue": NaN,
        "Gross Profit": NaN,
        "Operating Income": 323,
        "EBIT": 433,
        "Net Income": 152
    },
    "2016-01-31": {
        "Diluted EPS": 2.15,
        "Total Revenue": NaN,
        "Gross Profit": NaN,
        "Operating Income": NaN,
        "EBIT": NaN,
        "Net Income": 637
    },
    "2015-10-31": {
        "Diluted EPS": 0.55,
        "Total Revenue": NaN,
        "Gross Profit": NaN,
        "Operating Income": 339,
        "EBIT": 439,
        "Net Income": 164
    },
    "2015-07-31": {
        "Diluted EPS": 0.68,
        "Total Revenue": NaN,
        "Gross Profit": NaN,
        "Operating Income": 403,
        "EBIT": 506,
        "Net Income": 202
    },
    "2015-04-30": {
        "Diluted EPS": 0.84,
        "Total Revenue": NaN,
        "Gross Profit": NaN,
        "Operating Income": 372,
        "EBIT": 473,
        "Net Income": 250
    },
    "2015-01-31": {
        "Diluted EPS": 1.9,
        "Total Revenue": NaN,
        "Gross Profit": NaN,
        "Operating Income": 957,
        "EBIT": NaN,
        "Net Income": 565
    },
    "2014-10-31": {
        "Diluted EPS": 0.44,
        "Total Revenue": NaN,
        "Gross Profit": 947,
        "Operating Income": 284,
        "EBIT": 382,
        "Net Income": 132
    },
    "2014-07-31": {
        "Diluted EPS": 0.63,
        "Total Revenue": NaN,
        "Gross Profit": NaN,
        "Operating Income": 376,
        "EBIT": 475,
        "Net Income": 188
    },
    "2014-04-30": {
        "Diluted EPS": 0.53,
        "Total Revenue": NaN,
        "Gross Profit": 982,
        "Operating Income": 336,
        "EBIT": 436,
        "Net Income": 157
    },
    "2014-01-31": {
        "Diluted EPS": 1.65,
        "Total Revenue": NaN,
        "Gross Profit": NaN,
        "Operating Income": 863,
        "EBIT": 961,
        "Net Income": 490
    },
    "2013-10-31": {
        "Diluted EPS": 0.31,
        "Total Revenue": NaN,
        "Gross Profit": 857,
        "Operating Income": 211,
        "EBIT": 298,
        "Net Income": 92
    },
    "2013-07-31": {
        "Diluted EPS": 0.61,
        "Total Revenue": NaN,
        "Gross Profit": 989,
        "Operating Income": 358,
        "EBIT": 450,
        "Net Income": 178
    },
    "2013-04-30": {
        "Diluted EPS": 0.48,
        "Total Revenue": NaN,
        "Gross Profit": 941,
        "Operating Income": 311,
        "EBIT": 402,
        "Net Income": 143
    },
    "2013-01-31": {
        "Diluted EPS": 1.39,
        "Total Revenue": NaN,
        "Gross Profit": NaN,
        "Operating Income": 788,
        "EBIT": 974,
        "Net Income": 411
    },
    "2012-10-31": {
        "Diluted EPS": 0.25,
        "Total Revenue": NaN,
        "Gross Profit": 825,
        "Operating Income": 187,
        "EBIT": 274,
        "Net Income": 74
    },
    "2012-07-31": {
        "Diluted EPS": 0.49,
        "Total Revenue": NaN,
        "Gross Profit": 942,
        "Operating Income": 305,
        "EBIT": 393,
        "Net Income": 143
    },
    "2012-04-30": {
        "Diluted EPS": 0.41,
        "Total Revenue": NaN,
        "Gross Profit": 902,
        "Operating Income": 293,
        "EBIT": 379,
        "Net Income": 125
    },
    "2012-01-31": {
        "Diluted EPS": 1.16,
        "Total Revenue": NaN,
        "Gross Profit": NaN,
        "Operating Income": 641,
        "EBIT": 965,
        "Net Income": 360
    },
    "2011-10-31": {
        "Diluted EPS": 0.31,
        "Total Revenue": NaN,
        "Gross Profit": 785,
        "Operating Income": 186,
        "EBIT": 270,
        "Net Income": 94
    },
    "2011-07-31": {
        "Diluted EPS": 0.73,
        "Total Revenue": NaN,
        "Gross Profit": 902,
        "Operating Income": 194,
        "EBIT": 284,
        "Net Income": 231
    },
    "2011-04-30": {
        "Diluted EPS": 0.5,
        "Total Revenue": NaN,
        "Gross Profit": 842,
        "Operating Income": 217,
        "EBIT": 307,
        "Net Income": 165
    },
    "2011-01-31": {
        "Diluted EPS": 1.36,
        "Total Revenue": NaN,
        "Gross Profit": NaN,
        "Operating Income": 714,
        "EBIT": 813,
        "Net Income": 453
    },
    "2010-10-31": {
        "Diluted EPS": 0.18,
        "Total Revenue": NaN,
        "Gross Profit": 714,
        "Operating Income": 149,
        "EBIT": 238,
        "Net Income": 61
    },
    "2010-07-31": {
        "Diluted EPS": 0.54,
        "Total Revenue": NaN,
        "Gross Profit": 778,
        "Operating Income": 236,
        "EBIT": 324,
        "Net Income": 178
    },
    "2010-04-30": {
        "Diluted EPS": 0.34,
        "Total Revenue": NaN,
        "Gross Profit": 694,
        "Operating Income": 185,
        "EBIT": 274,
        "Net Income": 113
    },
    "2010-01-31": {
        "Diluted EPS": 1.08,
        "Total Revenue": NaN,
        "Gross Profit": NaN,
        "Operating Income": 586,
        "EBIT": 684,
        "Net Income": 356
    },
    "2009-10-31": {
        "Diluted EPS": 0.05,
        "Total Revenue": NaN,
        "Gross Profit": 563,
        "Operating Income": 59,
        "EBIT": 148,
        "Net Income": 15
    },
    "2009-07-31": {
        "Diluted EPS": 0.23,
        "Total Revenue": NaN,
        "Gross Profit": 668,
        "Operating Income": 158,
        "EBIT": 246,
        "Net Income": 74
    },
    "2009-04-30": {
        "Diluted EPS": 0.01,
        "Total Revenue": NaN,
        "Gross Profit": 548,
        "Operating Income": 65,
        "EBIT": 150,
        "Net Income": 3
    },
    "2009-01-31": {
        "Diluted EPS": 0.06,
        "Total Revenue": NaN,
        "Gross Profit": NaN,
        "Operating Income": 153,
        "EBIT": 461,
        "Net Income": 16
    },
    "2023-06-30": {
        "Tax Effect Of Unusual Items": 0.0,
        "Tax Rate For Calcs": 0.0,
        "Normalized EBITDA": -12955000.0,
        "Total Unusual Items": 482000.0,
        "Total Unusual Items Excluding Goodwill": 482000.0,
        "Net Income From Continuing Operation Net Minority Interest": -25748000.0,
        "Reconciled Depreciation": 10919000.0,
        "Reconciled Cost Of Revenue": 52204000.0,
        "EBITDA": -12473000.0,
        "EBIT": -23392000.0,
        "Net Interest Income": -2368000.0,
        "Interest Expense": 2368000.0,
        "Normalized Income": -26230000.0,
        "Net Income From Continuing And Discontinued Operation": -25748000.0,
        "Total Expenses": 159233000.0,
        "Total Operating Income As Reported": -24178000.0,
        "Diluted Average Shares": 6286240.0,
        "Basic Average Shares": 6286240.0,
        "Diluted EPS": -4.0,
        "Basic EPS": -4.0,
        "Diluted NI Availto Com Stockholders": -25748000.0,
        "Net Income Common Stockholders": -25748000.0,
        "Net Income": -25748000.0,
        "Net Income Including Noncontrolling Interests": -25748000.0,
        "Net Income Continuous Operations": -25748000.0,
        "Tax Provision": -12000.0,
        "Pretax Income": -25760000.0,
        "Other Income Expense": 893000.0,
        "Other Non Operating Income Expenses": 411000.0,
        "Special Income Charges": 107000.0,
        "Other Special Charges": NaN,
        "Impairment Of Capital Assets": NaN,
        "Restructuring And Mergern Acquisition": -107000.0,
        "Gain On Sale Of Security": 375000.0,
        "Net Non Operating Interest Income Expense": -2368000.0,
        "Interest Expense Non Operating": 2368000.0,
        "Operating Income": -24285000.0,
        "Operating Expense": 107029000.0,
        "Research And Development": 18650000.0,
        "Selling General And Administration": 88379000.0,
        "Selling And Marketing Expense": 76492000.0,
        "General And Administrative Expense": 11887000.0,
        "Other Gand A": 11887000.0,
        "Gross Profit": 82744000.0,
        "Cost Of Revenue": 52204000.0,
        "Total Revenue": 134948000.0,
        "Operating Revenue": 134948000.0
    },
    "2023-09-30": {
        "Tax Effect Of Unusual Items": -706860.0,
        "Tax Rate For Calcs": 0.21,
        "Normalized EBITDA": -17400000.0,
        "Total Unusual Items": -3366000.0,
        "Total Unusual Items Excluding Goodwill": -3366000.0,
        "Net Income From Continuing Operation Net Minority Interest": -32666000.0,
        "Reconciled Depreciation": 9763000.0,
        "Reconciled Cost Of Revenue": 53219000.0,
        "EBITDA": -20766000.0,
        "EBIT": -30529000.0,
        "Net Interest Income": -2074000.0,
        "Interest Expense": 2074000.0,
        "Normalized Income": -30006860.0,
        "Net Income From Continuing And Discontinued Operation": -32666000.0,
        "Total Expenses": 155984000.0,
        "Total Operating Income As Reported": -29004000.0,
        "Diluted Average Shares": 6178622.0,
        "Basic Average Shares": 6178622.0,
        "Diluted EPS": -5.5,
        "Basic EPS": -5.5,
        "Diluted NI Availto Com Stockholders": -32666000.0,
        "Net Income Common Stockholders": -32666000.0,
        "Net Income": -32666000.0,
        "Net Income Including Noncontrolling Interests": -32666000.0,
        "Net Income Continuous Operations": -32666000.0,
        "Tax Provision": 63000.0,
        "Pretax Income": -32603000.0,
        "Other Income Expense": -2795000.0,
        "Other Non Operating Income Expenses": 571000.0,
        "Special Income Charges": -4438000.0,
        "Other Special Charges": 3168000.0,
        "Impairment Of Capital Assets": 0.0,
        "Restructuring And Mergern Acquisition": 1270000.0,
        "Gain On Sale Of Security": 1072000.0,
        "Net Non Operating Interest Income Expense": -2074000.0,
        "Interest Expense Non Operating": 2074000.0,
        "Operating Income": -27734000.0,
        "Operating Expense": 102765000.0,
        "Research And Development": 18879000.0,
        "Selling General And Administration": 83886000.0,
        "Selling And Marketing Expense": 69127000.0,
        "General And Administrative Expense": 14759000.0,
        "Other Gand A": 14759000.0,
        "Gross Profit": 75031000.0,
        "Cost Of Revenue": 53219000.0,
        "Total Revenue": 128250000.0,
        "Operating Revenue": 128250000.0
    }
}