{
    "2023-03-31": {
        "Tax Effect Of Unusual Items": NaN,
        "Tax Rate For Calcs": NaN,
        "Normalized EBITDA": NaN,
        "Total Unusual Items": NaN,
        "Total Unusual Items Excluding Goodwill": NaN,
        "Net Income From Continuing Operation Net Minority Interest": NaN,
        "Reconciled Depreciation": NaN,
        "EBITDA": NaN,
        "EBIT": NaN,
        "Net Interest Income": NaN,
        "Interest Income": NaN,
        "Normalized Income": NaN,
        "Net Income From Continuing And Discontinued Operation": NaN,
        "Total Expenses": NaN,
        "Total Operating Income As Reported": NaN,
        "Diluted Average Shares": 37684023.0,
        "Basic Average Shares": 37684023.0,
        "Diluted EPS": -0.45,
        "Basic EPS": -0.45,
        "Diluted NI Availto Com Stockholders": NaN,
        "Net Income Common Stockholders": NaN,
        "Net Income": NaN,
        "Net Income Including Noncontrolling Interests": NaN,
        "Net Income Continuous Operations": NaN,
        "Pretax Income": NaN,
        "Other Income Expense": NaN,
        "Other Non Operating Income Expenses": NaN,
        "Special Income Charges": NaN,
        "Restructuring And Mergern Acquisition": NaN,
        "Net Non Operating Interest Income Expense": NaN,
        "Interest Income Non Operating": NaN,
        "Operating Income": NaN,
        "Operating Expense": NaN,
        "Research And Development": NaN,
        "Selling General And Administration": NaN,
        "General And Administrative Expense": NaN,
        "Other Gand A": NaN,
        "Total Revenue": NaN,
        "Operating Revenue": NaN
    },
    "2022-12-31": {
        "Tax Effect Of Unusual Items": NaN,
        "Tax Rate For Calcs": NaN,
        "Normalized EBITDA": NaN,
        "Net Income From Continuing Operation Net Minority Interest": NaN,
        "Reconciled Depreciation": NaN,
        "EBITDA": NaN,
        "EBIT": NaN,
        "Net Interest Income": NaN,
        "Interest Income": NaN,
        "Normalized Income": NaN,
        "Net Income From Continuing And Discontinued Operation": NaN,
        "Total Expenses": NaN,
        "Total Operating Income As Reported": NaN,
        "Diluted Average Shares": 37552208.0,
        "Basic Average Shares": 37552208.0,
        "Diluted EPS": -0.53,
        "Basic EPS": -0.53,
        "Diluted NI Availto Com Stockholders": NaN,
        "Net Income Common Stockholders": NaN,
        "Net Income": NaN,
        "Net Income Including Noncontrolling Interests": NaN,
        "Net Income Continuous Operations": NaN,
        "Pretax Income": NaN,
        "Other Income Expense": NaN,
        "Other Non Operating Income Expenses": NaN,
        "Net Non Operating Interest Income Expense": NaN,
        "Interest Income Non Operating": NaN,
        "Operating Income": NaN,
        "Operating Expense": NaN,
        "Research And Development": NaN,
        "Selling General And Administration": NaN,
        "General And Administrative Expense": NaN,
        "Other Gand A": NaN,
        "Total Revenue": NaN,
        "Operating Revenue": NaN
    },
    "2022-09-30": {
        "Tax Effect Of Unusual Items": 0.0,
        "Tax Rate For Calcs": 0.0,
        "Normalized EBITDA": -21907000.0,
        "Net Income From Continuing Operation Net Minority Interest": -21759000.0,
        "Reconciled Depreciation": 439000.0,
        "EBITDA": -21907000.0,
        "EBIT": -22346000.0,
        "Net Interest Income": 587000.0,
        "Interest Income": 587000.0,
        "Normalized Income": -21759000.0,
        "Net Income From Continuing And Discontinued Operation": -21759000.0,
        "Total Expenses": 24458000.0,
        "Total Operating Income As Reported": -22346000.0,
        "Diluted Average Shares": 37454340.0,
        "Basic Average Shares": 37454340.0,
        "Diluted EPS": -0.58,
        "Basic EPS": -0.58,
        "Diluted NI Availto Com Stockholders": -21759000.0,
        "Net Income Common Stockholders": -21759000.0,
        "Net Income": -21759000.0,
        "Net Income Including Noncontrolling Interests": -21759000.0,
        "Net Income Continuous Operations": -21759000.0,
        "Pretax Income": -21759000.0,
        "Net Non Operating Interest Income Expense": 587000.0,
        "Interest Income Non Operating": 587000.0,
        "Operating Income": -22346000.0,
        "Operating Expense": 24458000.0,
        "Research And Development": 18973000.0,
        "Selling General And Administration": 5485000.0,
        "General And Administrative Expense": 5485000.0,
        "Other Gand A": 5485000.0,
        "Total Revenue": 2112000.0,
        "Operating Revenue": 2112000.0
    },
    "2022-06-30": {
        "Tax Effect Of Unusual Items": 0.0,
        "Tax Rate For Calcs": 0.0,
        "Normalized EBITDA": -22651000.0,
        "Net Income From Continuing Operation Net Minority Interest": -22664000.0,
        "Reconciled Depreciation": 408000.0,
        "EBITDA": -22651000.0,
        "EBIT": -23059000.0,
        "Net Interest Income": 395000.0,
        "Interest Income": 395000.0,
        "Normalized Income": -22664000.0,
        "Net Income From Continuing And Discontinued Operation": -22664000.0,
        "Total Expenses": 24452000.0,
        "Total Operating Income As Reported": -23059000.0,
        "Diluted Average Shares": 37293557.0,
        "Basic Average Shares": 37293557.0,
        "Diluted EPS": -0.61,
        "Basic EPS": -0.61,
        "Diluted NI Availto Com Stockholders": -22664000.0,
        "Net Income Common Stockholders": -22664000.0,
        "Net Income": -22664000.0,
        "Net Income Including Noncontrolling Interests": -22664000.0,
        "Net Income Continuous Operations": -22664000.0,
        "Pretax Income": -22664000.0,
        "Net Non Operating Interest Income Expense": 395000.0,
        "Interest Income Non Operating": 395000.0,
        "Operating Income": -23059000.0,
        "Operating Expense": 24452000.0,
        "Research And Development": 18920000.0,
        "Selling General And Administration": 5532000.0,
        "General And Administrative Expense": 5532000.0,
        "Other Gand A": 5532000.0,
        "Total Revenue": 1393000.0,
        "Operating Revenue": 1393000.0
    },
    "2022-03-31": {
        "Diluted EPS": -0.64,
        "Total Revenue": 1,
        "Gross Profit": 1,
        "Operating Income": -24,
        "EBIT": -23,
        "Net Income": -24
    },
    "2021-12-31": {
        "Diluted EPS": -0.56,
        "Total Revenue": 1,
        "Gross Profit": 1,
        "Operating Income": -27,
        "EBIT": -26,
        "Net Income": -27
    },
    "2021-09-30": {
        "Diluted EPS": -0.63,
        "Total Revenue": 1,
        "Gross Profit": 1,
        "Operating Income": -24,
        "EBIT": -22,
        "Net Income": -23
    },
    "2021-06-30": {
        "Diluted EPS": -0.64,
        "Total Revenue": NaN,
        "Gross Profit": NaN,
        "Operating Income": -24,
        "EBIT": -23,
        "Net Income": -24
    },
    "2021-03-31": {
        "Diluted EPS": -1.14,
        "Total Revenue": NaN,
        "Gross Profit": NaN,
        "Operating Income": -18,
        "EBIT": -18,
        "Net Income": -24
    },
    "2020-12-31": {
        "Diluted EPS": -14.58,
        "Total Revenue": NaN,
        "Gross Profit": NaN,
        "Operating Income": -17,
        "EBIT": -17,
        "Net Income": -31
    },
    "2020-09-30": {
        "Diluted EPS": -4.73,
        "Total Revenue": NaN,
        "Gross Profit": NaN,
        "Operating Income": -12,
        "EBIT": -12,
        "Net Income": -10
    },
    "2020-06-30": {
        "Diluted EPS": -5.29,
        "Total Revenue": 0,
        "Gross Profit": 0,
        "Operating Income": -11,
        "EBIT": -11,
        "Net Income": -11
    },
    "2020-03-31": {
        "Diluted EPS": -4.16,
        "Total Revenue": 0,
        "Gross Profit": 0,
        "Operating Income": -9,
        "EBIT": -9,
        "Net Income": -9
    },
    "2019-12-31": {
        "Diluted EPS": 0.0,
        "Total Revenue": NaN,
        "Gross Profit": NaN,
        "Operating Income": NaN,
        "EBIT": NaN,
        "Net Income": NaN
    },
    "2023-06-30": {
        "Tax Effect Of Unusual Items": NaN,
        "Tax Rate For Calcs": NaN,
        "Normalized EBITDA": NaN,
        "Total Unusual Items": 0.0,
        "Total Unusual Items Excluding Goodwill": 0.0,
        "Net Income From Continuing Operation Net Minority Interest": NaN,
        "Reconciled Depreciation": NaN,
        "EBITDA": NaN,
        "EBIT": NaN,
        "Net Interest Income": NaN,
        "Interest Income": NaN,
        "Normalized Income": NaN,
        "Net Income From Continuing And Discontinued Operation": NaN,
        "Total Expenses": NaN,
        "Total Operating Income As Reported": NaN,
        "Diluted Average Shares": 37750393.0,
        "Basic Average Shares": 37750393.0,
        "Diluted EPS": -0.48,
        "Basic EPS": -0.48,
        "Diluted NI Availto Com Stockholders": NaN,
        "Net Income Common Stockholders": NaN,
        "Net Income": NaN,
        "Net Income Including Noncontrolling Interests": NaN,
        "Net Income Continuous Operations": NaN,
        "Pretax Income": NaN,
        "Other Income Expense": NaN,
        "Other Non Operating Income Expenses": NaN,
        "Special Income Charges": 0.0,
        "Restructuring And Mergern Acquisition": 0.0,
        "Net Non Operating Interest Income Expense": NaN,
        "Interest Income Non Operating": NaN,
        "Operating Income": NaN,
        "Operating Expense": NaN,
        "Research And Development": NaN,
        "Selling General And Administration": NaN,
        "General And Administrative Expense": NaN,
        "Other Gand A": NaN,
        "Total Revenue": NaN,
        "Operating Revenue": NaN
    },
    "2023-09-30": {
        "Tax Effect Of Unusual Items": 0.0,
        "Tax Rate For Calcs": 0.0,
        "Normalized EBITDA": -17721000.0,
        "Total Unusual Items": 0.0,
        "Total Unusual Items Excluding Goodwill": 0.0,
        "Net Income From Continuing Operation Net Minority Interest": -16257000.0,
        "Reconciled Depreciation": 462000.0,
        "EBITDA": -17721000.0,
        "EBIT": -18183000.0,
        "Net Interest Income": 1926000.0,
        "Interest Income": 1926000.0,
        "Normalized Income": -16257000.0,
        "Net Income From Continuing And Discontinued Operation": -16257000.0,
        "Total Expenses": 20711000.0,
        "Total Operating Income As Reported": -18183000.0,
        "Diluted Average Shares": 37868480.0,
        "Basic Average Shares": 37868480.0,
        "Diluted EPS": -0.43,
        "Basic EPS": -0.43,
        "Diluted NI Availto Com Stockholders": -16257000.0,
        "Net Income Common Stockholders": -16257000.0,
        "Net Income": -16257000.0,
        "Net Income Including Noncontrolling Interests": -16257000.0,
        "Net Income Continuous Operations": -16257000.0,
        "Pretax Income": -16257000.0,
        "Other Income Expense": NaN,
        "Other Non Operating Income Expenses": NaN,
        "Special Income Charges": 0.0,
        "Restructuring And Mergern Acquisition": 0.0,
        "Net Non Operating Interest Income Expense": 1926000.0,
        "Interest Income Non Operating": 1926000.0,
        "Operating Income": -18183000.0,
        "Operating Expense": 20711000.0,
        "Research And Development": 14951000.0,
        "Selling General And Administration": 5760000.0,
        "General And Administrative Expense": 5760000.0,
        "Other Gand A": 5760000.0,
        "Total Revenue": 2528000.0,
        "Operating Revenue": 2528000.0
    },
    "2023-12-31": {
        "Tax Effect Of Unusual Items": 0.0,
        "Tax Rate For Calcs": 0.0,
        "Normalized EBITDA": -19299000.0,
        "Total Unusual Items": NaN,
        "Total Unusual Items Excluding Goodwill": NaN,
        "Net Income From Continuing Operation Net Minority Interest": -17903000.0,
        "Reconciled Depreciation": 467000.0,
        "EBITDA": -19299000.0,
        "EBIT": -19766000.0,
        "Net Interest Income": 1863000.0,
        "Interest Income": 1863000.0,
        "Normalized Income": -17903000.0,
        "Net Income From Continuing And Discontinued Operation": -17903000.0,
        "Total Expenses": 21855000.0,
        "Total Operating Income As Reported": -19766000.0,
        "Diluted Average Shares": NaN,
        "Basic Average Shares": NaN,
        "Diluted EPS": NaN,
        "Basic EPS": NaN,
        "Diluted NI Availto Com Stockholders": -17903000.0,
        "Net Income Common Stockholders": -17903000.0,
        "Net Income": -17903000.0,
        "Net Income Including Noncontrolling Interests": -17903000.0,
        "Net Income Continuous Operations": -17903000.0,
        "Pretax Income": -17903000.0,
        "Other Income Expense": NaN,
        "Other Non Operating Income Expenses": NaN,
        "Special Income Charges": NaN,
        "Restructuring And Mergern Acquisition": NaN,
        "Net Non Operating Interest Income Expense": 1863000.0,
        "Interest Income Non Operating": 1863000.0,
        "Operating Income": -19766000.0,
        "Operating Expense": 21855000.0,
        "Research And Development": 16322000.0,
        "Selling General And Administration": 5533000.0,
        "General And Administrative Expense": 5533000.0,
        "Other Gand A": 5533000.0,
        "Total Revenue": 2089000.0,
        "Operating Revenue": 2089000.0
    },
    "2024-03-31": {
        "Tax Effect Of Unusual Items": 0.0,
        "Tax Rate For Calcs": 0.0,
        "Normalized EBITDA": -16634000.0,
        "Total Unusual Items": NaN,
        "Total Unusual Items Excluding Goodwill": NaN,
        "Net Income From Continuing Operation Net Minority Interest": -10811000.0,
        "Reconciled Depreciation": 458000.0,
        "EBITDA": -16634000.0,
        "EBIT": -17092000.0,
        "Net Interest Income": 1606000.0,
        "Interest Income": 1606000.0,
        "Normalized Income": -10811000.0,
        "Net Income From Continuing And Discontinued Operation": -10811000.0,
        "Total Expenses": 22366000.0,
        "Total Operating Income As Reported": -17092000.0,
        "Diluted Average Shares": 38068424.0,
        "Basic Average Shares": 38068424.0,
        "Diluted EPS": -0.28,
        "Basic EPS": -0.28,
        "Diluted NI Availto Com Stockholders": -10811000.0,
        "Net Income Common Stockholders": -10811000.0,
        "Net Income": -10811000.0,
        "Net Income Including Noncontrolling Interests": -10811000.0,
        "Net Income Continuous Operations": -10811000.0,
        "Pretax Income": -10811000.0,
        "Other Income Expense": 4675000.0,
        "Other Non Operating Income Expenses": 4675000.0,
        "Special Income Charges": NaN,
        "Restructuring And Mergern Acquisition": NaN,
        "Net Non Operating Interest Income Expense": 1606000.0,
        "Interest Income Non Operating": 1606000.0,
        "Operating Income": -17092000.0,
        "Operating Expense": 22366000.0,
        "Research And Development": 16529000.0,
        "Selling General And Administration": 5837000.0,
        "General And Administrative Expense": 5837000.0,
        "Other Gand A": 5837000.0,
        "Total Revenue": 5274000.0,
        "Operating Revenue": 5274000.0
    },
    "2024-06-30": {
        "Tax Effect Of Unusual Items": 0.0,
        "Tax Rate For Calcs": 0.0,
        "Normalized EBITDA": -15010000.0,
        "Total Unusual Items": -3565000.0,
        "Total Unusual Items Excluding Goodwill": -3565000.0,
        "Net Income From Continuing Operation Net Minority Interest": -21195000.0,
        "Reconciled Depreciation": 457000.0,
        "EBITDA": -18575000.0,
        "EBIT": -19032000.0,
        "Net Interest Income": 1402000.0,
        "Interest Income": 1402000.0,
        "Normalized Income": -17630000.0,
        "Net Income From Continuing And Discontinued Operation": -21195000.0,
        "Total Expenses": 20307000.0,
        "Total Operating Income As Reported": -22597000.0,
        "Diluted Average Shares": 38128344.0,
        "Basic Average Shares": 38128344.0,
        "Diluted EPS": -0.56,
        "Basic EPS": -0.56,
        "Diluted NI Availto Com Stockholders": -21195000.0,
        "Net Income Common Stockholders": -21195000.0,
        "Net Income": -21195000.0,
        "Net Income Including Noncontrolling Interests": -21195000.0,
        "Net Income Continuous Operations": -21195000.0,
        "Pretax Income": -21195000.0,
        "Other Income Expense": -3565000.0,
        "Other Non Operating Income Expenses": NaN,
        "Special Income Charges": -3565000.0,
        "Restructuring And Mergern Acquisition": 3565000.0,
        "Net Non Operating Interest Income Expense": 1402000.0,
        "Interest Income Non Operating": 1402000.0,
        "Operating Income": -19032000.0,
        "Operating Expense": 20307000.0,
        "Research And Development": 15433000.0,
        "Selling General And Administration": 4874000.0,
        "General And Administrative Expense": 4874000.0,
        "Other Gand A": 4874000.0,
        "Total Revenue": 1275000.0,
        "Operating Revenue": 1275000.0
    },
    "2024-09-30": {
        "Tax Effect Of Unusual Items": 0.0,
        "Tax Rate For Calcs": 0.0,
        "Normalized EBITDA": -16003000.0,
        "Total Unusual Items": 0.0,
        "Total Unusual Items Excluding Goodwill": 0.0,
        "Net Income From Continuing Operation Net Minority Interest": -15176000.0,
        "Reconciled Depreciation": 440000.0,
        "EBITDA": -16003000.0,
        "EBIT": -16443000.0,
        "Net Interest Income": 1267000.0,
        "Interest Income": 1267000.0,
        "Normalized Income": -15176000.0,
        "Net Income From Continuing And Discontinued Operation": -15176000.0,
        "Total Expenses": 17584000.0,
        "Total Operating Income As Reported": -16443000.0,
        "Diluted Average Shares": 38250982.0,
        "Basic Average Shares": 38250982.0,
        "Diluted EPS": -0.4,
        "Basic EPS": -0.4,
        "Diluted NI Availto Com Stockholders": -15176000.0,
        "Net Income Common Stockholders": -15176000.0,
        "Net Income": -15176000.0,
        "Net Income Including Noncontrolling Interests": -15176000.0,
        "Net Income Continuous Operations": -15176000.0,
        "Pretax Income": -15176000.0,
        "Other Income Expense": NaN,
        "Other Non Operating Income Expenses": NaN,
        "Special Income Charges": 0.0,
        "Restructuring And Mergern Acquisition": 0.0,
        "Net Non Operating Interest Income Expense": 1267000.0,
        "Interest Income Non Operating": 1267000.0,
        "Operating Income": -16443000.0,
        "Operating Expense": 17584000.0,
        "Research And Development": 13785000.0,
        "Selling General And Administration": 3799000.0,
        "General And Administrative Expense": 3799000.0,
        "Other Gand A": 3799000.0,
        "Total Revenue": 1141000.0,
        "Operating Revenue": 1141000.0
    }
}