{
    "2023-04-30": {
        "Tax Effect Of Unusual Items": NaN,
        "Tax Rate For Calcs": NaN,
        "Normalized EBITDA": NaN,
        "Net Income From Continuing Operation Net Minority Interest": NaN,
        "Reconciled Depreciation": NaN,
        "Reconciled Cost Of Revenue": NaN,
        "EBITDA": NaN,
        "EBIT": NaN,
        "Net Interest Income": NaN,
        "Interest Expense": NaN,
        "Interest Income": NaN,
        "Normalized Income": NaN,
        "Net Income From Continuing And Discontinued Operation": NaN,
        "Total Expenses": NaN,
        "Total Operating Income As Reported": NaN,
        "Diluted Average Shares": NaN,
        "Basic Average Shares": NaN,
        "Diluted EPS": NaN,
        "Basic EPS": NaN,
        "Diluted NI Availto Com Stockholders": NaN,
        "Net Income Common Stockholders": NaN,
        "Otherunder Preferred Stock Dividend": NaN,
        "Preferred Stock Dividends": NaN,
        "Net Income": NaN,
        "Net Income Including Noncontrolling Interests": NaN,
        "Net Income Continuous Operations": NaN,
        "Tax Provision": NaN,
        "Pretax Income": NaN,
        "Net Non Operating Interest Income Expense": NaN,
        "Total Other Finance Cost": -2318000.0,
        "Interest Expense Non Operating": NaN,
        "Interest Income Non Operating": NaN,
        "Operating Income": NaN,
        "Operating Expense": NaN,
        "Research And Development": NaN,
        "Selling General And Administration": NaN,
        "Selling And Marketing Expense": NaN,
        "General And Administrative Expense": NaN,
        "Other Gand A": NaN,
        "Salaries And Wages": NaN,
        "Gross Profit": NaN,
        "Cost Of Revenue": NaN,
        "Total Revenue": NaN,
        "Operating Revenue": NaN
    },
    "2023-01-31": {
        "Tax Effect Of Unusual Items": NaN,
        "Tax Rate For Calcs": NaN,
        "Normalized EBITDA": NaN,
        "Net Income From Continuing Operation Net Minority Interest": NaN,
        "Reconciled Depreciation": NaN,
        "Reconciled Cost Of Revenue": NaN,
        "EBITDA": NaN,
        "EBIT": NaN,
        "Net Interest Income": NaN,
        "Normalized Income": NaN,
        "Net Income From Continuing And Discontinued Operation": NaN,
        "Total Expenses": NaN,
        "Total Operating Income As Reported": NaN,
        "Diluted Average Shares": 150518000.0,
        "Basic Average Shares": 143555000.0,
        "Diluted EPS": 0.1,
        "Basic EPS": 0.1,
        "Diluted NI Availto Com Stockholders": NaN,
        "Net Income Common Stockholders": NaN,
        "Otherunder Preferred Stock Dividend": NaN,
        "Preferred Stock Dividends": NaN,
        "Net Income": NaN,
        "Net Income Including Noncontrolling Interests": NaN,
        "Net Income Continuous Operations": NaN,
        "Tax Provision": NaN,
        "Pretax Income": NaN,
        "Net Non Operating Interest Income Expense": NaN,
        "Total Other Finance Cost": NaN,
        "Operating Income": NaN,
        "Operating Expense": NaN,
        "Research And Development": NaN,
        "Selling General And Administration": NaN,
        "Selling And Marketing Expense": NaN,
        "General And Administrative Expense": NaN,
        "Other Gand A": NaN,
        "Salaries And Wages": NaN,
        "Gross Profit": NaN,
        "Cost Of Revenue": NaN,
        "Total Revenue": NaN,
        "Operating Revenue": NaN
    },
    "2022-10-31": {
        "Tax Effect Of Unusual Items": NaN,
        "Tax Rate For Calcs": NaN,
        "Normalized EBITDA": NaN,
        "Net Income From Continuing Operation Net Minority Interest": NaN,
        "Reconciled Depreciation": NaN,
        "Reconciled Cost Of Revenue": NaN,
        "EBITDA": NaN,
        "EBIT": NaN,
        "Net Interest Income": NaN,
        "Interest Expense": 1427000.0,
        "Normalized Income": NaN,
        "Net Income From Continuing And Discontinued Operation": NaN,
        "Total Expenses": NaN,
        "Total Operating Income As Reported": NaN,
        "Diluted Average Shares": NaN,
        "Basic Average Shares": NaN,
        "Diluted EPS": NaN,
        "Basic EPS": NaN,
        "Diluted NI Availto Com Stockholders": NaN,
        "Net Income Common Stockholders": NaN,
        "Otherunder Preferred Stock Dividend": NaN,
        "Preferred Stock Dividends": NaN,
        "Net Income": NaN,
        "Net Income Including Noncontrolling Interests": NaN,
        "Net Income Continuous Operations": NaN,
        "Tax Provision": NaN,
        "Pretax Income": NaN,
        "Net Non Operating Interest Income Expense": NaN,
        "Total Other Finance Cost": NaN,
        "Interest Expense Non Operating": 1427000.0,
        "Operating Income": NaN,
        "Operating Expense": NaN,
        "Research And Development": NaN,
        "Selling General And Administration": NaN,
        "Selling And Marketing Expense": NaN,
        "General And Administrative Expense": NaN,
        "Other Gand A": NaN,
        "Salaries And Wages": NaN,
        "Gross Profit": NaN,
        "Cost Of Revenue": NaN,
        "Total Revenue": NaN,
        "Operating Revenue": NaN
    },
    "2022-07-31": {
        "Tax Effect Of Unusual Items": 0.0,
        "Tax Rate For Calcs": 0.4,
        "Normalized EBITDA": 20921000.0,
        "Net Income From Continuing Operation Net Minority Interest": 1045000.0,
        "Reconciled Depreciation": 17781000.0,
        "Reconciled Cost Of Revenue": 64843000.0,
        "EBITDA": 20921000.0,
        "EBIT": 3140000.0,
        "Net Interest Income": -651000.0,
        "Interest Expense": 651000.0,
        "Normalized Income": 1045000.0,
        "Net Income From Continuing And Discontinued Operation": 1045000.0,
        "Total Expenses": 242875000.0,
        "Total Operating Income As Reported": 3140000.0,
        "Diluted Average Shares": 143739000.0,
        "Basic Average Shares": 143739000.0,
        "Diluted EPS": -0.02,
        "Basic EPS": -0.02,
        "Diluted NI Availto Com Stockholders": -3259000.0,
        "Net Income Common Stockholders": -3259000.0,
        "Otherunder Preferred Stock Dividend": NaN,
        "Preferred Stock Dividends": 4304000.0,
        "Net Income": 1045000.0,
        "Net Income Including Noncontrolling Interests": 1045000.0,
        "Net Income Continuous Operations": 1045000.0,
        "Tax Provision": 1444000.0,
        "Pretax Income": 2489000.0,
        "Net Non Operating Interest Income Expense": -651000.0,
        "Total Other Finance Cost": NaN,
        "Interest Expense Non Operating": 651000.0,
        "Operating Income": 3140000.0,
        "Operating Expense": 178032000.0,
        "Research And Development": 61965000.0,
        "Selling General And Administration": 116067000.0,
        "Selling And Marketing Expense": 83442000.0,
        "General And Administrative Expense": 32625000.0,
        "Other Gand A": 32625000.0,
        "Salaries And Wages": NaN,
        "Gross Profit": 181172000.0,
        "Cost Of Revenue": 64843000.0,
        "Total Revenue": 246015000.0,
        "Operating Revenue": 246015000.0
    },
    "2023-07-31": {
        "Tax Effect Of Unusual Items": NaN,
        "Tax Rate For Calcs": NaN,
        "Normalized EBITDA": NaN,
        "Net Income From Continuing Operation Net Minority Interest": NaN,
        "Reconciled Depreciation": NaN,
        "Reconciled Cost Of Revenue": NaN,
        "EBITDA": NaN,
        "EBIT": NaN,
        "Net Interest Income": NaN,
        "Interest Expense": NaN,
        "Interest Income": 3293000.0,
        "Normalized Income": NaN,
        "Net Income From Continuing And Discontinued Operation": NaN,
        "Total Expenses": NaN,
        "Total Operating Income As Reported": NaN,
        "Diluted Average Shares": NaN,
        "Basic Average Shares": NaN,
        "Diluted EPS": NaN,
        "Basic EPS": NaN,
        "Diluted NI Availto Com Stockholders": NaN,
        "Net Income Common Stockholders": NaN,
        "Otherunder Preferred Stock Dividend": NaN,
        "Preferred Stock Dividends": NaN,
        "Net Income": NaN,
        "Net Income Including Noncontrolling Interests": NaN,
        "Net Income Continuous Operations": NaN,
        "Tax Provision": NaN,
        "Pretax Income": NaN,
        "Net Non Operating Interest Income Expense": NaN,
        "Total Other Finance Cost": -3293000.0,
        "Interest Expense Non Operating": NaN,
        "Interest Income Non Operating": 3293000.0,
        "Operating Income": NaN,
        "Operating Expense": NaN,
        "Research And Development": NaN,
        "Selling General And Administration": NaN,
        "Selling And Marketing Expense": NaN,
        "General And Administrative Expense": NaN,
        "Other Gand A": NaN,
        "Salaries And Wages": 29394000.0,
        "Gross Profit": NaN,
        "Cost Of Revenue": NaN,
        "Total Revenue": NaN,
        "Operating Revenue": NaN
    },
    "2023-10-31": {
        "Tax Effect Of Unusual Items": NaN,
        "Tax Rate For Calcs": NaN,
        "Normalized EBITDA": NaN,
        "Net Income From Continuing Operation Net Minority Interest": NaN,
        "Reconciled Depreciation": NaN,
        "Reconciled Cost Of Revenue": NaN,
        "EBITDA": NaN,
        "EBIT": NaN,
        "Net Interest Income": NaN,
        "Interest Expense": NaN,
        "Interest Income": 1801000.0,
        "Normalized Income": NaN,
        "Net Income From Continuing And Discontinued Operation": NaN,
        "Total Expenses": NaN,
        "Total Operating Income As Reported": NaN,
        "Diluted Average Shares": NaN,
        "Basic Average Shares": NaN,
        "Diluted EPS": NaN,
        "Basic EPS": NaN,
        "Diluted NI Availto Com Stockholders": NaN,
        "Net Income Common Stockholders": NaN,
        "Otherunder Preferred Stock Dividend": NaN,
        "Preferred Stock Dividends": NaN,
        "Net Income": NaN,
        "Net Income Including Noncontrolling Interests": NaN,
        "Net Income Continuous Operations": NaN,
        "Tax Provision": NaN,
        "Pretax Income": NaN,
        "Other Income Expense": NaN,
        "Other Non Operating Income Expenses": NaN,
        "Net Non Operating Interest Income Expense": NaN,
        "Total Other Finance Cost": -1801000.0,
        "Interest Expense Non Operating": NaN,
        "Interest Income Non Operating": 1801000.0,
        "Operating Income": NaN,
        "Operating Expense": NaN,
        "Research And Development": NaN,
        "Selling General And Administration": NaN,
        "Selling And Marketing Expense": NaN,
        "General And Administrative Expense": NaN,
        "Other Gand A": NaN,
        "Gross Profit": NaN,
        "Cost Of Revenue": NaN,
        "Total Revenue": NaN,
        "Operating Revenue": NaN
    },
    "2024-01-31": {
        "Tax Effect Of Unusual Items": NaN,
        "Tax Rate For Calcs": NaN,
        "Normalized EBITDA": NaN,
        "Net Income From Continuing Operation Net Minority Interest": NaN,
        "Reconciled Depreciation": NaN,
        "Reconciled Cost Of Revenue": NaN,
        "EBITDA": NaN,
        "EBIT": NaN,
        "Net Interest Income": NaN,
        "Interest Expense": NaN,
        "Interest Income": NaN,
        "Normalized Income": NaN,
        "Net Income From Continuing And Discontinued Operation": NaN,
        "Total Expenses": NaN,
        "Total Operating Income As Reported": NaN,
        "Diluted Average Shares": NaN,
        "Basic Average Shares": NaN,
        "Diluted EPS": NaN,
        "Basic EPS": NaN,
        "Diluted NI Availto Com Stockholders": NaN,
        "Net Income Common Stockholders": NaN,
        "Otherunder Preferred Stock Dividend": NaN,
        "Preferred Stock Dividends": NaN,
        "Net Income": NaN,
        "Net Income Including Noncontrolling Interests": NaN,
        "Net Income Continuous Operations": NaN,
        "Tax Provision": NaN,
        "Pretax Income": NaN,
        "Other Income Expense": NaN,
        "Other Non Operating Income Expenses": NaN,
        "Net Non Operating Interest Income Expense": NaN,
        "Total Other Finance Cost": -4421000.0,
        "Interest Expense Non Operating": NaN,
        "Interest Income Non Operating": NaN,
        "Operating Income": NaN,
        "Operating Expense": NaN,
        "Research And Development": NaN,
        "Selling General And Administration": NaN,
        "Selling And Marketing Expense": NaN,
        "General And Administrative Expense": NaN,
        "Other Gand A": NaN,
        "Gross Profit": NaN,
        "Cost Of Revenue": NaN,
        "Total Revenue": NaN,
        "Operating Revenue": NaN
    },
    "2024-04-30": {
        "Tax Effect Of Unusual Items": NaN,
        "Tax Rate For Calcs": NaN,
        "Normalized EBITDA": NaN,
        "Net Income From Continuing Operation Net Minority Interest": NaN,
        "Reconciled Depreciation": NaN,
        "Reconciled Cost Of Revenue": NaN,
        "EBITDA": NaN,
        "EBIT": NaN,
        "Net Interest Income": NaN,
        "Interest Expense": 805000.0,
        "Interest Income": 5689000.0,
        "Normalized Income": NaN,
        "Net Income From Continuing And Discontinued Operation": NaN,
        "Total Expenses": NaN,
        "Total Operating Income As Reported": NaN,
        "Diluted Average Shares": NaN,
        "Basic Average Shares": NaN,
        "Diluted EPS": NaN,
        "Basic EPS": NaN,
        "Diluted NI Availto Com Stockholders": NaN,
        "Net Income Common Stockholders": NaN,
        "Otherunder Preferred Stock Dividend": NaN,
        "Preferred Stock Dividends": NaN,
        "Net Income": NaN,
        "Net Income Including Noncontrolling Interests": NaN,
        "Net Income Continuous Operations": NaN,
        "Tax Provision": NaN,
        "Pretax Income": NaN,
        "Other Income Expense": -1026000.0,
        "Other Non Operating Income Expenses": -1026000.0,
        "Net Non Operating Interest Income Expense": NaN,
        "Total Other Finance Cost": -3858000.0,
        "Interest Expense Non Operating": 805000.0,
        "Interest Income Non Operating": 5689000.0,
        "Operating Income": NaN,
        "Operating Expense": NaN,
        "Research And Development": NaN,
        "Selling General And Administration": NaN,
        "Selling And Marketing Expense": NaN,
        "General And Administrative Expense": NaN,
        "Other Gand A": NaN,
        "Gross Profit": NaN,
        "Cost Of Revenue": NaN,
        "Total Revenue": NaN,
        "Operating Revenue": NaN
    },
    "2024-07-31": {
        "Tax Effect Of Unusual Items": 0.0,
        "Tax Rate For Calcs": 0.179471,
        "Normalized EBITDA": 31071000.0,
        "Net Income From Continuing Operation Net Minority Interest": 20496000.0,
        "Reconciled Depreciation": 5296000.0,
        "Reconciled Cost Of Revenue": 55513000.0,
        "EBITDA": 31071000.0,
        "EBIT": 25775000.0,
        "Net Interest Income": 4591000.0,
        "Interest Expense": 796000.0,
        "Interest Income": 5387000.0,
        "Normalized Income": 20496000.0,
        "Net Income From Continuing And Discontinued Operation": 20496000.0,
        "Total Expenses": 249759000.0,
        "Total Operating Income As Reported": 20280000.0,
        "Diluted Average Shares": 146525000.0,
        "Basic Average Shares": 144070000.0,
        "Diluted EPS": 0.1,
        "Basic EPS": 0.1,
        "Diluted NI Availto Com Stockholders": 14341000.0,
        "Net Income Common Stockholders": 14341000.0,
        "Otherunder Preferred Stock Dividend": 1845000.0,
        "Preferred Stock Dividends": 4310000.0,
        "Net Income": 20496000.0,
        "Net Income Including Noncontrolling Interests": 20496000.0,
        "Net Income Continuous Operations": 20496000.0,
        "Tax Provision": 4483000.0,
        "Pretax Income": 24979000.0,
        "Other Income Expense": 108000.0,
        "Other Non Operating Income Expenses": 108000.0,
        "Net Non Operating Interest Income Expense": 4591000.0,
        "Total Other Finance Cost": NaN,
        "Interest Expense Non Operating": 796000.0,
        "Interest Income Non Operating": 5387000.0,
        "Operating Income": 20280000.0,
        "Operating Expense": 194246000.0,
        "Research And Development": 65445000.0,
        "Selling General And Administration": 128801000.0,
        "Selling And Marketing Expense": 95235000.0,
        "General And Administrative Expense": 33566000.0,
        "Other Gand A": 33566000.0,
        "Gross Profit": 214526000.0,
        "Cost Of Revenue": 55513000.0,
        "Total Revenue": 270039000.0,
        "Operating Revenue": 270039000.0
    },
    "2024-10-31": {
        "Tax Effect Of Unusual Items": 0.0,
        "Tax Rate For Calcs": 0.254395,
        "Normalized EBITDA": 29337000.0,
        "Net Income From Continuing Operation Net Minority Interest": 12893000.0,
        "Reconciled Depreciation": 5926000.0,
        "Reconciled Cost Of Revenue": 55556000.0,
        "EBITDA": 29337000.0,
        "EBIT": 23411000.0,
        "Net Interest Income": -6119000.0,
        "Interest Expense": 6119000.0,
        "Interest Income": NaN,
        "Normalized Income": 12893000.0,
        "Net Income From Continuing And Discontinued Operation": 12893000.0,
        "Total Expenses": 252502000.0,
        "Total Operating Income As Reported": 23411000.0,
        "Diluted Average Shares": 149071000.0,
        "Basic Average Shares": 143479000.0,
        "Diluted EPS": 0.05,
        "Basic EPS": 0.05,
        "Diluted NI Availto Com Stockholders": 7626000.0,
        "Net Income Common Stockholders": 7626000.0,
        "Otherunder Preferred Stock Dividend": 985000.0,
        "Preferred Stock Dividends": 4282000.0,
        "Net Income": 12893000.0,
        "Net Income Including Noncontrolling Interests": 12893000.0,
        "Net Income Continuous Operations": 12893000.0,
        "Tax Provision": 4399000.0,
        "Pretax Income": 17292000.0,
        "Other Income Expense": NaN,
        "Other Non Operating Income Expenses": NaN,
        "Net Non Operating Interest Income Expense": -6119000.0,
        "Total Other Finance Cost": NaN,
        "Interest Expense Non Operating": 6119000.0,
        "Interest Income Non Operating": NaN,
        "Operating Income": 23411000.0,
        "Operating Expense": 196946000.0,
        "Research And Development": 67865000.0,
        "Selling General And Administration": 129081000.0,
        "Selling And Marketing Expense": 95407000.0,
        "General And Administrative Expense": 33674000.0,
        "Other Gand A": 33674000.0,
        "Gross Profit": 220357000.0,
        "Cost Of Revenue": 55556000.0,
        "Total Revenue": 275913000.0,
        "Operating Revenue": 275913000.0
    },
    "2025-01-31": {
        "Tax Effect Of Unusual Items": 0.0,
        "Tax Rate For Calcs": 0.21,
        "Normalized EBITDA": 35730000.0,
        "Net Income From Continuing Operation Net Minority Interest": 194010000.0,
        "Reconciled Depreciation": 6193000.0,
        "Reconciled Cost Of Revenue": 58784000.0,
        "EBITDA": 35730000.0,
        "EBIT": 29537000.0,
        "Net Interest Income": 15196000.0,
        "Interest Expense": NaN,
        "Interest Income": 21271000.0,
        "Normalized Income": 194010000.0,
        "Net Income From Continuing And Discontinued Operation": 194010000.0,
        "Total Expenses": 261584000.0,
        "Total Operating Income As Reported": 17936000.0,
        "Diluted Average Shares": 150485000.0,
        "Basic Average Shares": 144088000.0,
        "Diluted EPS": 1.12,
        "Basic EPS": 1.17,
        "Diluted NI Availto Com Stockholders": 168090000.0,
        "Net Income Common Stockholders": 168090000.0,
        "Otherunder Preferred Stock Dividend": 21609000.0,
        "Preferred Stock Dividends": 4311000.0,
        "Net Income": 194010000.0,
        "Net Income Including Noncontrolling Interests": 194010000.0,
        "Net Income Continuous Operations": 194010000.0,
        "Tax Provision": -172986000.0,
        "Pretax Income": 21024000.0,
        "Other Income Expense": NaN,
        "Other Non Operating Income Expenses": NaN,
        "Net Non Operating Interest Income Expense": 15196000.0,
        "Total Other Finance Cost": NaN,
        "Interest Expense Non Operating": NaN,
        "Interest Income Non Operating": 21271000.0,
        "Operating Income": 17936000.0,
        "Operating Expense": 202800000.0,
        "Research And Development": 68870000.0,
        "Selling General And Administration": 133930000.0,
        "Selling And Marketing Expense": 96839000.0,
        "General And Administrative Expense": 37091000.0,
        "Other Gand A": 37091000.0,
        "Gross Profit": 220736000.0,
        "Cost Of Revenue": 58784000.0,
        "Total Revenue": 279520000.0,
        "Operating Revenue": 279520000.0
    },
    "2025-04-30": {
        "Tax Effect Of Unusual Items": 0.0,
        "Tax Rate For Calcs": 0.376598,
        "Normalized EBITDA": 22736000.0,
        "Net Income From Continuing Operation Net Minority Interest": 8194000.0,
        "Reconciled Depreciation": 6896000.0,
        "Reconciled Cost Of Revenue": 60673000.0,
        "EBITDA": 22736000.0,
        "EBIT": 15840000.0,
        "Net Interest Income": 4002000.0,
        "Interest Expense": 2696000.0,
        "Interest Income": 6698000.0,
        "Normalized Income": 8194000.0,
        "Net Income From Continuing And Discontinued Operation": 8194000.0,
        "Total Expenses": 269934000.0,
        "Total Operating Income As Reported": 6338000.0,
        "Diluted Average Shares": 149614000.0,
        "Basic Average Shares": 144434000.0,
        "Diluted EPS": 0.02,
        "Basic EPS": 0.02,
        "Diluted NI Availto Com Stockholders": 3515000.0,
        "Net Income Common Stockholders": 3515000.0,
        "Otherunder Preferred Stock Dividend": 451000.0,
        "Preferred Stock Dividends": 4228000.0,
        "Net Income": 8194000.0,
        "Net Income Including Noncontrolling Interests": 8194000.0,
        "Net Income Continuous Operations": 8194000.0,
        "Tax Provision": 4950000.0,
        "Pretax Income": 13144000.0,
        "Other Income Expense": 2804000.0,
        "Other Non Operating Income Expenses": 2804000.0,
        "Net Non Operating Interest Income Expense": 4002000.0,
        "Total Other Finance Cost": NaN,
        "Interest Expense Non Operating": 2696000.0,
        "Interest Income Non Operating": 6698000.0,
        "Operating Income": 6338000.0,
        "Operating Expense": 209261000.0,
        "Research And Development": 72301000.0,
        "Selling General And Administration": 136960000.0,
        "Selling And Marketing Expense": 99099000.0,
        "General And Administrative Expense": 37861000.0,
        "Other Gand A": 37861000.0,
        "Gross Profit": 215599000.0,
        "Cost Of Revenue": 60673000.0,
        "Total Revenue": 276272000.0,
        "Operating Revenue": 276272000.0
    },
    "2025-07-31": {
        "Tax Effect Of Unusual Items": 0.0,
        "Tax Rate For Calcs": 0.21,
        "Normalized EBITDA": 34151000.0,
        "Net Income From Continuing Operation Net Minority Interest": 13445000.0,
        "Reconciled Depreciation": 7730000.0,
        "Reconciled Cost Of Revenue": 61522000.0,
        "EBITDA": 34151000.0,
        "EBIT": 26421000.0,
        "Net Interest Income": 4035000.0,
        "Interest Expense": 2680000.0,
        "Interest Income": 6715000.0,
        "Normalized Income": 13445000.0,
        "Net Income From Continuing And Discontinued Operation": 13445000.0,
        "Total Expenses": 273421000.0,
        "Total Operating Income As Reported": 20578000.0,
        "Diluted Average Shares": 151102000.0,
        "Basic Average Shares": 144896000.0,
        "Diluted EPS": 0.05,
        "Basic EPS": 0.06,
        "Diluted NI Availto Com Stockholders": 8097000.0,
        "Net Income Common Stockholders": 8097000.0,
        "Otherunder Preferred Stock Dividend": 1036000.0,
        "Preferred Stock Dividends": 4312000.0,
        "Net Income": 13445000.0,
        "Net Income Including Noncontrolling Interests": 13445000.0,
        "Net Income Continuous Operations": 13445000.0,
        "Tax Provision": 10296000.0,
        "Pretax Income": 23741000.0,
        "Other Income Expense": -872000.0,
        "Other Non Operating Income Expenses": -872000.0,
        "Net Non Operating Interest Income Expense": 4035000.0,
        "Total Other Finance Cost": NaN,
        "Interest Expense Non Operating": 2680000.0,
        "Interest Income Non Operating": 6715000.0,
        "Operating Income": 20578000.0,
        "Operating Expense": 211899000.0,
        "Research And Development": 71717000.0,
        "Selling General And Administration": 140182000.0,
        "Selling And Marketing Expense": 102198000.0,
        "General And Administrative Expense": 37984000.0,
        "Other Gand A": 37984000.0,
        "Gross Profit": 232477000.0,
        "Cost Of Revenue": 61522000.0,
        "Total Revenue": 293999000.0,
        "Operating Revenue": 293999000.0
    }
}