{
    "2023-03-31": {
        "Tax Effect Of Unusual Items": 18850000.0,
        "Tax Rate For Calcs": 0.29,
        "Normalized EBITDA": 16475000000.0,
        "Total Unusual Items": 65000000.0,
        "Total Unusual Items Excluding Goodwill": 65000000.0,
        "Net Income From Continuing Operation Net Minority Interest": 8218000000.0,
        "Reconciled Depreciation": 3850000000.0,
        "Reconciled Cost Of Revenue": 40378000000.0,
        "EBITDA": 16540000000.0,
        "EBIT": 12690000000.0,
        "Net Interest Income": -537000000.0,
        "Interest Expense": 843000000.0,
        "Interest Income": 248000000.0,
        "Normalized Income": 8171850000.0,
        "Net Income From Continuing And Discontinued Operation": 8218000000.0,
        "Total Expenses": 44231000000.0,
        "Diluted Average Shares": 3039753667.0,
        "Basic Average Shares": 2981909167.0,
        "Diluted EPS": 2.7036,
        "Basic EPS": 2.7558,
        "Diluted NI Availto Com Stockholders": 8218000000.0,
        "Net Income Common Stockholders": 8218000000.0,
        "Otherunder Preferred Stock Dividend": 0.0,
        "Preferred Stock Dividends": NaN,
        "Net Income": 8218000000.0,
        "Minority Interests": -204000000.0,
        "Net Income Including Noncontrolling Interests": 8422000000.0,
        "Net Income Continuous Operations": 8422000000.0,
        "Tax Provision": 3425000000.0,
        "Pretax Income": 11847000000.0,
        "Special Income Charges": 65000000.0,
        "Other Special Charges": -153000000.0,
        "Impairment Of Capital Assets": 88000000.0,
        "Net Non Operating Interest Income Expense": -537000000.0,
        "Total Other Finance Cost": -58000000.0,
        "Interest Expense Non Operating": 843000000.0,
        "Interest Income Non Operating": 248000000.0,
        "Operating Income": 11951000000.0,
        "Operating Expense": 3853000000.0,
        "Other Operating Expenses": 106000000.0,
        "Selling General And Administration": 3747000000.0,
        "General And Administrative Expense": 3747000000.0,
        "Gross Profit": 15804000000.0,
        "Cost Of Revenue": 40378000000.0,
        "Total Revenue": 56182000000.0,
        "Operating Revenue": 56182000000.0
    },
    "2022-12-31": {
        "Tax Effect Of Unusual Items": NaN,
        "Tax Rate For Calcs": NaN,
        "Normalized EBITDA": NaN,
        "Total Unusual Items": NaN,
        "Total Unusual Items Excluding Goodwill": NaN,
        "Net Income From Continuing Operation Net Minority Interest": NaN,
        "Reconciled Depreciation": NaN,
        "Reconciled Cost Of Revenue": NaN,
        "EBITDA": NaN,
        "EBIT": NaN,
        "Net Interest Income": NaN,
        "Interest Expense": NaN,
        "Interest Income": NaN,
        "Normalized Income": NaN,
        "Net Income From Continuing And Discontinued Operation": NaN,
        "Total Expenses": NaN,
        "Diluted Average Shares": NaN,
        "Basic Average Shares": NaN,
        "Diluted EPS": NaN,
        "Basic EPS": NaN,
        "Diluted NI Availto Com Stockholders": NaN,
        "Net Income Common Stockholders": NaN,
        "Otherunder Preferred Stock Dividend": NaN,
        "Preferred Stock Dividends": 0.0,
        "Net Income": NaN,
        "Minority Interests": NaN,
        "Net Income Including Noncontrolling Interests": NaN,
        "Net Income Continuous Operations": NaN,
        "Tax Provision": NaN,
        "Pretax Income": NaN,
        "Special Income Charges": NaN,
        "Other Special Charges": NaN,
        "Impairment Of Capital Assets": NaN,
        "Net Non Operating Interest Income Expense": NaN,
        "Total Other Finance Cost": NaN,
        "Interest Expense Non Operating": NaN,
        "Interest Income Non Operating": NaN,
        "Operating Income": NaN,
        "Operating Expense": NaN,
        "Other Operating Expenses": NaN,
        "Selling General And Administration": NaN,
        "General And Administrative Expense": NaN,
        "Gross Profit": NaN,
        "Cost Of Revenue": NaN,
        "Total Revenue": NaN,
        "Operating Revenue": NaN
    },
    "2022-09-30": {
        "Tax Effect Of Unusual Items": 579600000.0,
        "Tax Rate For Calcs": 0.4,
        "Normalized EBITDA": 4837000000.0,
        "Total Unusual Items": 1449000000.0,
        "Total Unusual Items Excluding Goodwill": 1449000000.0,
        "Net Income From Continuing Operation Net Minority Interest": -2163000000.0,
        "Reconciled Depreciation": 3657000000.0,
        "Reconciled Cost Of Revenue": 51292000000.0,
        "EBITDA": 6286000000.0,
        "EBIT": 2629000000.0,
        "Net Interest Income": -474000000.0,
        "Interest Expense": 649000000.0,
        "Interest Income": 159000000.0,
        "Normalized Income": -3032400000.0,
        "Net Income From Continuing And Discontinued Operation": -2163000000.0,
        "Total Expenses": 54779000000.0,
        "Diluted Average Shares": 3147620833.0,
        "Basic Average Shares": 3147620833.0,
        "Diluted EPS": -0.687,
        "Basic EPS": -0.687,
        "Diluted NI Availto Com Stockholders": -2163000000.0,
        "Net Income Common Stockholders": -2163000000.0,
        "Otherunder Preferred Stock Dividend": 0.0,
        "Preferred Stock Dividends": 0.0,
        "Net Income": -2163000000.0,
        "Minority Interests": -179000000.0,
        "Net Income Including Noncontrolling Interests": -1984000000.0,
        "Net Income Continuous Operations": -1984000000.0,
        "Tax Provision": 3964000000.0,
        "Pretax Income": 1980000000.0,
        "Special Income Charges": 1449000000.0,
        "Other Special Charges": -1866000000.0,
        "Impairment Of Capital Assets": 417000000.0,
        "Net Non Operating Interest Income Expense": -474000000.0,
        "Total Other Finance Cost": -16000000.0,
        "Interest Expense Non Operating": 649000000.0,
        "Interest Income Non Operating": 159000000.0,
        "Operating Income": 232000000.0,
        "Operating Expense": 3487000000.0,
        "Other Operating Expenses": 225000000.0,
        "Selling General And Administration": 3262000000.0,
        "General And Administrative Expense": 3262000000.0,
        "Gross Profit": 3719000000.0,
        "Cost Of Revenue": 51292000000.0,
        "Total Revenue": 55011000000.0,
        "Operating Revenue": 55011000000.0
    },
    "2022-06-30": {
        "Tax Effect Of Unusual Items": 285120000.0,
        "Tax Rate For Calcs": 0.33,
        "Normalized EBITDA": 17346000000.0,
        "Total Unusual Items": 864000000.0,
        "Total Unusual Items Excluding Goodwill": 864000000.0,
        "Net Income From Continuing Operation Net Minority Interest": 9257000000.0,
        "Reconciled Depreciation": 3591000000.0,
        "Reconciled Cost Of Revenue": 50878000000.0,
        "EBITDA": 18210000000.0,
        "EBIT": 14619000000.0,
        "Net Interest Income": -397000000.0,
        "Interest Expense": 556000000.0,
        "Interest Income": 142000000.0,
        "Normalized Income": 8678120000.0,
        "Net Income From Continuing And Discontinued Operation": 9257000000.0,
        "Total Expenses": 54459000000.0,
        "Diluted Average Shares": 3269938000.0,
        "Basic Average Shares": 3231404500.0,
        "Diluted EPS": 2.8308,
        "Basic EPS": 2.8644,
        "Diluted NI Availto Com Stockholders": 9256000000.0,
        "Net Income Common Stockholders": 9256000000.0,
        "Otherunder Preferred Stock Dividend": 0.0,
        "Preferred Stock Dividends": 1000000.0,
        "Net Income": 9257000000.0,
        "Minority Interests": -279000000.0,
        "Net Income Including Noncontrolling Interests": 9536000000.0,
        "Net Income Continuous Operations": 9536000000.0,
        "Tax Provision": 4527000000.0,
        "Pretax Income": 14063000000.0,
        "Special Income Charges": 864000000.0,
        "Other Special Charges": -1309000000.0,
        "Impairment Of Capital Assets": 445000000.0,
        "Net Non Operating Interest Income Expense": -397000000.0,
        "Total Other Finance Cost": -17000000.0,
        "Interest Expense Non Operating": 556000000.0,
        "Interest Income Non Operating": 142000000.0,
        "Operating Income": 13407000000.0,
        "Operating Expense": 3581000000.0,
        "Other Operating Expenses": 128000000.0,
        "Selling General And Administration": 3453000000.0,
        "General And Administrative Expense": 3453000000.0,
        "Gross Profit": 16988000000.0,
        "Cost Of Revenue": 50878000000.0,
        "Total Revenue": 67866000000.0,
        "Operating Revenue": 67866000000.0
    },
    "2023-06-30": {
        "Tax Effect Of Unusual Items": -246430000.0,
        "Tax Rate For Calcs": 0.19,
        "Normalized EBITDA": 9634000000.0,
        "Total Unusual Items": -1297000000.0,
        "Total Unusual Items Excluding Goodwill": -1297000000.0,
        "Net Income From Continuing Operation Net Minority Interest": 1792000000.0,
        "Reconciled Depreciation": 3923000000.0,
        "Reconciled Cost Of Revenue": 39730000000.0,
        "EBITDA": 8337000000.0,
        "EBIT": 4414000000.0,
        "Net Interest Income": -481000000.0,
        "Interest Expense": 920000000.0,
        "Interest Income": 378000000.0,
        "Normalized Income": 2842570000.0,
        "Net Income From Continuing And Discontinued Operation": 1792000000.0,
        "Total Expenses": 43857000000.0,
        "Diluted Average Shares": 2983497333.0,
        "Basic Average Shares": 2920629667.0,
        "Diluted EPS": 0.6006,
        "Basic EPS": 0.6132,
        "Diluted NI Availto Com Stockholders": 1791000000.0,
        "Net Income Common Stockholders": 1791000000.0,
        "Otherunder Preferred Stock Dividend": 0.0,
        "Preferred Stock Dividends": 1000000.0,
        "Net Income": 1792000000.0,
        "Minority Interests": -161000000.0,
        "Net Income Including Noncontrolling Interests": 1953000000.0,
        "Net Income Continuous Operations": 1953000000.0,
        "Tax Provision": 1541000000.0,
        "Pretax Income": 3494000000.0,
        "Special Income Charges": -1297000000.0,
        "Other Special Charges": 28000000.0,
        "Impairment Of Capital Assets": 1269000000.0,
        "Net Non Operating Interest Income Expense": -481000000.0,
        "Total Other Finance Cost": -61000000.0,
        "Interest Expense Non Operating": 920000000.0,
        "Interest Income Non Operating": 378000000.0,
        "Operating Income": 4681000000.0,
        "Operating Expense": 4127000000.0,
        "Other Operating Expenses": 293000000.0,
        "Selling General And Administration": 3834000000.0,
        "General And Administrative Expense": 3834000000.0,
        "Gross Profit": 8808000000.0,
        "Cost Of Revenue": 39730000000.0,
        "Total Revenue": 48538000000.0,
        "Operating Revenue": 48538000000.0
    },
    "2023-09-30": {
        "Tax Effect Of Unusual Items": -91740000.0,
        "Tax Rate For Calcs": 0.33,
        "Normalized EBITDA": 12771000000.0,
        "Total Unusual Items": -278000000.0,
        "Total Unusual Items Excluding Goodwill": -278000000.0,
        "Net Income From Continuing Operation Net Minority Interest": 4858000000.0,
        "Reconciled Depreciation": 4145000000.0,
        "Reconciled Cost Of Revenue": 40632000000.0,
        "EBITDA": 12493000000.0,
        "EBIT": 8348000000.0,
        "Net Interest Income": -568000000.0,
        "Interest Expense": 1039000000.0,
        "Interest Income": 410000000.0,
        "Normalized Income": 5044260000.0,
        "Net Income From Continuing And Discontinued Operation": 4858000000.0,
        "Total Expenses": 45187000000.0,
        "Diluted Average Shares": 2934933500.0,
        "Basic Average Shares": 2867414667.0,
        "Diluted EPS": 1.6554,
        "Basic EPS": 1.6944,
        "Diluted NI Availto Com Stockholders": 4858000000.0,
        "Net Income Common Stockholders": 4858000000.0,
        "Otherunder Preferred Stock Dividend": 0.0,
        "Preferred Stock Dividends": 0.0,
        "Net Income": 4858000000.0,
        "Minority Interests": -211000000.0,
        "Net Income Including Noncontrolling Interests": 5069000000.0,
        "Net Income Continuous Operations": 5069000000.0,
        "Tax Provision": 2240000000.0,
        "Pretax Income": 7309000000.0,
        "Special Income Charges": -278000000.0,
        "Other Special Charges": -264000000.0,
        "Impairment Of Capital Assets": 542000000.0,
        "Net Non Operating Interest Income Expense": -568000000.0,
        "Total Other Finance Cost": -61000000.0,
        "Interest Expense Non Operating": 1039000000.0,
        "Interest Income Non Operating": 410000000.0,
        "Operating Income": 8082000000.0,
        "Operating Expense": 4555000000.0,
        "Other Operating Expenses": 97000000.0,
        "Selling General And Administration": 4458000000.0,
        "General And Administrative Expense": 4458000000.0,
        "Gross Profit": 12637000000.0,
        "Cost Of Revenue": 40632000000.0,
        "Total Revenue": 53269000000.0,
        "Operating Revenue": 53269000000.0
    },
    "2023-12-31": {
        "Tax Effect Of Unusual Items": -755820000.0,
        "Tax Rate For Calcs": 0.19,
        "Normalized EBITDA": 10556000000.0,
        "Total Unusual Items": -3978000000.0,
        "Total Unusual Items Excluding Goodwill": -3978000000.0,
        "Net Income From Continuing Operation Net Minority Interest": 371000000.0,
        "Reconciled Depreciation": 4441000000.0,
        "Reconciled Cost Of Revenue": 41318000000.0,
        "EBITDA": 6578000000.0,
        "EBIT": 2137000000.0,
        "Net Interest Income": -378000000.0,
        "Interest Expense": 1038000000.0,
        "Interest Income": 599000000.0,
        "Normalized Income": 3593180000.0,
        "Net Income From Continuing And Discontinued Operation": 371000000.0,
        "Total Expenses": 46552000000.0,
        "Diluted Average Shares": 2878262333.0,
        "Basic Average Shares": 2805725667.0,
        "Diluted EPS": 0.129,
        "Basic EPS": 0.132,
        "Diluted NI Availto Com Stockholders": 371000000.0,
        "Net Income Common Stockholders": 371000000.0,
        "Otherunder Preferred Stock Dividend": 0.0,
        "Preferred Stock Dividends": 0.0,
        "Net Income": 371000000.0,
        "Minority Interests": -65000000.0,
        "Net Income Including Noncontrolling Interests": 436000000.0,
        "Net Income Continuous Operations": 436000000.0,
        "Tax Provision": 663000000.0,
        "Pretax Income": 1099000000.0,
        "Special Income Charges": -3978000000.0,
        "Other Special Charges": 20000000.0,
        "Impairment Of Capital Assets": 3958000000.0,
        "Net Non Operating Interest Income Expense": -378000000.0,
        "Total Other Finance Cost": -61000000.0,
        "Interest Expense Non Operating": 1038000000.0,
        "Interest Income Non Operating": 599000000.0,
        "Operating Income": 5589000000.0,
        "Operating Expense": 5234000000.0,
        "Other Operating Expenses": 501000000.0,
        "Selling General And Administration": 4733000000.0,
        "General And Administrative Expense": 4733000000.0,
        "Gross Profit": 10823000000.0,
        "Cost Of Revenue": 41318000000.0,
        "Total Revenue": 52141000000.0,
        "Operating Revenue": 52141000000.0
    },
    "2024-03-31": {
        "Tax Effect Of Unusual Items": -128250000.0,
        "Tax Rate For Calcs": 0.25,
        "Normalized EBITDA": 10371000000.0,
        "Total Unusual Items": -513000000.0,
        "Total Unusual Items Excluding Goodwill": -513000000.0,
        "Net Income From Continuing Operation Net Minority Interest": 2263000000.0,
        "Reconciled Depreciation": 4150000000.0,
        "Reconciled Cost Of Revenue": 39088000000.0,
        "EBITDA": 9858000000.0,
        "EBIT": 5708000000.0,
        "Net Interest Income": -653000000.0,
        "Interest Expense": 1075000000.0,
        "Interest Income": 381000000.0,
        "Normalized Income": 2647750000.0,
        "Net Income From Continuing And Discontinued Operation": 2263000000.0,
        "Total Expenses": 43557000000.0,
        "Diluted Average Shares": 2858917500.0,
        "Basic Average Shares": 2791981167.0,
        "Diluted EPS": 0.795,
        "Basic EPS": 0.8142,
        "Diluted NI Availto Com Stockholders": 2273000000.0,
        "Net Income Common Stockholders": 2273000000.0,
        "Otherunder Preferred Stock Dividend": -10000000.0,
        "Preferred Stock Dividends": 0.0,
        "Net Income": 2263000000.0,
        "Minority Interests": -146000000.0,
        "Net Income Including Noncontrolling Interests": 2409000000.0,
        "Net Income Continuous Operations": 2409000000.0,
        "Tax Provision": 2224000000.0,
        "Pretax Income": 4633000000.0,
        "Special Income Charges": -513000000.0,
        "Other Special Charges": -224000000.0,
        "Impairment Of Capital Assets": 737000000.0,
        "Net Non Operating Interest Income Expense": -653000000.0,
        "Total Other Finance Cost": -41000000.0,
        "Interest Expense Non Operating": 1075000000.0,
        "Interest Income Non Operating": 381000000.0,
        "Operating Income": 5323000000.0,
        "Operating Expense": 4469000000.0,
        "Other Operating Expenses": 247000000.0,
        "Selling General And Administration": 4222000000.0,
        "General And Administrative Expense": 4222000000.0,
        "Gross Profit": 9792000000.0,
        "Cost Of Revenue": 39088000000.0,
        "Total Revenue": 48880000000.0,
        "Operating Revenue": 48880000000.0
    },
    "2024-06-30": {
        "Tax Effect Of Unusual Items": -322000000.0,
        "Tax Rate For Calcs": 0.25,
        "Normalized EBITDA": 7983000000.0,
        "Total Unusual Items": -1288000000.0,
        "Total Unusual Items Excluding Goodwill": -1288000000.0,
        "Net Income From Continuing Operation Net Minority Interest": -129000000.0,
        "Reconciled Depreciation": 4225000000.0,
        "Reconciled Cost Of Revenue": 40165000000.0,
        "EBITDA": 6695000000.0,
        "EBIT": 2470000000.0,
        "Net Interest Income": -762000000.0,
        "Interest Expense": 1216000000.0,
        "Interest Income": 414000000.0,
        "Normalized Income": 837000000.0,
        "Net Income From Continuing And Discontinued Operation": -129000000.0,
        "Total Expenses": 44511000000.0,
        "Diluted Average Shares": 2765028833.0,
        "Basic Average Shares": 2765028833.0,
        "Diluted EPS": -0.0468,
        "Basic EPS": -0.0468,
        "Diluted NI Availto Com Stockholders": -130000000.0,
        "Net Income Common Stockholders": -130000000.0,
        "Otherunder Preferred Stock Dividend": 0.0,
        "Preferred Stock Dividends": 1000000.0,
        "Net Income": -129000000.0,
        "Minority Interests": -199000000.0,
        "Net Income Including Noncontrolling Interests": 70000000.0,
        "Net Income Continuous Operations": 70000000.0,
        "Tax Provision": 1184000000.0,
        "Pretax Income": 1254000000.0,
        "Special Income Charges": -1288000000.0,
        "Other Special Charges": -21000000.0,
        "Impairment Of Capital Assets": 1309000000.0,
        "Net Non Operating Interest Income Expense": -762000000.0,
        "Total Other Finance Cost": -40000000.0,
        "Interest Expense Non Operating": 1216000000.0,
        "Interest Income Non Operating": 414000000.0,
        "Operating Income": 2788000000.0,
        "Operating Expense": 4346000000.0,
        "Other Operating Expenses": 179000000.0,
        "Selling General And Administration": 4167000000.0,
        "General And Administrative Expense": 4167000000.0,
        "Gross Profit": 7134000000.0,
        "Cost Of Revenue": 40165000000.0,
        "Total Revenue": 47299000000.0,
        "Operating Revenue": 47299000000.0
    },
    "2024-09-30": {
        "Tax Effect Of Unusual Items": -472500000.0,
        "Tax Rate For Calcs": 0.25,
        "Normalized EBITDA": 8506000000.0,
        "Total Unusual Items": -1890000000.0,
        "Total Unusual Items Excluding Goodwill": -1890000000.0,
        "Net Income From Continuing Operation Net Minority Interest": 206000000.0,
        "Reconciled Depreciation": 4117000000.0,
        "Reconciled Cost Of Revenue": 39729000000.0,
        "EBITDA": 6616000000.0,
        "EBIT": 2499000000.0,
        "Net Interest Income": -621000000.0,
        "Interest Expense": 1101000000.0,
        "Interest Income": 438000000.0,
        "Normalized Income": 1623500000.0,
        "Net Income From Continuing And Discontinued Operation": 206000000.0,
        "Total Expenses": 44031000000.0,
        "Diluted Average Shares": 2784851333.0,
        "Basic Average Shares": 2720224833.0,
        "Diluted EPS": 0.0738,
        "Basic EPS": 0.0756,
        "Diluted NI Availto Com Stockholders": 206000000.0,
        "Net Income Common Stockholders": 206000000.0,
        "Otherunder Preferred Stock Dividend": 0.0,
        "Preferred Stock Dividends": 0.0,
        "Net Income": 206000000.0,
        "Minority Interests": -164000000.0,
        "Net Income Including Noncontrolling Interests": 370000000.0,
        "Net Income Continuous Operations": 370000000.0,
        "Tax Provision": 1028000000.0,
        "Pretax Income": 1398000000.0,
        "Special Income Charges": -1890000000.0,
        "Other Special Charges": 48000000.0,
        "Impairment Of Capital Assets": 1842000000.0,
        "Net Non Operating Interest Income Expense": -621000000.0,
        "Total Other Finance Cost": -42000000.0,
        "Interest Expense Non Operating": 1101000000.0,
        "Interest Income Non Operating": 438000000.0,
        "Operating Income": 3223000000.0,
        "Operating Expense": 4302000000.0,
        "Other Operating Expenses": 372000000.0,
        "Selling General And Administration": 3930000000.0,
        "General And Administrative Expense": 3930000000.0,
        "Gross Profit": 7525000000.0,
        "Cost Of Revenue": 39729000000.0,
        "Total Revenue": 47254000000.0,
        "Operating Revenue": 47254000000.0
    },
    "2024-12-31": {
        "Tax Effect Of Unusual Items": -656500000.0,
        "Tax Rate For Calcs": 0.25,
        "Normalized EBITDA": 7795000000.0,
        "Total Unusual Items": -2626000000.0,
        "Total Unusual Items Excluding Goodwill": -2626000000.0,
        "Net Income From Continuing Operation Net Minority Interest": -1959000000.0,
        "Reconciled Depreciation": 4381000000.0,
        "Reconciled Cost Of Revenue": 39964000000.0,
        "EBITDA": 5169000000.0,
        "EBIT": 788000000.0,
        "Net Interest Income": 294000000.0,
        "Interest Expense": 1291000000.0,
        "Interest Income": 1540000000.0,
        "Normalized Income": 10500000.0,
        "Net Income From Continuing And Discontinued Operation": -1959000000.0,
        "Total Expenses": 44238000000.0,
        "Diluted Average Shares": 2647530667.0,
        "Basic Average Shares": 2647530667.0,
        "Diluted EPS": -0.7398,
        "Basic EPS": -0.7398,
        "Diluted NI Availto Com Stockholders": -1959000000.0,
        "Net Income Common Stockholders": -1959000000.0,
        "Otherunder Preferred Stock Dividend": 0.0,
        "Preferred Stock Dividends": 0.0,
        "Net Income": -1959000000.0,
        "Minority Interests": -339000000.0,
        "Net Income Including Noncontrolling Interests": -1620000000.0,
        "Net Income Continuous Operations": -1620000000.0,
        "Tax Provision": 1117000000.0,
        "Pretax Income": -503000000.0,
        "Special Income Charges": -2626000000.0,
        "Other Special Charges": -481000000.0,
        "Impairment Of Capital Assets": 3107000000.0,
        "Net Non Operating Interest Income Expense": 294000000.0,
        "Total Other Finance Cost": -45000000.0,
        "Interest Expense Non Operating": 1291000000.0,
        "Interest Income Non Operating": 1540000000.0,
        "Operating Income": 1514000000.0,
        "Operating Expense": 4274000000.0,
        "Other Operating Expenses": 176000000.0,
        "Selling General And Administration": 4098000000.0,
        "General And Administrative Expense": 4098000000.0,
        "Gross Profit": 5788000000.0,
        "Cost Of Revenue": 39964000000.0,
        "Total Revenue": 45752000000.0,
        "Operating Revenue": 45752000000.0
    },
    "2025-03-31": {
        "Tax Effect Of Unusual Items": -195600000.0,
        "Tax Rate For Calcs": 0.4,
        "Normalized EBITDA": 9123000000.0,
        "Total Unusual Items": -489000000.0,
        "Total Unusual Items Excluding Goodwill": -489000000.0,
        "Net Income From Continuing Operation Net Minority Interest": 687000000.0,
        "Reconciled Depreciation": 4183000000.0,
        "Reconciled Cost Of Revenue": 38464000000.0,
        "EBITDA": 8634000000.0,
        "EBIT": 4451000000.0,
        "Net Interest Income": -884000000.0,
        "Interest Expense": 1321000000.0,
        "Interest Income": 385000000.0,
        "Normalized Income": 980400000.0,
        "Net Income From Continuing And Discontinued Operation": 687000000.0,
        "Total Expenses": 42978000000.0,
        "Diluted Average Shares": 2682935000.0,
        "Basic Average Shares": 2629716000.0,
        "Diluted EPS": 0.2562,
        "Basic EPS": 0.261,
        "Diluted NI Availto Com Stockholders": 687000000.0,
        "Net Income Common Stockholders": 687000000.0,
        "Otherunder Preferred Stock Dividend": 0.0,
        "Preferred Stock Dividends": 0.0,
        "Net Income": 687000000.0,
        "Minority Interests": -295000000.0,
        "Net Income Including Noncontrolling Interests": 982000000.0,
        "Net Income Continuous Operations": 982000000.0,
        "Tax Provision": 2148000000.0,
        "Pretax Income": 3130000000.0,
        "Special Income Charges": -489000000.0,
        "Other Special Charges": -14000000.0,
        "Impairment Of Capital Assets": 503000000.0,
        "Net Non Operating Interest Income Expense": -884000000.0,
        "Total Other Finance Cost": -52000000.0,
        "Interest Expense Non Operating": 1321000000.0,
        "Interest Income Non Operating": 385000000.0,
        "Operating Income": 3927000000.0,
        "Operating Expense": 4514000000.0,
        "Other Operating Expenses": 103000000.0,
        "Selling General And Administration": 4411000000.0,
        "General And Administrative Expense": 4411000000.0,
        "Gross Profit": 8441000000.0,
        "Cost Of Revenue": 38464000000.0,
        "Total Revenue": 46905000000.0,
        "Operating Revenue": 46905000000.0
    }
}