{
    "2023-03-31": {
        "Tax Effect Of Unusual Items": NaN,
        "Tax Rate For Calcs": NaN,
        "Normalized EBITDA": NaN,
        "Total Unusual Items": NaN,
        "Total Unusual Items Excluding Goodwill": NaN,
        "Net Income From Continuing Operation Net Minority Interest": NaN,
        "Reconciled Depreciation": NaN,
        "Reconciled Cost Of Revenue": NaN,
        "EBITDA": NaN,
        "EBIT": NaN,
        "Net Interest Income": NaN,
        "Interest Expense": NaN,
        "Interest Income": NaN,
        "Normalized Income": NaN,
        "Net Income From Continuing And Discontinued Operation": NaN,
        "Total Expenses": NaN,
        "Total Operating Income As Reported": -179361000.0,
        "Diluted Average Shares": NaN,
        "Basic Average Shares": NaN,
        "Diluted EPS": NaN,
        "Basic EPS": NaN,
        "Diluted NI Availto Com Stockholders": NaN,
        "Net Income Common Stockholders": NaN,
        "Net Income": NaN,
        "Minority Interests": NaN,
        "Net Income Including Noncontrolling Interests": NaN,
        "Net Income Discontinuous Operations": 0.0,
        "Net Income Continuous Operations": NaN,
        "Tax Provision": NaN,
        "Pretax Income": NaN,
        "Other Income Expense": NaN,
        "Special Income Charges": NaN,
        "Gain On Sale Of Ppe": NaN,
        "Write Off": NaN,
        "Restructuring And Mergern Acquisition": -959000.0,
        "Earnings From Equity Interest": NaN,
        "Gain On Sale Of Security": NaN,
        "Net Non Operating Interest Income Expense": NaN,
        "Total Other Finance Cost": NaN,
        "Interest Expense Non Operating": NaN,
        "Interest Income Non Operating": NaN,
        "Operating Income": NaN,
        "Operating Expense": NaN,
        "Other Operating Expenses": NaN,
        "Other Taxes": NaN,
        "Provision For Doubtful Accounts": 646000.0,
        "Depreciation Amortization Depletion Income Statement": NaN,
        "Depreciation And Amortization In Income Statement": NaN,
        "Amortization": NaN,
        "Amortization Of Intangibles Income Statement": NaN,
        "Depreciation Income Statement": NaN,
        "Selling General And Administration": NaN,
        "Selling And Marketing Expense": NaN,
        "General And Administrative Expense": NaN,
        "Other Gand A": NaN,
        "Insurance And Claims": 1527000.0,
        "Salaries And Wages": NaN,
        "Gross Profit": NaN,
        "Cost Of Revenue": NaN,
        "Total Revenue": NaN,
        "Operating Revenue": NaN
    },
    "2022-12-31": {
        "Tax Effect Of Unusual Items": NaN,
        "Tax Rate For Calcs": NaN,
        "Normalized EBITDA": NaN,
        "Total Unusual Items": NaN,
        "Total Unusual Items Excluding Goodwill": NaN,
        "Net Income From Continuing Operation Net Minority Interest": NaN,
        "Reconciled Depreciation": NaN,
        "Reconciled Cost Of Revenue": NaN,
        "EBITDA": NaN,
        "EBIT": NaN,
        "Net Interest Income": NaN,
        "Interest Expense": NaN,
        "Interest Income": NaN,
        "Normalized Income": NaN,
        "Net Income From Continuing And Discontinued Operation": NaN,
        "Total Expenses": NaN,
        "Total Operating Income As Reported": NaN,
        "Diluted Average Shares": NaN,
        "Basic Average Shares": NaN,
        "Diluted EPS": NaN,
        "Basic EPS": NaN,
        "Diluted NI Availto Com Stockholders": NaN,
        "Net Income Common Stockholders": NaN,
        "Net Income": NaN,
        "Minority Interests": NaN,
        "Net Income Including Noncontrolling Interests": NaN,
        "Net Income Discontinuous Operations": 0.0,
        "Net Income Continuous Operations": NaN,
        "Tax Provision": NaN,
        "Pretax Income": NaN,
        "Other Income Expense": NaN,
        "Special Income Charges": NaN,
        "Gain On Sale Of Ppe": NaN,
        "Write Off": NaN,
        "Restructuring And Mergern Acquisition": 7868000.0,
        "Earnings From Equity Interest": NaN,
        "Gain On Sale Of Security": NaN,
        "Net Non Operating Interest Income Expense": NaN,
        "Total Other Finance Cost": NaN,
        "Interest Expense Non Operating": NaN,
        "Interest Income Non Operating": NaN,
        "Operating Income": NaN,
        "Operating Expense": NaN,
        "Other Operating Expenses": NaN,
        "Other Taxes": NaN,
        "Provision For Doubtful Accounts": -1634000.0,
        "Depreciation Amortization Depletion Income Statement": NaN,
        "Depreciation And Amortization In Income Statement": NaN,
        "Amortization": NaN,
        "Amortization Of Intangibles Income Statement": NaN,
        "Depreciation Income Statement": NaN,
        "Selling General And Administration": NaN,
        "Selling And Marketing Expense": NaN,
        "General And Administrative Expense": NaN,
        "Other Gand A": NaN,
        "Insurance And Claims": 3964000.0,
        "Salaries And Wages": NaN,
        "Gross Profit": NaN,
        "Cost Of Revenue": NaN,
        "Total Revenue": NaN,
        "Operating Revenue": NaN
    },
    "2022-09-30": {
        "Tax Effect Of Unusual Items": NaN,
        "Tax Rate For Calcs": NaN,
        "Normalized EBITDA": NaN,
        "Total Unusual Items": NaN,
        "Total Unusual Items Excluding Goodwill": NaN,
        "Net Income From Continuing Operation Net Minority Interest": NaN,
        "Reconciled Depreciation": NaN,
        "Reconciled Cost Of Revenue": NaN,
        "EBITDA": NaN,
        "EBIT": NaN,
        "Net Interest Income": NaN,
        "Interest Expense": NaN,
        "Interest Income": NaN,
        "Normalized Income": NaN,
        "Net Income From Continuing And Discontinued Operation": NaN,
        "Total Expenses": NaN,
        "Total Operating Income As Reported": 563388000.0,
        "Diluted Average Shares": 1078022206.0,
        "Basic Average Shares": 1078022206.0,
        "Diluted EPS": -0.11,
        "Basic EPS": -0.11,
        "Diluted NI Availto Com Stockholders": NaN,
        "Net Income Common Stockholders": NaN,
        "Net Income": NaN,
        "Minority Interests": NaN,
        "Net Income Including Noncontrolling Interests": NaN,
        "Net Income Discontinuous Operations": NaN,
        "Net Income Continuous Operations": NaN,
        "Tax Provision": NaN,
        "Pretax Income": NaN,
        "Other Income Expense": NaN,
        "Special Income Charges": NaN,
        "Gain On Sale Of Ppe": NaN,
        "Other Special Charges": -7924000.0,
        "Write Off": NaN,
        "Restructuring And Mergern Acquisition": NaN,
        "Earnings From Equity Interest": NaN,
        "Gain On Sale Of Security": NaN,
        "Net Non Operating Interest Income Expense": NaN,
        "Total Other Finance Cost": NaN,
        "Interest Expense Non Operating": NaN,
        "Interest Income Non Operating": NaN,
        "Operating Income": NaN,
        "Operating Expense": NaN,
        "Other Operating Expenses": NaN,
        "Other Taxes": NaN,
        "Provision For Doubtful Accounts": NaN,
        "Depreciation Amortization Depletion Income Statement": NaN,
        "Depreciation And Amortization In Income Statement": NaN,
        "Amortization": NaN,
        "Amortization Of Intangibles Income Statement": NaN,
        "Depreciation Income Statement": NaN,
        "Selling General And Administration": NaN,
        "Selling And Marketing Expense": NaN,
        "General And Administrative Expense": NaN,
        "Other Gand A": NaN,
        "Insurance And Claims": NaN,
        "Salaries And Wages": NaN,
        "Gross Profit": NaN,
        "Cost Of Revenue": NaN,
        "Total Revenue": NaN,
        "Operating Revenue": NaN
    },
    "2022-06-30": {
        "Tax Effect Of Unusual Items": 4933029.655513,
        "Tax Rate For Calcs": 0.039412,
        "Normalized EBITDA": 722293000.0,
        "Total Unusual Items": 125165000.0,
        "Total Unusual Items Excluding Goodwill": 125165000.0,
        "Net Income From Continuing Operation Net Minority Interest": -542751000.0,
        "Reconciled Depreciation": 756702000.0,
        "Reconciled Cost Of Revenue": 10322532000.0,
        "EBITDA": 847458000.0,
        "EBIT": 90756000.0,
        "Net Interest Income": -730321000.0,
        "Interest Expense": 560382000.0,
        "Interest Income": 151064000.0,
        "Normalized Income": -662982970.344487,
        "Net Income From Continuing And Discontinued Operation": -559159000.0,
        "Total Expenses": 12803662000.0,
        "Total Operating Income As Reported": 140407000.0,
        "Diluted Average Shares": 1077638897.0,
        "Basic Average Shares": 1077638897.0,
        "Diluted EPS": -0.5,
        "Basic EPS": -0.5,
        "Diluted NI Availto Com Stockholders": -559159000.0,
        "Net Income Common Stockholders": -559159000.0,
        "Net Income": -559159000.0,
        "Minority Interests": -91634000.0,
        "Net Income Including Noncontrolling Interests": -467525000.0,
        "Net Income Discontinuous Operations": -16408000.0,
        "Net Income Continuous Operations": -451117000.0,
        "Tax Provision": -18509000.0,
        "Pretax Income": -469626000.0,
        "Other Income Expense": 125245000.0,
        "Special Income Charges": -5795000.0,
        "Gain On Sale Of Ppe": NaN,
        "Other Special Charges": NaN,
        "Write Off": 187000.0,
        "Restructuring And Mergern Acquisition": 5608000.0,
        "Earnings From Equity Interest": 80000.0,
        "Gain On Sale Of Security": 130960000.0,
        "Net Non Operating Interest Income Expense": -730321000.0,
        "Total Other Finance Cost": 321003000.0,
        "Interest Expense Non Operating": 560382000.0,
        "Interest Income Non Operating": 151064000.0,
        "Operating Income": 135450000.0,
        "Operating Expense": 1847398000.0,
        "Other Operating Expenses": -21215000.0,
        "Other Taxes": 10491000.0,
        "Provision For Doubtful Accounts": 1419000.0,
        "Depreciation Amortization Depletion Income Statement": 122970000.0,
        "Depreciation And Amortization In Income Statement": 122970000.0,
        "Amortization": 25346000.0,
        "Amortization Of Intangibles Income Statement": 25346000.0,
        "Depreciation Income Statement": 97624000.0,
        "Selling General And Administration": 1733733000.0,
        "Selling And Marketing Expense": 1152515000.0,
        "General And Administrative Expense": 581218000.0,
        "Other Gand A": 64709000.0,
        "Insurance And Claims": 10679000.0,
        "Salaries And Wages": 505830000.0,
        "Gross Profit": 1982848000.0,
        "Cost Of Revenue": 10956264000.0,
        "Total Revenue": 12939112000.0,
        "Operating Revenue": 12939112000.0
    },
    "2022-03-31": {
        "Diluted EPS": -0.31,
        "Total Revenue": NaN,
        "Gross Profit": 213,
        "Operating Income": -101,
        "EBIT": 29,
        "Net Income": -301
    },
    "2021-12-31": {
        "Diluted EPS": 0.2,
        "Total Revenue": NaN,
        "Gross Profit": 559,
        "Operating Income": 193,
        "EBIT": 309,
        "Net Income": 165
    },
    "2021-09-30": {
        "Diluted EPS": -0.07,
        "Total Revenue": NaN,
        "Gross Profit": 502,
        "Operating Income": 140,
        "EBIT": 274,
        "Net Income": -54
    },
    "2021-06-30": {
        "Diluted EPS": -0.05,
        "Total Revenue": NaN,
        "Gross Profit": 420,
        "Operating Income": 110,
        "EBIT": 248,
        "Net Income": -37
    },
    "2021-03-31": {
        "Diluted EPS": 0.01,
        "Total Revenue": NaN,
        "Gross Profit": 402,
        "Operating Income": 115,
        "EBIT": 236,
        "Net Income": 4
    },
    "2020-12-31": {
        "Diluted EPS": 0.26,
        "Total Revenue": NaN,
        "Gross Profit": 523,
        "Operating Income": 219,
        "EBIT": 353,
        "Net Income": 208
    },
    "2020-09-30": {
        "Diluted EPS": 0.05,
        "Total Revenue": NaN,
        "Gross Profit": 436,
        "Operating Income": 138,
        "EBIT": 252,
        "Net Income": 40
    },
    "2020-06-30": {
        "Diluted EPS": 0.07,
        "Total Revenue": NaN,
        "Gross Profit": 369,
        "Operating Income": 110,
        "EBIT": 197,
        "Net Income": 57
    },
    "2020-03-31": {
        "Diluted EPS": -0.01,
        "Total Revenue": NaN,
        "Gross Profit": 509,
        "Operating Income": 125,
        "EBIT": 254,
        "Net Income": -10
    },
    "2019-12-31": {
        "Diluted EPS": 0.19,
        "Total Revenue": NaN,
        "Gross Profit": 581,
        "Operating Income": 148,
        "EBIT": 298,
        "Net Income": 150
    },
    "2019-09-30": {
        "Diluted EPS": 0.09,
        "Total Revenue": NaN,
        "Gross Profit": 529,
        "Operating Income": 269,
        "EBIT": 411,
        "Net Income": 74
    },
    "2019-06-30": {
        "Diluted EPS": 0.1,
        "Total Revenue": NaN,
        "Gross Profit": 534,
        "Operating Income": 238,
        "EBIT": 379,
        "Net Income": 82
    },
    "2019-03-31": {
        "Diluted EPS": -0.33,
        "Total Revenue": NaN,
        "Gross Profit": 403,
        "Operating Income": 42,
        "EBIT": 192,
        "Net Income": -266
    },
    "2018-12-31": {
        "Diluted EPS": -0.66,
        "Total Revenue": NaN,
        "Gross Profit": 318,
        "Operating Income": 91,
        "EBIT": 188,
        "Net Income": -535
    },
    "2018-09-30": {
        "Diluted EPS": -0.25,
        "Total Revenue": NaN,
        "Gross Profit": 356,
        "Operating Income": -24,
        "EBIT": 85,
        "Net Income": -203
    },
    "2018-06-30": {
        "Diluted EPS": -0.54,
        "Total Revenue": NaN,
        "Gross Profit": 184,
        "Operating Income": -218,
        "EBIT": -96,
        "Net Income": -441
    },
    "2018-03-31": {
        "Diluted EPS": -0.04,
        "Total Revenue": NaN,
        "Gross Profit": 474,
        "Operating Income": 89,
        "EBIT": 240,
        "Net Income": -38
    },
    "2017-12-31": {
        "Diluted EPS": -0.31,
        "Total Revenue": NaN,
        "Gross Profit": 577,
        "Operating Income": -4,
        "EBIT": 148,
        "Net Income": -252
    },
    "2017-09-30": {
        "Diluted EPS": 0.05,
        "Total Revenue": NaN,
        "Gross Profit": 611,
        "Operating Income": 176,
        "EBIT": 343,
        "Net Income": 41
    },
    "2017-06-30": {
        "Diluted EPS": -0.07,
        "Total Revenue": NaN,
        "Gross Profit": 513,
        "Operating Income": 32,
        "EBIT": 174,
        "Net Income": -52
    },
    "2017-03-31": {
        "Diluted EPS": -0.11,
        "Total Revenue": NaN,
        "Gross Profit": 461,
        "Operating Income": 19,
        "EBIT": 159,
        "Net Income": -90
    },
    "2016-12-31": {
        "Diluted EPS": -0.16,
        "Total Revenue": NaN,
        "Gross Profit": 507,
        "Operating Income": 55,
        "EBIT": 148,
        "Net Income": -131
    },
    "2016-09-30": {
        "Diluted EPS": 0.01,
        "Total Revenue": NaN,
        "Gross Profit": 581,
        "Operating Income": 142,
        "EBIT": 287,
        "Net Income": 6
    },
    "2016-06-30": {
        "Diluted EPS": 0.01,
        "Total Revenue": NaN,
        "Gross Profit": 548,
        "Operating Income": 150,
        "EBIT": 275,
        "Net Income": 9
    },
    "2016-03-31": {
        "Diluted EPS": 0.01,
        "Total Revenue": NaN,
        "Gross Profit": 522,
        "Operating Income": 165,
        "EBIT": 261,
        "Net Income": 10
    },
    "2015-09-30": {
        "Diluted EPS": 0.29,
        "Total Revenue": NaN,
        "Gross Profit": 743,
        "Operating Income": 289,
        "EBIT": 289,
        "Net Income": 251
    },
    "2015-03-31": {
        "Diluted EPS": 0.19,
        "Total Revenue": NaN,
        "Gross Profit": 760,
        "Operating Income": 246,
        "EBIT": 246,
        "Net Income": 163
    },
    "2014-12-31": {
        "Diluted EPS": 0.4,
        "Total Revenue": NaN,
        "Gross Profit": NaN,
        "Operating Income": 967,
        "EBIT": NaN,
        "Net Income": 344
    },
    "2014-09-30": {
        "Diluted EPS": 0.32,
        "Total Revenue": NaN,
        "Gross Profit": 734,
        "Operating Income": 99,
        "EBIT": 506,
        "Net Income": 276
    },
    "2014-06-30": {
        "Diluted EPS": 0.14,
        "Total Revenue": NaN,
        "Gross Profit": 523,
        "Operating Income": -31,
        "EBIT": -160,
        "Net Income": 118
    },
    "2014-03-31": {
        "Diluted EPS": 0.16,
        "Total Revenue": NaN,
        "Gross Profit": 986,
        "Operating Income": 422,
        "EBIT": 550,
        "Net Income": 141
    },
    "2013-12-31": {
        "Diluted EPS": 0.1,
        "Total Revenue": NaN,
        "Gross Profit": 791,
        "Operating Income": 56,
        "EBIT": 226,
        "Net Income": 89
    },
    "2013-09-30": {
        "Diluted EPS": 0.15,
        "Total Revenue": NaN,
        "Gross Profit": 982,
        "Operating Income": 347,
        "EBIT": 450,
        "Net Income": 131
    },
    "2013-06-30": {
        "Diluted EPS": 0.11,
        "Total Revenue": NaN,
        "Gross Profit": 591,
        "Operating Income": -76,
        "EBIT": 65,
        "Net Income": 92
    },
    "2013-03-31": {
        "Diluted EPS": 0.21,
        "Total Revenue": NaN,
        "Gross Profit": 895,
        "Operating Income": 311,
        "EBIT": 446,
        "Net Income": 182
    },
    "2012-12-31": {
        "Diluted EPS": 0.33,
        "Total Revenue": NaN,
        "Gross Profit": NaN,
        "Operating Income": 358,
        "EBIT": 500,
        "Net Income": 285
    },
    "2012-09-30": {
        "Diluted EPS": 0.05,
        "Total Revenue": NaN,
        "Gross Profit": 679,
        "Operating Income": 40,
        "EBIT": 151,
        "Net Income": 44
    },
    "2012-06-30": {
        "Diluted EPS": 0.0,
        "Total Revenue": NaN,
        "Gross Profit": 642,
        "Operating Income": 50,
        "EBIT": 160,
        "Net Income": 3
    },
    "2012-03-31": {
        "Diluted EPS": 0.1,
        "Total Revenue": NaN,
        "Gross Profit": 535,
        "Operating Income": -74,
        "EBIT": 60,
        "Net Income": 81
    },
    "2011-12-31": {
        "Diluted EPS": 0.08,
        "Total Revenue": NaN,
        "Gross Profit": NaN,
        "Operating Income": 152,
        "EBIT": 152,
        "Net Income": 66
    },
    "2011-09-30": {
        "Diluted EPS": 0.24,
        "Total Revenue": NaN,
        "Gross Profit": 737,
        "Operating Income": 64,
        "EBIT": 64,
        "Net Income": 211
    },
    "2011-06-30": {
        "Diluted EPS": 0.36,
        "Total Revenue": NaN,
        "Gross Profit": 979,
        "Operating Income": 322,
        "EBIT": 469,
        "Net Income": 312
    },
    "2011-03-31": {
        "Diluted EPS": 0.26,
        "Total Revenue": NaN,
        "Gross Profit": -927,
        "Operating Income": NaN,
        "EBIT": NaN,
        "Net Income": 231
    },
    "2010-12-31": {
        "Diluted EPS": 0.25,
        "Total Revenue": NaN,
        "Gross Profit": 882,
        "Operating Income": 430,
        "EBIT": 567,
        "Net Income": 216
    },
    "2010-09-30": {
        "Diluted EPS": 0.13,
        "Total Revenue": NaN,
        "Gross Profit": 912,
        "Operating Income": 206,
        "EBIT": 340,
        "Net Income": 109
    },
    "2010-06-30": {
        "Diluted EPS": 0.08,
        "Total Revenue": NaN,
        "Gross Profit": 864,
        "Operating Income": 195,
        "EBIT": 303,
        "Net Income": 74
    },
    "2010-03-31": {
        "Diluted EPS": 0.03,
        "Total Revenue": NaN,
        "Gross Profit": NaN,
        "Operating Income": 570,
        "EBIT": 670,
        "Net Income": 30
    },
    "2009-12-31": {
        "Diluted EPS": 0.02,
        "Total Revenue": NaN,
        "Gross Profit": 965,
        "Operating Income": 274,
        "EBIT": 309,
        "Net Income": 13
    },
    "2009-09-30": {
        "Diluted EPS": 0.15,
        "Total Revenue": NaN,
        "Gross Profit": 844,
        "Operating Income": 259,
        "EBIT": 411,
        "Net Income": 123
    },
    "2009-06-30": {
        "Diluted EPS": 0.09,
        "Total Revenue": NaN,
        "Gross Profit": 685,
        "Operating Income": 398,
        "EBIT": 460,
        "Net Income": 70
    },
    "2009-03-31": {
        "Diluted EPS": -0.13,
        "Total Revenue": NaN,
        "Gross Profit": 351,
        "Operating Income": 111,
        "EBIT": 163,
        "Net Income": -108
    },
    "2023-06-30": {
        "Tax Effect Of Unusual Items": NaN,
        "Tax Rate For Calcs": NaN,
        "Normalized EBITDA": NaN,
        "Total Unusual Items": NaN,
        "Total Unusual Items Excluding Goodwill": NaN,
        "Net Income From Continuing Operation Net Minority Interest": NaN,
        "Reconciled Depreciation": NaN,
        "Reconciled Cost Of Revenue": NaN,
        "EBITDA": NaN,
        "EBIT": NaN,
        "Net Interest Income": NaN,
        "Interest Expense": NaN,
        "Interest Income": NaN,
        "Normalized Income": NaN,
        "Net Income From Continuing And Discontinued Operation": NaN,
        "Total Expenses": NaN,
        "Total Operating Income As Reported": NaN,
        "Diluted Average Shares": 1078140954.0,
        "Basic Average Shares": 1078140954.0,
        "Diluted EPS": -1.26042,
        "Basic EPS": -1.26042,
        "Diluted NI Availto Com Stockholders": NaN,
        "Net Income Common Stockholders": NaN,
        "Net Income": NaN,
        "Minority Interests": NaN,
        "Net Income Including Noncontrolling Interests": NaN,
        "Net Income Discontinuous Operations": 0.0,
        "Net Income Continuous Operations": NaN,
        "Tax Provision": NaN,
        "Pretax Income": NaN,
        "Other Income Expense": NaN,
        "Special Income Charges": NaN,
        "Gain On Sale Of Ppe": NaN,
        "Write Off": NaN,
        "Restructuring And Mergern Acquisition": -398000.0,
        "Earnings From Equity Interest": NaN,
        "Gain On Sale Of Security": NaN,
        "Net Non Operating Interest Income Expense": NaN,
        "Total Other Finance Cost": NaN,
        "Interest Expense Non Operating": NaN,
        "Interest Income Non Operating": NaN,
        "Operating Income": NaN,
        "Operating Expense": NaN,
        "Other Operating Expenses": NaN,
        "Other Taxes": NaN,
        "Provision For Doubtful Accounts": -794000.0,
        "Depreciation Amortization Depletion Income Statement": NaN,
        "Depreciation And Amortization In Income Statement": NaN,
        "Amortization": NaN,
        "Amortization Of Intangibles Income Statement": NaN,
        "Depreciation Income Statement": NaN,
        "Selling General And Administration": NaN,
        "Selling And Marketing Expense": NaN,
        "General And Administrative Expense": NaN,
        "Other Gand A": NaN,
        "Insurance And Claims": 5837000.0,
        "Salaries And Wages": NaN,
        "Gross Profit": NaN,
        "Cost Of Revenue": NaN,
        "Total Revenue": NaN,
        "Operating Revenue": NaN
    },
    "2023-09-30": {
        "Tax Effect Of Unusual Items": NaN,
        "Tax Rate For Calcs": NaN,
        "Normalized EBITDA": NaN,
        "Total Unusual Items": NaN,
        "Total Unusual Items Excluding Goodwill": NaN,
        "Net Income From Continuing Operation Net Minority Interest": NaN,
        "Reconciled Depreciation": NaN,
        "Reconciled Cost Of Revenue": NaN,
        "EBITDA": NaN,
        "EBIT": NaN,
        "Net Interest Income": NaN,
        "Interest Expense": NaN,
        "Interest Income": NaN,
        "Normalized Income": NaN,
        "Net Income From Continuing And Discontinued Operation": NaN,
        "Total Expenses": NaN,
        "Total Operating Income As Reported": NaN,
        "Diluted Average Shares": NaN,
        "Basic Average Shares": NaN,
        "Diluted EPS": NaN,
        "Basic EPS": NaN,
        "Diluted NI Availto Com Stockholders": NaN,
        "Net Income Common Stockholders": NaN,
        "Net Income": NaN,
        "Minority Interests": NaN,
        "Net Income Including Noncontrolling Interests": NaN,
        "Net Income Discontinuous Operations": 0.0,
        "Net Income Continuous Operations": NaN,
        "Tax Provision": NaN,
        "Pretax Income": NaN,
        "Other Income Expense": NaN,
        "Special Income Charges": NaN,
        "Gain On Sale Of Ppe": NaN,
        "Write Off": NaN,
        "Restructuring And Mergern Acquisition": 1954000.0,
        "Earnings From Equity Interest": NaN,
        "Gain On Sale Of Security": NaN,
        "Net Non Operating Interest Income Expense": NaN,
        "Total Other Finance Cost": NaN,
        "Interest Expense Non Operating": NaN,
        "Interest Income Non Operating": NaN,
        "Operating Income": NaN,
        "Operating Expense": NaN,
        "Other Operating Expenses": NaN,
        "Other Taxes": NaN,
        "Provision For Doubtful Accounts": 287000.0,
        "Depreciation Amortization Depletion Income Statement": NaN,
        "Depreciation And Amortization In Income Statement": NaN,
        "Amortization": NaN,
        "Amortization Of Intangibles Income Statement": NaN,
        "Depreciation Income Statement": NaN,
        "Selling General And Administration": NaN,
        "Selling And Marketing Expense": NaN,
        "General And Administrative Expense": NaN,
        "Other Gand A": NaN,
        "Insurance And Claims": 1520000.0,
        "Salaries And Wages": NaN,
        "Gross Profit": NaN,
        "Cost Of Revenue": NaN,
        "Total Revenue": NaN,
        "Operating Revenue": NaN
    },
    "2023-12-31": {
        "Tax Effect Of Unusual Items": NaN,
        "Tax Rate For Calcs": NaN,
        "Normalized EBITDA": NaN,
        "Total Unusual Items": NaN,
        "Total Unusual Items Excluding Goodwill": NaN,
        "Net Income From Continuing Operation Net Minority Interest": NaN,
        "Reconciled Depreciation": NaN,
        "Reconciled Cost Of Revenue": NaN,
        "EBITDA": NaN,
        "EBIT": NaN,
        "Net Interest Income": NaN,
        "Interest Expense": NaN,
        "Interest Income": NaN,
        "Normalized Income": NaN,
        "Net Income From Continuing And Discontinued Operation": NaN,
        "Total Expenses": NaN,
        "Total Operating Income As Reported": NaN,
        "Diluted Average Shares": NaN,
        "Basic Average Shares": NaN,
        "Diluted EPS": NaN,
        "Basic EPS": NaN,
        "Diluted NI Availto Com Stockholders": NaN,
        "Net Income Common Stockholders": NaN,
        "Net Income": NaN,
        "Minority Interests": NaN,
        "Net Income Including Noncontrolling Interests": NaN,
        "Net Income Discontinuous Operations": 0.0,
        "Net Income Continuous Operations": NaN,
        "Tax Provision": NaN,
        "Pretax Income": NaN,
        "Other Income Expense": NaN,
        "Special Income Charges": NaN,
        "Gain On Sale Of Ppe": NaN,
        "Write Off": NaN,
        "Restructuring And Mergern Acquisition": -320000.0,
        "Earnings From Equity Interest": NaN,
        "Gain On Sale Of Security": NaN,
        "Net Non Operating Interest Income Expense": NaN,
        "Total Other Finance Cost": NaN,
        "Interest Expense Non Operating": NaN,
        "Interest Income Non Operating": NaN,
        "Operating Income": NaN,
        "Operating Expense": NaN,
        "Other Operating Expenses": NaN,
        "Other Taxes": NaN,
        "Provision For Doubtful Accounts": 1341000.0,
        "Depreciation Amortization Depletion Income Statement": NaN,
        "Depreciation And Amortization In Income Statement": NaN,
        "Amortization": NaN,
        "Amortization Of Intangibles Income Statement": NaN,
        "Depreciation Income Statement": NaN,
        "Selling General And Administration": NaN,
        "Selling And Marketing Expense": NaN,
        "General And Administrative Expense": NaN,
        "Other Gand A": NaN,
        "Insurance And Claims": 9994000.0,
        "Salaries And Wages": NaN,
        "Gross Profit": NaN,
        "Cost Of Revenue": NaN,
        "Total Revenue": NaN,
        "Operating Revenue": NaN
    },
    "2024-03-31": {
        "Tax Effect Of Unusual Items": NaN,
        "Tax Rate For Calcs": NaN,
        "Normalized EBITDA": NaN,
        "Total Unusual Items": NaN,
        "Total Unusual Items Excluding Goodwill": NaN,
        "Net Income From Continuing Operation Net Minority Interest": NaN,
        "Reconciled Depreciation": NaN,
        "Reconciled Cost Of Revenue": NaN,
        "EBITDA": NaN,
        "EBIT": NaN,
        "Net Interest Income": NaN,
        "Interest Expense": NaN,
        "Interest Income": NaN,
        "Normalized Income": NaN,
        "Net Income From Continuing And Discontinued Operation": NaN,
        "Total Expenses": NaN,
        "Total Operating Income As Reported": 1252295000.0,
        "Diluted Average Shares": NaN,
        "Basic Average Shares": NaN,
        "Diluted EPS": NaN,
        "Basic EPS": NaN,
        "Diluted NI Availto Com Stockholders": NaN,
        "Net Income Common Stockholders": NaN,
        "Net Income": NaN,
        "Minority Interests": NaN,
        "Net Income Including Noncontrolling Interests": NaN,
        "Net Income Discontinuous Operations": NaN,
        "Net Income Continuous Operations": NaN,
        "Tax Provision": NaN,
        "Pretax Income": NaN,
        "Other Income Expense": NaN,
        "Special Income Charges": NaN,
        "Gain On Sale Of Ppe": NaN,
        "Write Off": NaN,
        "Restructuring And Mergern Acquisition": NaN,
        "Earnings From Equity Interest": NaN,
        "Gain On Sale Of Security": NaN,
        "Net Non Operating Interest Income Expense": NaN,
        "Total Other Finance Cost": NaN,
        "Interest Expense Non Operating": NaN,
        "Interest Income Non Operating": NaN,
        "Operating Income": NaN,
        "Operating Expense": NaN,
        "Other Operating Expenses": NaN,
        "Other Taxes": NaN,
        "Provision For Doubtful Accounts": NaN,
        "Depreciation Amortization Depletion Income Statement": NaN,
        "Depreciation And Amortization In Income Statement": NaN,
        "Amortization": NaN,
        "Amortization Of Intangibles Income Statement": NaN,
        "Depreciation Income Statement": NaN,
        "Selling General And Administration": NaN,
        "Selling And Marketing Expense": NaN,
        "General And Administrative Expense": NaN,
        "Other Gand A": NaN,
        "Insurance And Claims": NaN,
        "Salaries And Wages": NaN,
        "Gross Profit": NaN,
        "Cost Of Revenue": NaN,
        "Total Revenue": NaN,
        "Operating Revenue": NaN
    },
    "2024-06-30": {
        "Tax Effect Of Unusual Items": 36791603.0,
        "Tax Rate For Calcs": 0.167,
        "Normalized EBITDA": 2720332000.0,
        "Total Unusual Items": 220309000.0,
        "Total Unusual Items Excluding Goodwill": 220309000.0,
        "Net Income From Continuing Operation Net Minority Interest": 987752000.0,
        "Reconciled Depreciation": 866056000.0,
        "Reconciled Cost Of Revenue": 10276195000.0,
        "EBITDA": 2940641000.0,
        "EBIT": 2074585000.0,
        "Net Interest Income": -623983000.0,
        "Interest Expense": 761374000.0,
        "Interest Income": 252985000.0,
        "Normalized Income": 804234603.0,
        "Net Income From Continuing And Discontinued Operation": 987752000.0,
        "Total Expenses": 13209095000.0,
        "Total Operating Income As Reported": NaN,
        "Diluted Average Shares": 1667487853.0,
        "Basic Average Shares": 1665884834.0,
        "Diluted EPS": 0.59236,
        "Basic EPS": 0.59293,
        "Diluted NI Availto Com Stockholders": 987752000.0,
        "Net Income Common Stockholders": 987752000.0,
        "Net Income": 987752000.0,
        "Minority Interests": -106140000.0,
        "Net Income Including Noncontrolling Interests": 1093892000.0,
        "Net Income Discontinuous Operations": NaN,
        "Net Income Continuous Operations": 1093892000.0,
        "Tax Provision": 219319000.0,
        "Pretax Income": 1313211000.0,
        "Other Income Expense": 216697000.0,
        "Special Income Charges": -23377000.0,
        "Gain On Sale Of Ppe": -2480000.0,
        "Write Off": 20897000.0,
        "Restructuring And Mergern Acquisition": NaN,
        "Earnings From Equity Interest": -3612000.0,
        "Gain On Sale Of Security": 243686000.0,
        "Net Non Operating Interest Income Expense": -623983000.0,
        "Total Other Finance Cost": 115594000.0,
        "Interest Expense Non Operating": 761374000.0,
        "Interest Income Non Operating": 252985000.0,
        "Operating Income": 1720497000.0,
        "Operating Expense": 2209470000.0,
        "Other Operating Expenses": -15493000.0,
        "Other Taxes": 35566000.0,
        "Provision For Doubtful Accounts": NaN,
        "Depreciation Amortization Depletion Income Statement": 142626000.0,
        "Depreciation And Amortization In Income Statement": 142626000.0,
        "Amortization": 23450000.0,
        "Amortization Of Intangibles Income Statement": 23450000.0,
        "Depreciation Income Statement": 119176000.0,
        "Selling General And Administration": 2046771000.0,
        "Selling And Marketing Expense": 1314767000.0,
        "General And Administrative Expense": 732004000.0,
        "Other Gand A": 85399000.0,
        "Insurance And Claims": NaN,
        "Salaries And Wages": 646605000.0,
        "Gross Profit": 3929967000.0,
        "Cost Of Revenue": 10999625000.0,
        "Total Revenue": 14929592000.0,
        "Operating Revenue": 16941694000.0
    },
    "2024-09-30": {
        "Tax Effect Of Unusual Items": 35252531.476678,
        "Tax Rate For Calcs": 0.243379,
        "Normalized EBITDA": 3019228000.0,
        "Total Unusual Items": 144846000.0,
        "Total Unusual Items Excluding Goodwill": 144846000.0,
        "Net Income From Continuing Operation Net Minority Interest": 1024556000.0,
        "Reconciled Depreciation": 858019000.0,
        "Reconciled Cost Of Revenue": 10594208000.0,
        "EBITDA": 3164074000.0,
        "EBIT": 2306055000.0,
        "Net Interest Income": -609209000.0,
        "Interest Expense": 803927000.0,
        "Interest Income": 299796000.0,
        "Normalized Income": 914962531.476678,
        "Net Income From Continuing And Discontinued Operation": 1024556000.0,
        "Total Expenses": 13552070000.0,
        "Total Operating Income As Reported": NaN,
        "Diluted Average Shares": 1661866069.0,
        "Basic Average Shares": 1660104971.0,
        "Diluted EPS": 0.61651,
        "Basic EPS": 0.61716,
        "Diluted NI Availto Com Stockholders": 1024556000.0,
        "Net Income Common Stockholders": 1024556000.0,
        "Net Income": 1024556000.0,
        "Minority Interests": -111985000.0,
        "Net Income Including Noncontrolling Interests": 1136541000.0,
        "Net Income Discontinuous Operations": NaN,
        "Net Income Continuous Operations": 1136541000.0,
        "Tax Provision": 365587000.0,
        "Pretax Income": 1502128000.0,
        "Other Income Expense": 140695000.0,
        "Special Income Charges": 38119000.0,
        "Gain On Sale Of Ppe": 16224000.0,
        "Write Off": -21895000.0,
        "Restructuring And Mergern Acquisition": NaN,
        "Earnings From Equity Interest": -4151000.0,
        "Gain On Sale Of Security": 106727000.0,
        "Net Non Operating Interest Income Expense": -609209000.0,
        "Total Other Finance Cost": 105078000.0,
        "Interest Expense Non Operating": 803927000.0,
        "Interest Income Non Operating": 299796000.0,
        "Operating Income": 1970642000.0,
        "Operating Expense": 2239842000.0,
        "Other Operating Expenses": -23894000.0,
        "Other Taxes": 18166000.0,
        "Provision For Doubtful Accounts": NaN,
        "Depreciation Amortization Depletion Income Statement": 139999000.0,
        "Depreciation And Amortization In Income Statement": 139999000.0,
        "Amortization": 23512000.0,
        "Amortization Of Intangibles Income Statement": 23512000.0,
        "Depreciation Income Statement": 116487000.0,
        "Selling General And Administration": 2105571000.0,
        "Selling And Marketing Expense": 1434309000.0,
        "General And Administrative Expense": 671262000.0,
        "Other Gand A": 71360000.0,
        "Insurance And Claims": NaN,
        "Salaries And Wages": 599902000.0,
        "Gross Profit": 4210484000.0,
        "Cost Of Revenue": 11312228000.0,
        "Total Revenue": 15522712000.0,
        "Operating Revenue": 17682761000.0
    },
    "2024-12-31": {
        "Tax Effect Of Unusual Items": 29238980.0,
        "Tax Rate For Calcs": 0.34,
        "Normalized EBITDA": 3213371000.0,
        "Total Unusual Items": 85997000.0,
        "Total Unusual Items Excluding Goodwill": 85997000.0,
        "Net Income From Continuing Operation Net Minority Interest": 695973000.0,
        "Reconciled Depreciation": 952898000.0,
        "Reconciled Cost Of Revenue": 12308238000.0,
        "EBITDA": 3299368000.0,
        "EBIT": 2346470000.0,
        "Net Interest Income": -295923000.0,
        "Interest Expense": 826604000.0,
        "Interest Income": 288987000.0,
        "Normalized Income": 639214980.0,
        "Net Income From Continuing And Discontinued Operation": 695973000.0,
        "Total Expenses": 15815928000.0,
        "Total Operating Income As Reported": NaN,
        "Diluted Average Shares": 1620844075.0,
        "Basic Average Shares": 1620844075.0,
        "Diluted EPS": 0.535523,
        "Basic EPS": 0.535523,
        "Diluted NI Availto Com Stockholders": 695973000.0,
        "Net Income Common Stockholders": 695973000.0,
        "Net Income": 695973000.0,
        "Minority Interests": -171754000.0,
        "Net Income Including Noncontrolling Interests": 867727000.0,
        "Net Income Discontinuous Operations": NaN,
        "Net Income Continuous Operations": 867727000.0,
        "Tax Provision": 652139000.0,
        "Pretax Income": 1519866000.0,
        "Other Income Expense": 82492000.0,
        "Special Income Charges": 129988000.0,
        "Gain On Sale Of Ppe": 132585000.0,
        "Write Off": 2597000.0,
        "Restructuring And Mergern Acquisition": NaN,
        "Earnings From Equity Interest": -3505000.0,
        "Gain On Sale Of Security": -43991000.0,
        "Net Non Operating Interest Income Expense": -295923000.0,
        "Total Other Finance Cost": -241694000.0,
        "Interest Expense Non Operating": 826604000.0,
        "Interest Income Non Operating": 288987000.0,
        "Operating Income": 1733297000.0,
        "Operating Expense": 2737781000.0,
        "Other Operating Expenses": 138621000.0,
        "Other Taxes": -28283000.0,
        "Provision For Doubtful Accounts": NaN,
        "Depreciation Amortization Depletion Income Statement": 182989000.0,
        "Depreciation And Amortization In Income Statement": 182989000.0,
        "Amortization": 42607000.0,
        "Amortization Of Intangibles Income Statement": 42607000.0,
        "Depreciation Income Statement": 140382000.0,
        "Selling General And Administration": 2444454000.0,
        "Selling And Marketing Expense": 1570944000.0,
        "General And Administrative Expense": 873510000.0,
        "Other Gand A": 129284000.0,
        "Insurance And Claims": NaN,
        "Salaries And Wages": 744226000.0,
        "Gross Profit": 4471078000.0,
        "Cost Of Revenue": 13078147000.0,
        "Total Revenue": 17549225000.0,
        "Operating Revenue": 20308258000.0
    },
    "2025-03-31": {
        "Tax Effect Of Unusual Items": 13395830.0,
        "Tax Rate For Calcs": 0.17,
        "Normalized EBITDA": 2997755000.0,
        "Total Unusual Items": 78799000.0,
        "Total Unusual Items Excluding Goodwill": 78799000.0,
        "Net Income From Continuing Operation Net Minority Interest": 1124435000.0,
        "Reconciled Depreciation": 838317000.0,
        "Reconciled Cost Of Revenue": 10757037000.0,
        "EBITDA": 3076554000.0,
        "EBIT": 2238237000.0,
        "Net Interest Income": -533175000.0,
        "Interest Expense": 810990000.0,
        "Interest Income": 320229000.0,
        "Normalized Income": 1059031830.0,
        "Net Income From Continuing And Discontinued Operation": 1124435000.0,
        "Total Expenses": 13632202000.0,
        "Total Operating Income As Reported": NaN,
        "Diluted Average Shares": 1613528816.0,
        "Basic Average Shares": 1610923390.0,
        "Diluted EPS": 0.69688,
        "Basic EPS": 0.69801,
        "Diluted NI Availto Com Stockholders": 1124435000.0,
        "Net Income Common Stockholders": 1124435000.0,
        "Net Income": 1124435000.0,
        "Minority Interests": -60635000.0,
        "Net Income Including Noncontrolling Interests": 1185070000.0,
        "Net Income Discontinuous Operations": NaN,
        "Net Income Continuous Operations": 1185070000.0,
        "Tax Provision": 242177000.0,
        "Pretax Income": 1427247000.0,
        "Other Income Expense": 80603000.0,
        "Special Income Charges": -6317000.0,
        "Gain On Sale Of Ppe": -1566000.0,
        "Write Off": 4751000.0,
        "Restructuring And Mergern Acquisition": NaN,
        "Earnings From Equity Interest": 1804000.0,
        "Gain On Sale Of Security": 85116000.0,
        "Net Non Operating Interest Income Expense": -533175000.0,
        "Total Other Finance Cost": 42414000.0,
        "Interest Expense Non Operating": 810990000.0,
        "Interest Income Non Operating": 320229000.0,
        "Operating Income": 1879819000.0,
        "Operating Expense": 2172786000.0,
        "Other Operating Expenses": 2404000.0,
        "Other Taxes": 9226000.0,
        "Provision For Doubtful Accounts": NaN,
        "Depreciation Amortization Depletion Income Statement": 135938000.0,
        "Depreciation And Amortization In Income Statement": 135938000.0,
        "Amortization": 21034000.0,
        "Amortization Of Intangibles Income Statement": 21034000.0,
        "Depreciation Income Statement": 114904000.0,
        "Selling General And Administration": 2025218000.0,
        "Selling And Marketing Expense": 1301913000.0,
        "General And Administrative Expense": 723305000.0,
        "Other Gand A": 79341000.0,
        "Insurance And Claims": NaN,
        "Salaries And Wages": 643964000.0,
        "Gross Profit": 4052605000.0,
        "Cost Of Revenue": 11459416000.0,
        "Total Revenue": 15512021000.0,
        "Operating Revenue": 17699009000.0
    },
    "2025-06-30": {
        "Tax Effect Of Unusual Items": -608062.0,
        "Tax Rate For Calcs": 0.169,
        "Normalized EBITDA": 2687052000.0,
        "Total Unusual Items": -3598000.0,
        "Total Unusual Items Excluding Goodwill": -3598000.0,
        "Net Income From Continuing Operation Net Minority Interest": 740621000.0,
        "Reconciled Depreciation": 883701000.0,
        "Reconciled Cost Of Revenue": 10526746000.0,
        "EBITDA": 2683454000.0,
        "EBIT": 1799753000.0,
        "Net Interest Income": -682554000.0,
        "Interest Expense": 915706000.0,
        "Interest Income": 331548000.0,
        "Normalized Income": 743610938.0,
        "Net Income From Continuing And Discontinued Operation": 740621000.0,
        "Total Expenses": 13793921000.0,
        "Total Operating Income As Reported": NaN,
        "Diluted Average Shares": 1613528816.0,
        "Basic Average Shares": 1610923390.0,
        "Diluted EPS": 0.45901,
        "Basic EPS": 0.45975,
        "Diluted NI Availto Com Stockholders": 740621000.0,
        "Net Income Common Stockholders": 740621000.0,
        "Net Income": 740621000.0,
        "Minority Interests": 5700000.0,
        "Net Income Including Noncontrolling Interests": 734921000.0,
        "Net Income Discontinuous Operations": NaN,
        "Net Income Continuous Operations": 734921000.0,
        "Tax Provision": 149126000.0,
        "Pretax Income": 884047000.0,
        "Other Income Expense": -4109000.0,
        "Special Income Charges": -7622000.0,
        "Gain On Sale Of Ppe": -9044000.0,
        "Write Off": -1422000.0,
        "Restructuring And Mergern Acquisition": NaN,
        "Earnings From Equity Interest": -511000.0,
        "Gain On Sale Of Security": 4024000.0,
        "Net Non Operating Interest Income Expense": -682554000.0,
        "Total Other Finance Cost": 98396000.0,
        "Interest Expense Non Operating": 915706000.0,
        "Interest Income Non Operating": 331548000.0,
        "Operating Income": 1570710000.0,
        "Operating Expense": 2522862000.0,
        "Other Operating Expenses": -19606000.0,
        "Other Taxes": 145819000.0,
        "Provision For Doubtful Accounts": NaN,
        "Depreciation Amortization Depletion Income Statement": 139388000.0,
        "Depreciation And Amortization In Income Statement": 139388000.0,
        "Amortization": 22915000.0,
        "Amortization Of Intangibles Income Statement": 22915000.0,
        "Depreciation Income Statement": 116473000.0,
        "Selling General And Administration": 2257261000.0,
        "Selling And Marketing Expense": 1429996000.0,
        "General And Administrative Expense": 827265000.0,
        "Other Gand A": 109862000.0,
        "Insurance And Claims": NaN,
        "Salaries And Wages": 717403000.0,
        "Gross Profit": 4093572000.0,
        "Cost Of Revenue": 11271059000.0,
        "Total Revenue": 15364631000.0,
        "Operating Revenue": 17653101000.0
    }
}