{
    "2023-06-30": {
        "Tax Effect Of Unusual Items": NaN,
        "Tax Rate For Calcs": NaN,
        "Normalized EBITDA": NaN,
        "Net Income From Continuing Operation Net Minority Interest": NaN,
        "Reconciled Depreciation": NaN,
        "EBITDA": NaN,
        "EBIT": NaN,
        "Net Interest Income": NaN,
        "Interest Expense": NaN,
        "Interest Income": NaN,
        "Normalized Income": NaN,
        "Net Income From Continuing And Discontinued Operation": NaN,
        "Total Expenses": NaN,
        "Total Operating Income As Reported": NaN,
        "Diluted Average Shares": 38407672.0,
        "Basic Average Shares": 38407672.0,
        "Diluted EPS": -0.62,
        "Basic EPS": -0.62,
        "Diluted NI Availto Com Stockholders": NaN,
        "Net Income Common Stockholders": NaN,
        "Net Income": NaN,
        "Minority Interests": NaN,
        "Net Income Including Noncontrolling Interests": NaN,
        "Net Income Continuous Operations": NaN,
        "Tax Provision": NaN,
        "Pretax Income": NaN,
        "Other Income Expense": NaN,
        "Other Non Operating Income Expenses": NaN,
        "Net Non Operating Interest Income Expense": NaN,
        "Interest Expense Non Operating": NaN,
        "Interest Income Non Operating": NaN,
        "Operating Income": NaN,
        "Operating Expense": NaN,
        "Other Operating Expenses": NaN,
        "Research And Development": NaN,
        "Selling General And Administration": NaN,
        "General And Administrative Expense": NaN,
        "Other Gand A": NaN,
        "Total Revenue": NaN,
        "Operating Revenue": NaN
    },
    "2023-03-31": {
        "Tax Effect Of Unusual Items": NaN,
        "Tax Rate For Calcs": NaN,
        "Normalized EBITDA": NaN,
        "Net Income From Continuing Operation Net Minority Interest": NaN,
        "Reconciled Depreciation": NaN,
        "EBITDA": NaN,
        "EBIT": NaN,
        "Net Interest Income": NaN,
        "Interest Expense": NaN,
        "Interest Income": NaN,
        "Normalized Income": NaN,
        "Net Income From Continuing And Discontinued Operation": NaN,
        "Total Expenses": NaN,
        "Total Operating Income As Reported": NaN,
        "Diluted Average Shares": 38013399.0,
        "Basic Average Shares": 38013399.0,
        "Diluted EPS": -0.48,
        "Basic EPS": -0.48,
        "Diluted NI Availto Com Stockholders": NaN,
        "Net Income Common Stockholders": NaN,
        "Net Income": NaN,
        "Minority Interests": NaN,
        "Net Income Including Noncontrolling Interests": NaN,
        "Net Income Continuous Operations": NaN,
        "Tax Provision": NaN,
        "Pretax Income": NaN,
        "Other Income Expense": NaN,
        "Other Non Operating Income Expenses": NaN,
        "Net Non Operating Interest Income Expense": NaN,
        "Interest Expense Non Operating": NaN,
        "Interest Income Non Operating": NaN,
        "Operating Income": NaN,
        "Operating Expense": NaN,
        "Other Operating Expenses": NaN,
        "Research And Development": NaN,
        "Selling General And Administration": NaN,
        "General And Administrative Expense": NaN,
        "Other Gand A": NaN,
        "Total Revenue": NaN,
        "Operating Revenue": NaN
    },
    "2022-12-31": {
        "Tax Effect Of Unusual Items": NaN,
        "Tax Rate For Calcs": NaN,
        "Normalized EBITDA": NaN,
        "Total Unusual Items": 943000.0,
        "Total Unusual Items Excluding Goodwill": 943000.0,
        "Net Income From Continuing Operation Net Minority Interest": NaN,
        "Reconciled Depreciation": NaN,
        "EBITDA": NaN,
        "EBIT": NaN,
        "Net Interest Income": NaN,
        "Interest Expense": NaN,
        "Interest Income": NaN,
        "Normalized Income": NaN,
        "Net Income From Continuing And Discontinued Operation": NaN,
        "Total Expenses": NaN,
        "Total Operating Income As Reported": NaN,
        "Diluted Average Shares": NaN,
        "Basic Average Shares": NaN,
        "Diluted EPS": NaN,
        "Basic EPS": NaN,
        "Diluted NI Availto Com Stockholders": NaN,
        "Net Income Common Stockholders": NaN,
        "Net Income": NaN,
        "Minority Interests": NaN,
        "Net Income Including Noncontrolling Interests": NaN,
        "Net Income Continuous Operations": NaN,
        "Tax Provision": NaN,
        "Pretax Income": NaN,
        "Other Income Expense": 1459000.0,
        "Other Non Operating Income Expenses": 516000.0,
        "Special Income Charges": 943000.0,
        "Net Non Operating Interest Income Expense": NaN,
        "Interest Expense Non Operating": NaN,
        "Interest Income Non Operating": NaN,
        "Operating Income": NaN,
        "Operating Expense": NaN,
        "Other Operating Expenses": NaN,
        "Research And Development": NaN,
        "Selling General And Administration": NaN,
        "General And Administrative Expense": NaN,
        "Other Gand A": NaN,
        "Total Revenue": NaN,
        "Operating Revenue": NaN
    },
    "2022-09-30": {
        "Tax Effect Of Unusual Items": NaN,
        "Tax Rate For Calcs": NaN,
        "Normalized EBITDA": NaN,
        "Total Unusual Items": -317000.0,
        "Total Unusual Items Excluding Goodwill": -317000.0,
        "Net Income From Continuing Operation Net Minority Interest": NaN,
        "Reconciled Depreciation": NaN,
        "EBITDA": NaN,
        "EBIT": NaN,
        "Net Interest Income": NaN,
        "Interest Expense": NaN,
        "Interest Income": NaN,
        "Normalized Income": NaN,
        "Net Income From Continuing And Discontinued Operation": NaN,
        "Total Expenses": NaN,
        "Total Operating Income As Reported": NaN,
        "Diluted Average Shares": 38156564.0,
        "Basic Average Shares": 37247123.0,
        "Diluted EPS": 0.22,
        "Basic EPS": 0.22,
        "Diluted NI Availto Com Stockholders": NaN,
        "Net Income Common Stockholders": NaN,
        "Net Income": NaN,
        "Minority Interests": NaN,
        "Net Income Including Noncontrolling Interests": NaN,
        "Net Income Continuous Operations": NaN,
        "Tax Provision": NaN,
        "Pretax Income": NaN,
        "Other Income Expense": -317000.0,
        "Other Non Operating Income Expenses": NaN,
        "Special Income Charges": -317000.0,
        "Restructuring And Mergern Acquisition": 317000.0,
        "Net Non Operating Interest Income Expense": NaN,
        "Interest Expense Non Operating": NaN,
        "Interest Income Non Operating": NaN,
        "Operating Income": NaN,
        "Operating Expense": NaN,
        "Other Operating Expenses": NaN,
        "Research And Development": NaN,
        "Selling General And Administration": NaN,
        "General And Administrative Expense": NaN,
        "Other Gand A": NaN,
        "Total Revenue": NaN,
        "Operating Revenue": NaN
    },
    "2023-09-30": {
        "Tax Effect Of Unusual Items": NaN,
        "Tax Rate For Calcs": NaN,
        "Normalized EBITDA": NaN,
        "Net Income From Continuing Operation Net Minority Interest": NaN,
        "Reconciled Depreciation": NaN,
        "EBITDA": NaN,
        "EBIT": NaN,
        "Net Interest Income": NaN,
        "Interest Expense": NaN,
        "Interest Income": NaN,
        "Normalized Income": NaN,
        "Net Income From Continuing And Discontinued Operation": NaN,
        "Total Expenses": NaN,
        "Total Operating Income As Reported": NaN,
        "Diluted Average Shares": 38533833.0,
        "Basic Average Shares": 38533833.0,
        "Diluted EPS": -0.37,
        "Basic EPS": -0.37,
        "Diluted NI Availto Com Stockholders": NaN,
        "Net Income Common Stockholders": NaN,
        "Net Income": NaN,
        "Minority Interests": NaN,
        "Net Income Including Noncontrolling Interests": NaN,
        "Net Income Continuous Operations": NaN,
        "Tax Provision": NaN,
        "Pretax Income": NaN,
        "Other Income Expense": NaN,
        "Other Non Operating Income Expenses": NaN,
        "Net Non Operating Interest Income Expense": NaN,
        "Interest Expense Non Operating": NaN,
        "Interest Income Non Operating": NaN,
        "Operating Income": NaN,
        "Operating Expense": NaN,
        "Other Operating Expenses": NaN,
        "Research And Development": NaN,
        "Selling General And Administration": NaN,
        "General And Administrative Expense": NaN,
        "Other Gand A": NaN,
        "Total Revenue": NaN,
        "Operating Revenue": NaN
    },
    "2023-12-31": {
        "Tax Effect Of Unusual Items": NaN,
        "Tax Rate For Calcs": NaN,
        "Normalized EBITDA": NaN,
        "Net Income From Continuing Operation Net Minority Interest": NaN,
        "Reconciled Depreciation": NaN,
        "EBITDA": NaN,
        "EBIT": NaN,
        "Net Interest Income": NaN,
        "Interest Expense": NaN,
        "Interest Income": NaN,
        "Normalized Income": NaN,
        "Net Income From Continuing And Discontinued Operation": NaN,
        "Total Expenses": NaN,
        "Total Operating Income As Reported": NaN,
        "Diluted Average Shares": NaN,
        "Basic Average Shares": NaN,
        "Diluted EPS": NaN,
        "Basic EPS": NaN,
        "Diluted NI Availto Com Stockholders": NaN,
        "Net Income Common Stockholders": NaN,
        "Net Income": NaN,
        "Minority Interests": NaN,
        "Net Income Including Noncontrolling Interests": NaN,
        "Net Income Continuous Operations": NaN,
        "Tax Provision": NaN,
        "Pretax Income": NaN,
        "Other Income Expense": 774000.0,
        "Other Non Operating Income Expenses": 774000.0,
        "Net Non Operating Interest Income Expense": NaN,
        "Interest Expense Non Operating": NaN,
        "Interest Income Non Operating": NaN,
        "Operating Income": NaN,
        "Operating Expense": NaN,
        "Other Operating Expenses": NaN,
        "Research And Development": NaN,
        "Selling General And Administration": NaN,
        "General And Administrative Expense": NaN,
        "Other Gand A": NaN,
        "Total Revenue": NaN,
        "Operating Revenue": NaN
    },
    "2024-03-31": {
        "Tax Effect Of Unusual Items": 0.0,
        "Tax Rate For Calcs": 0.002378,
        "Normalized EBITDA": -14115000.0,
        "Net Income From Continuing Operation Net Minority Interest": -15489000.0,
        "Reconciled Depreciation": 1430000.0,
        "EBITDA": -14115000.0,
        "EBIT": -15545000.0,
        "Net Interest Income": 763000.0,
        "Interest Expense": 12000.0,
        "Interest Income": 775000.0,
        "Normalized Income": -15489000.0,
        "Net Income From Continuing And Discontinued Operation": -15489000.0,
        "Total Expenses": 16320000.0,
        "Total Operating Income As Reported": -16914000.0,
        "Diluted Average Shares": 38773482.0,
        "Basic Average Shares": 38773482.0,
        "Diluted EPS": -0.4,
        "Basic EPS": -0.4,
        "Diluted NI Availto Com Stockholders": -15489000.0,
        "Net Income Common Stockholders": -15489000.0,
        "Net Income": -15489000.0,
        "Minority Interests": 31000.0,
        "Net Income Including Noncontrolling Interests": -15520000.0,
        "Net Income Continuous Operations": -15520000.0,
        "Tax Provision": -37000.0,
        "Pretax Income": -15557000.0,
        "Other Income Expense": NaN,
        "Other Non Operating Income Expenses": NaN,
        "Net Non Operating Interest Income Expense": 763000.0,
        "Interest Expense Non Operating": 12000.0,
        "Interest Income Non Operating": 775000.0,
        "Operating Income": -16320000.0,
        "Operating Expense": 16320000.0,
        "Other Operating Expenses": -205000.0,
        "Research And Development": 10531000.0,
        "Selling General And Administration": 5994000.0,
        "General And Administrative Expense": 5994000.0,
        "Other Gand A": 5994000.0,
        "Total Revenue": 0.0,
        "Operating Revenue": 0.0
    },
    "2024-06-30": {
        "Tax Effect Of Unusual Items": 0.0,
        "Tax Rate For Calcs": 0.000413,
        "Normalized EBITDA": -15471000.0,
        "Net Income From Continuing Operation Net Minority Interest": -16931000.0,
        "Reconciled Depreciation": 1467000.0,
        "EBITDA": -15471000.0,
        "EBIT": -16938000.0,
        "Net Interest Income": 623000.0,
        "Interest Expense": 12000.0,
        "Interest Income": 635000.0,
        "Normalized Income": -16931000.0,
        "Net Income From Continuing And Discontinued Operation": -16931000.0,
        "Total Expenses": 17593000.0,
        "Total Operating Income As Reported": -18286000.0,
        "Diluted Average Shares": 39041111.0,
        "Basic Average Shares": 39041111.0,
        "Diluted EPS": -0.43,
        "Basic EPS": -0.43,
        "Diluted NI Availto Com Stockholders": -16931000.0,
        "Net Income Common Stockholders": -16931000.0,
        "Net Income": -16931000.0,
        "Minority Interests": 12000.0,
        "Net Income Including Noncontrolling Interests": -16943000.0,
        "Net Income Continuous Operations": -16943000.0,
        "Tax Provision": -7000.0,
        "Pretax Income": -16950000.0,
        "Other Income Expense": 20000.0,
        "Other Non Operating Income Expenses": 20000.0,
        "Net Non Operating Interest Income Expense": 623000.0,
        "Interest Expense Non Operating": 12000.0,
        "Interest Income Non Operating": 635000.0,
        "Operating Income": -17593000.0,
        "Operating Expense": 17593000.0,
        "Other Operating Expenses": -577000.0,
        "Research And Development": 10969000.0,
        "Selling General And Administration": 7201000.0,
        "General And Administrative Expense": 7201000.0,
        "Other Gand A": 7201000.0,
        "Total Revenue": 0.0,
        "Operating Revenue": 0.0
    },
    "2024-09-30": {
        "Tax Effect Of Unusual Items": 0.0,
        "Tax Rate For Calcs": 0.000369,
        "Normalized EBITDA": -6640000.0,
        "Net Income From Continuing Operation Net Minority Interest": -8114000.0,
        "Reconciled Depreciation": 1475000.0,
        "EBITDA": -6640000.0,
        "EBIT": -8115000.0,
        "Net Interest Income": 614000.0,
        "Interest Expense": 17000.0,
        "Interest Income": 631000.0,
        "Normalized Income": -8114000.0,
        "Net Income From Continuing And Discontinued Operation": -8114000.0,
        "Total Expenses": 23741000.0,
        "Total Operating Income As Reported": -9380000.0,
        "Diluted Average Shares": 39419447.0,
        "Basic Average Shares": 39419447.0,
        "Diluted EPS": -0.21,
        "Basic EPS": -0.21,
        "Diluted NI Availto Com Stockholders": -8114000.0,
        "Net Income Common Stockholders": -8114000.0,
        "Net Income": -8114000.0,
        "Minority Interests": 15000.0,
        "Net Income Including Noncontrolling Interests": -8129000.0,
        "Net Income Continuous Operations": -8129000.0,
        "Tax Provision": -3000.0,
        "Pretax Income": -8132000.0,
        "Other Income Expense": 26000.0,
        "Other Non Operating Income Expenses": 26000.0,
        "Net Non Operating Interest Income Expense": 614000.0,
        "Interest Expense Non Operating": 17000.0,
        "Interest Income Non Operating": 631000.0,
        "Operating Income": -8772000.0,
        "Operating Expense": 23741000.0,
        "Other Operating Expenses": -210000.0,
        "Research And Development": 10531000.0,
        "Selling General And Administration": 13420000.0,
        "General And Administrative Expense": 13420000.0,
        "Other Gand A": 13420000.0,
        "Total Revenue": 14969000.0,
        "Operating Revenue": 14969000.0
    },
    "2024-12-31": {
        "Tax Effect Of Unusual Items": 0.0,
        "Tax Rate For Calcs": 0.25,
        "Normalized EBITDA": -19148000.0,
        "Net Income From Continuing Operation Net Minority Interest": -20540000.0,
        "Reconciled Depreciation": 1428000.0,
        "EBITDA": -19148000.0,
        "EBIT": -20576000.0,
        "Net Interest Income": 625000.0,
        "Interest Expense": 12000.0,
        "Interest Income": 637000.0,
        "Normalized Income": -20540000.0,
        "Net Income From Continuing And Discontinued Operation": -20540000.0,
        "Total Expenses": 9093000.0,
        "Total Operating Income As Reported": -23390000.0,
        "Diluted Average Shares": NaN,
        "Basic Average Shares": NaN,
        "Diluted EPS": NaN,
        "Basic EPS": NaN,
        "Diluted NI Availto Com Stockholders": -20540000.0,
        "Net Income Common Stockholders": -20540000.0,
        "Net Income": -20540000.0,
        "Minority Interests": 51000.0,
        "Net Income Including Noncontrolling Interests": -20591000.0,
        "Net Income Continuous Operations": -20591000.0,
        "Tax Provision": 3000.0,
        "Pretax Income": -20588000.0,
        "Other Income Expense": -12120000.0,
        "Other Non Operating Income Expenses": 89000.0,
        "Net Non Operating Interest Income Expense": 625000.0,
        "Interest Expense Non Operating": 12000.0,
        "Interest Income Non Operating": 637000.0,
        "Operating Income": -9093000.0,
        "Operating Expense": 9093000.0,
        "Other Operating Expenses": -184000.0,
        "Research And Development": 6222000.0,
        "Selling General And Administration": 3055000.0,
        "General And Administrative Expense": 3055000.0,
        "Other Gand A": 3055000.0,
        "Total Revenue": 0.0,
        "Operating Revenue": 0.0
    },
    "2025-03-31": {
        "Tax Effect Of Unusual Items": 0.0,
        "Tax Rate For Calcs": 0.001118,
        "Normalized EBITDA": -17633000.0,
        "Net Income From Continuing Operation Net Minority Interest": -19648000.0,
        "Reconciled Depreciation": 2034000.0,
        "EBITDA": -17633000.0,
        "EBIT": -19667000.0,
        "Net Interest Income": 543000.0,
        "Interest Expense": 13000.0,
        "Interest Income": 556000.0,
        "Normalized Income": -19648000.0,
        "Net Income From Continuing And Discontinued Operation": -19648000.0,
        "Total Expenses": 20298000.0,
        "Total Operating Income As Reported": -20600000.0,
        "Diluted Average Shares": 40265216.0,
        "Basic Average Shares": 40265216.0,
        "Diluted EPS": -0.49,
        "Basic EPS": -0.49,
        "Diluted NI Availto Com Stockholders": -19648000.0,
        "Net Income Common Stockholders": -19648000.0,
        "Net Income": -19648000.0,
        "Minority Interests": 10000.0,
        "Net Income Including Noncontrolling Interests": -19658000.0,
        "Net Income Continuous Operations": -19658000.0,
        "Tax Provision": -22000.0,
        "Pretax Income": -19680000.0,
        "Other Income Expense": 75000.0,
        "Other Non Operating Income Expenses": 75000.0,
        "Net Non Operating Interest Income Expense": 543000.0,
        "Interest Expense Non Operating": 13000.0,
        "Interest Income Non Operating": 556000.0,
        "Operating Income": -20298000.0,
        "Operating Expense": 20298000.0,
        "Other Operating Expenses": -329000.0,
        "Research And Development": 7988000.0,
        "Selling General And Administration": 12639000.0,
        "General And Administrative Expense": 12639000.0,
        "Other Gand A": 12639000.0,
        "Total Revenue": 0.0,
        "Operating Revenue": 0.0
    }
}