{
    "2025-03-31": {
        "Tax Effect Of Unusual Items": -6930000.0,
        "Tax Rate For Calcs": 0.21,
        "Normalized EBITDA": 240000000.0,
        "Total Unusual Items": -33000000.0,
        "Total Unusual Items Excluding Goodwill": -33000000.0,
        "Net Income From Continuing Operation Net Minority Interest": -25000000.0,
        "Reconciled Depreciation": 102000000.0,
        "Reconciled Cost Of Revenue": 327000000.0,
        "EBITDA": 207000000.0,
        "EBIT": 105000000.0,
        "Net Interest Income": -46000000.0,
        "Interest Expense": 49000000.0,
        "Interest Income": 3000000.0,
        "Normalized Income": 1070000.0,
        "Net Income From Continuing And Discontinued Operation": 27000000.0,
        "Total Expenses": 445000000.0,
        "Total Operating Income As Reported": 138000000.0,
        "Diluted Average Shares": 202000000.0,
        "Basic Average Shares": 202000000.0,
        "Diluted EPS": 0.13,
        "Basic EPS": 0.13,
        "Diluted NI Availto Com Stockholders": 27000000.0,
        "Net Income Common Stockholders": 27000000.0,
        "Net Income": 27000000.0,
        "Minority Interests": -33000000.0,
        "Net Income Including Noncontrolling Interests": 60000000.0,
        "Net Income Discontinuous Operations": 52000000.0,
        "Net Income Continuous Operations": 8000000.0,
        "Tax Provision": 48000000.0,
        "Pretax Income": 56000000.0,
        "Other Income Expense": -37000000.0,
        "Other Non Operating Income Expenses": -4000000.0,
        "Special Income Charges": NaN,
        "Restructuring And Mergern Acquisition": NaN,
        "Gain On Sale Of Security": -33000000.0,
        "Net Non Operating Interest Income Expense": -46000000.0,
        "Interest Expense Non Operating": 49000000.0,
        "Interest Income Non Operating": 3000000.0,
        "Operating Income": 138000000.0,
        "Operating Expense": 118000000.0,
        "Other Operating Expenses": 3000000.0,
        "Depreciation Amortization Depletion Income Statement": NaN,
        "Depreciation And Amortization In Income Statement": NaN,
        "Research And Development": 11000000.0,
        "Selling General And Administration": 104000000.0,
        "Selling And Marketing Expense": NaN,
        "General And Administrative Expense": NaN,
        "Other Gand A": NaN,
        "Gross Profit": 256000000.0,
        "Cost Of Revenue": 327000000.0,
        "Total Revenue": 583000000.0,
        "Operating Revenue": 583000000.0
    },
    "2024-12-31": {
        "Tax Effect Of Unusual Items": 15750000.0,
        "Tax Rate For Calcs": 0.21,
        "Normalized EBITDA": 280000000.0,
        "Total Unusual Items": 75000000.0,
        "Total Unusual Items Excluding Goodwill": 75000000.0,
        "Net Income From Continuing Operation Net Minority Interest": 81000000.0,
        "Reconciled Depreciation": 101000000.0,
        "Reconciled Cost Of Revenue": 366000000.0,
        "EBITDA": 355000000.0,
        "EBIT": 254000000.0,
        "Net Interest Income": -46000000.0,
        "Interest Expense": 48000000.0,
        "Interest Income": 2000000.0,
        "Normalized Income": 21750000.0,
        "Net Income From Continuing And Discontinued Operation": 218000000.0,
        "Total Expenses": 472000000.0,
        "Total Operating Income As Reported": 179000000.0,
        "Diluted Average Shares": 204000000.0,
        "Basic Average Shares": 202000000.0,
        "Diluted EPS": 1.07,
        "Basic EPS": 1.08,
        "Diluted NI Availto Com Stockholders": 218000000.0,
        "Net Income Common Stockholders": 218000000.0,
        "Net Income": 218000000.0,
        "Minority Interests": -35000000.0,
        "Net Income Including Noncontrolling Interests": 254000000.0,
        "Net Income Discontinuous Operations": 137000000.0,
        "Net Income Continuous Operations": 117000000.0,
        "Tax Provision": 89000000.0,
        "Pretax Income": 206000000.0,
        "Other Income Expense": 73000000.0,
        "Other Non Operating Income Expenses": -2000000.0,
        "Special Income Charges": 0.0,
        "Restructuring And Mergern Acquisition": 0.0,
        "Gain On Sale Of Security": 75000000.0,
        "Net Non Operating Interest Income Expense": -46000000.0,
        "Interest Expense Non Operating": 48000000.0,
        "Interest Income Non Operating": 2000000.0,
        "Operating Income": 180000000.0,
        "Operating Expense": 106000000.0,
        "Other Operating Expenses": 2000000.0,
        "Depreciation Amortization Depletion Income Statement": NaN,
        "Depreciation And Amortization In Income Statement": NaN,
        "Research And Development": 11000000.0,
        "Selling General And Administration": 93000000.0,
        "Selling And Marketing Expense": NaN,
        "General And Administrative Expense": NaN,
        "Other Gand A": NaN,
        "Gross Profit": 286000000.0,
        "Cost Of Revenue": 366000000.0,
        "Total Revenue": 652000000.0,
        "Operating Revenue": 652000000.0
    },
    "2024-09-30": {
        "Tax Effect Of Unusual Items": -16170000.0,
        "Tax Rate For Calcs": 0.21,
        "Normalized EBITDA": 246000000.0,
        "Total Unusual Items": -77000000.0,
        "Total Unusual Items Excluding Goodwill": -77000000.0,
        "Net Income From Continuing Operation Net Minority Interest": -81000000.0,
        "Reconciled Depreciation": 102000000.0,
        "Reconciled Cost Of Revenue": 233000000.0,
        "EBITDA": 169000000.0,
        "EBIT": 68000000.0,
        "Net Interest Income": -53000000.0,
        "Interest Expense": 53000000.0,
        "Interest Income": 2000000.0,
        "Normalized Income": -20170000.0,
        "Net Income From Continuing And Discontinued Operation": 7000000.0,
        "Total Expenses": 437000000.0,
        "Total Operating Income As Reported": 110000000.0,
        "Diluted Average Shares": 202000000.0,
        "Basic Average Shares": 202000000.0,
        "Diluted EPS": 0.04,
        "Basic EPS": 0.04,
        "Diluted NI Availto Com Stockholders": 7000000.0,
        "Net Income Common Stockholders": 7000000.0,
        "Net Income": 7000000.0,
        "Minority Interests": -35000000.0,
        "Net Income Including Noncontrolling Interests": 42000000.0,
        "Net Income Discontinuous Operations": 88000000.0,
        "Net Income Continuous Operations": -46000000.0,
        "Tax Provision": 61000000.0,
        "Pretax Income": 15000000.0,
        "Other Income Expense": -81000000.0,
        "Other Non Operating Income Expenses": -4000000.0,
        "Special Income Charges": -38000000.0,
        "Restructuring And Mergern Acquisition": 38000000.0,
        "Gain On Sale Of Security": -39000000.0,
        "Net Non Operating Interest Income Expense": -53000000.0,
        "Interest Expense Non Operating": 53000000.0,
        "Interest Income Non Operating": 2000000.0,
        "Operating Income": 149000000.0,
        "Operating Expense": 154000000.0,
        "Other Operating Expenses": 2000000.0,
        "Depreciation Amortization Depletion Income Statement": NaN,
        "Depreciation And Amortization In Income Statement": NaN,
        "Research And Development": 12000000.0,
        "Selling General And Administration": 91000000.0,
        "Selling And Marketing Expense": NaN,
        "General And Administrative Expense": NaN,
        "Other Gand A": NaN,
        "Gross Profit": 303000000.0,
        "Cost Of Revenue": 283000000.0,
        "Total Revenue": 586000000.0,
        "Operating Revenue": 586000000.0
    },
    "2024-06-30": {
        "Tax Effect Of Unusual Items": NaN,
        "Tax Rate For Calcs": NaN,
        "Normalized EBITDA": NaN,
        "Total Unusual Items": NaN,
        "Total Unusual Items Excluding Goodwill": NaN,
        "Net Income From Continuing Operation Net Minority Interest": NaN,
        "Reconciled Depreciation": NaN,
        "Reconciled Cost Of Revenue": NaN,
        "EBITDA": NaN,
        "EBIT": NaN,
        "Net Interest Income": NaN,
        "Interest Expense": NaN,
        "Interest Income": 2000000.0,
        "Normalized Income": NaN,
        "Net Income From Continuing And Discontinued Operation": NaN,
        "Total Expenses": NaN,
        "Total Operating Income As Reported": 179000000.0,
        "Diluted Average Shares": NaN,
        "Basic Average Shares": NaN,
        "Diluted EPS": NaN,
        "Basic EPS": NaN,
        "Diluted NI Availto Com Stockholders": NaN,
        "Net Income Common Stockholders": NaN,
        "Net Income": NaN,
        "Minority Interests": NaN,
        "Net Income Including Noncontrolling Interests": NaN,
        "Net Income Discontinuous Operations": NaN,
        "Net Income Continuous Operations": NaN,
        "Tax Provision": NaN,
        "Pretax Income": NaN,
        "Other Income Expense": NaN,
        "Other Non Operating Income Expenses": NaN,
        "Special Income Charges": 0.0,
        "Restructuring And Mergern Acquisition": 0.0,
        "Gain On Sale Of Security": NaN,
        "Net Non Operating Interest Income Expense": NaN,
        "Interest Expense Non Operating": NaN,
        "Interest Income Non Operating": 2000000.0,
        "Operating Income": NaN,
        "Operating Expense": NaN,
        "Other Operating Expenses": 1000000.0,
        "Depreciation Amortization Depletion Income Statement": NaN,
        "Depreciation And Amortization In Income Statement": NaN,
        "Research And Development": NaN,
        "Selling General And Administration": NaN,
        "Selling And Marketing Expense": NaN,
        "General And Administrative Expense": NaN,
        "Other Gand A": NaN,
        "Gross Profit": NaN,
        "Cost Of Revenue": NaN,
        "Total Revenue": NaN,
        "Operating Revenue": NaN
    },
    "2024-03-31": {
        "Tax Effect Of Unusual Items": NaN,
        "Tax Rate For Calcs": NaN,
        "Normalized EBITDA": NaN,
        "Total Unusual Items": NaN,
        "Total Unusual Items Excluding Goodwill": NaN,
        "Net Income From Continuing Operation Net Minority Interest": NaN,
        "Reconciled Depreciation": NaN,
        "Reconciled Cost Of Revenue": NaN,
        "EBITDA": NaN,
        "EBIT": NaN,
        "Net Interest Income": NaN,
        "Interest Expense": NaN,
        "Interest Income": NaN,
        "Normalized Income": NaN,
        "Net Income From Continuing And Discontinued Operation": NaN,
        "Total Expenses": NaN,
        "Total Operating Income As Reported": NaN,
        "Diluted Average Shares": NaN,
        "Basic Average Shares": NaN,
        "Diluted EPS": NaN,
        "Basic EPS": NaN,
        "Diluted NI Availto Com Stockholders": NaN,
        "Net Income Common Stockholders": NaN,
        "Net Income": NaN,
        "Minority Interests": NaN,
        "Net Income Including Noncontrolling Interests": NaN,
        "Net Income Discontinuous Operations": NaN,
        "Net Income Continuous Operations": NaN,
        "Tax Provision": NaN,
        "Pretax Income": NaN,
        "Other Income Expense": NaN,
        "Other Non Operating Income Expenses": NaN,
        "Special Income Charges": -18000000.0,
        "Restructuring And Mergern Acquisition": 18000000.0,
        "Gain On Sale Of Security": NaN,
        "Net Non Operating Interest Income Expense": NaN,
        "Interest Expense Non Operating": NaN,
        "Interest Income Non Operating": NaN,
        "Operating Income": NaN,
        "Operating Expense": NaN,
        "Other Operating Expenses": NaN,
        "Research And Development": NaN,
        "Selling General And Administration": NaN,
        "Gross Profit": NaN,
        "Cost Of Revenue": NaN,
        "Total Revenue": NaN,
        "Operating Revenue": NaN
    },
    "2023-12-31": {
        "Tax Effect Of Unusual Items": NaN,
        "Tax Rate For Calcs": NaN,
        "Normalized EBITDA": NaN,
        "Total Unusual Items": NaN,
        "Total Unusual Items Excluding Goodwill": NaN,
        "Net Income From Continuing Operation Net Minority Interest": NaN,
        "Reconciled Depreciation": NaN,
        "Reconciled Cost Of Revenue": NaN,
        "EBITDA": NaN,
        "EBIT": NaN,
        "Net Interest Income": NaN,
        "Interest Expense": NaN,
        "Interest Income": NaN,
        "Normalized Income": NaN,
        "Net Income From Continuing And Discontinued Operation": NaN,
        "Total Expenses": NaN,
        "Total Operating Income As Reported": NaN,
        "Diluted Average Shares": NaN,
        "Basic Average Shares": NaN,
        "Diluted EPS": NaN,
        "Basic EPS": NaN,
        "Diluted NI Availto Com Stockholders": NaN,
        "Net Income Common Stockholders": NaN,
        "Net Income": NaN,
        "Minority Interests": NaN,
        "Net Income Including Noncontrolling Interests": NaN,
        "Net Income Discontinuous Operations": NaN,
        "Net Income Continuous Operations": NaN,
        "Tax Provision": NaN,
        "Pretax Income": NaN,
        "Other Income Expense": NaN,
        "Other Non Operating Income Expenses": NaN,
        "Special Income Charges": NaN,
        "Gain On Sale Of Business": 0.0,
        "Other Special Charges": 1000000.0,
        "Restructuring And Mergern Acquisition": NaN,
        "Gain On Sale Of Security": NaN,
        "Net Non Operating Interest Income Expense": NaN,
        "Interest Expense Non Operating": NaN,
        "Interest Income Non Operating": NaN,
        "Operating Income": NaN,
        "Operating Expense": NaN,
        "Other Operating Expenses": NaN,
        "Research And Development": NaN,
        "Selling General And Administration": NaN,
        "Gross Profit": NaN,
        "Cost Of Revenue": NaN,
        "Total Revenue": NaN,
        "Operating Revenue": NaN
    },
    "2025-06-30": {
        "Tax Effect Of Unusual Items": -25200000.0,
        "Tax Rate For Calcs": 0.21,
        "Normalized EBITDA": 266000000.0,
        "Total Unusual Items": -120000000.0,
        "Total Unusual Items Excluding Goodwill": -120000000.0,
        "Net Income From Continuing Operation Net Minority Interest": -98000000.0,
        "Reconciled Depreciation": 107000000.0,
        "Reconciled Cost Of Revenue": 356000000.0,
        "EBITDA": 146000000.0,
        "EBIT": 39000000.0,
        "Net Interest Income": -49000000.0,
        "Interest Expense": 49000000.0,
        "Interest Income": 4000000.0,
        "Normalized Income": -3200000.0,
        "Net Income From Continuing And Discontinued Operation": -58000000.0,
        "Total Expenses": 471000000.0,
        "Total Operating Income As Reported": 139000000.0,
        "Diluted Average Shares": 203000000.0,
        "Basic Average Shares": 203000000.0,
        "Diluted EPS": -0.29,
        "Basic EPS": -0.29,
        "Diluted NI Availto Com Stockholders": -58000000.0,
        "Net Income Common Stockholders": -58000000.0,
        "Net Income": -58000000.0,
        "Minority Interests": -38000000.0,
        "Net Income Including Noncontrolling Interests": -20000000.0,
        "Net Income Discontinuous Operations": 40000000.0,
        "Net Income Continuous Operations": -60000000.0,
        "Tax Provision": 50000000.0,
        "Pretax Income": -10000000.0,
        "Other Income Expense": -122000000.0,
        "Other Non Operating Income Expenses": -2000000.0,
        "Special Income Charges": -21000000.0,
        "Restructuring And Mergern Acquisition": 21000000.0,
        "Gain On Sale Of Security": -99000000.0,
        "Net Non Operating Interest Income Expense": -49000000.0,
        "Interest Expense Non Operating": 49000000.0,
        "Interest Income Non Operating": 4000000.0,
        "Operating Income": 159000000.0,
        "Operating Expense": 115000000.0,
        "Other Operating Expenses": 3000000.0,
        "Depreciation Amortization Depletion Income Statement": NaN,
        "Depreciation And Amortization In Income Statement": NaN,
        "Research And Development": 12000000.0,
        "Selling General And Administration": 100000000.0,
        "Selling And Marketing Expense": NaN,
        "General And Administrative Expense": NaN,
        "Other Gand A": NaN,
        "Gross Profit": 274000000.0,
        "Cost Of Revenue": 356000000.0,
        "Total Revenue": 630000000.0,
        "Operating Revenue": 630000000.0
    },
    "2025-09-30": {
        "Tax Effect Of Unusual Items": -296000.0,
        "Tax Rate For Calcs": 0.296,
        "Normalized EBITDA": 279000000.0,
        "Total Unusual Items": -1000000.0,
        "Total Unusual Items Excluding Goodwill": -1000000.0,
        "Net Income From Continuing Operation Net Minority Interest": 56000000.0,
        "Reconciled Depreciation": 108000000.0,
        "Reconciled Cost Of Revenue": 254000000.0,
        "EBITDA": 278000000.0,
        "EBIT": 170000000.0,
        "Net Interest Income": -36000000.0,
        "Interest Expense": 36000000.0,
        "Interest Income": NaN,
        "Normalized Income": 56704000.0,
        "Net Income From Continuing And Discontinued Operation": 117000000.0,
        "Total Expenses": 446000000.0,
        "Total Operating Income As Reported": NaN,
        "Diluted Average Shares": 196000000.0,
        "Basic Average Shares": 195000000.0,
        "Diluted EPS": 0.6,
        "Basic EPS": 0.6,
        "Diluted NI Availto Com Stockholders": 117000000.0,
        "Net Income Common Stockholders": 117000000.0,
        "Net Income": 117000000.0,
        "Minority Interests": -38000000.0,
        "Net Income Including Noncontrolling Interests": 156000000.0,
        "Net Income Discontinuous Operations": 61000000.0,
        "Net Income Continuous Operations": 95000000.0,
        "Tax Provision": 40000000.0,
        "Pretax Income": 134000000.0,
        "Other Income Expense": -13000000.0,
        "Other Non Operating Income Expenses": -12000000.0,
        "Special Income Charges": 0.0,
        "Restructuring And Mergern Acquisition": 0.0,
        "Gain On Sale Of Security": -1000000.0,
        "Net Non Operating Interest Income Expense": -36000000.0,
        "Interest Expense Non Operating": 36000000.0,
        "Interest Income Non Operating": NaN,
        "Operating Income": 183000000.0,
        "Operating Expense": 139000000.0,
        "Other Operating Expenses": NaN,
        "Depreciation Amortization Depletion Income Statement": 55000000.0,
        "Depreciation And Amortization In Income Statement": 55000000.0,
        "Research And Development": 11000000.0,
        "Selling General And Administration": 73000000.0,
        "Selling And Marketing Expense": 29000000.0,
        "General And Administrative Expense": 44000000.0,
        "Other Gand A": 44000000.0,
        "Gross Profit": 322000000.0,
        "Cost Of Revenue": 307000000.0,
        "Total Revenue": 629000000.0,
        "Operating Revenue": 629000000.0
    }
}