{
    "2023-03-31": {
        "Tax Effect Of Unusual Items": NaN,
        "Tax Rate For Calcs": NaN,
        "Normalized EBITDA": NaN,
        "Total Unusual Items": -1488350.0,
        "Total Unusual Items Excluding Goodwill": -1488350.0,
        "Net Income From Continuing Operation Net Minority Interest": NaN,
        "Reconciled Depreciation": NaN,
        "Reconciled Cost Of Revenue": NaN,
        "EBITDA": NaN,
        "EBIT": NaN,
        "Net Interest Income": NaN,
        "Interest Income": NaN,
        "Normalized Income": NaN,
        "Net Income From Continuing And Discontinued Operation": NaN,
        "Total Expenses": NaN,
        "Total Operating Income As Reported": NaN,
        "Diluted Average Shares": NaN,
        "Basic Average Shares": NaN,
        "Diluted EPS": NaN,
        "Basic EPS": NaN,
        "Diluted NI Availto Com Stockholders": NaN,
        "Net Income Common Stockholders": NaN,
        "Net Income": NaN,
        "Net Income Including Noncontrolling Interests": NaN,
        "Net Income Continuous Operations": NaN,
        "Pretax Income": NaN,
        "Other Income Expense": NaN,
        "Other Non Operating Income Expenses": NaN,
        "Special Income Charges": 0.0,
        "Gain On Sale Of Security": -1488350.0,
        "Net Non Operating Interest Income Expense": NaN,
        "Total Other Finance Cost": -18216.0,
        "Interest Income Non Operating": NaN,
        "Operating Income": NaN,
        "Operating Expense": NaN,
        "Other Operating Expenses": NaN,
        "Research And Development": NaN,
        "Selling General And Administration": NaN,
        "General And Administrative Expense": NaN,
        "Other Gand A": NaN,
        "Gross Profit": NaN,
        "Cost Of Revenue": NaN,
        "Total Revenue": NaN,
        "Operating Revenue": NaN
    },
    "2022-12-31": {
        "Tax Effect Of Unusual Items": NaN,
        "Tax Rate For Calcs": NaN,
        "Normalized EBITDA": NaN,
        "Total Unusual Items": 0.0,
        "Total Unusual Items Excluding Goodwill": 0.0,
        "Net Income From Continuing Operation Net Minority Interest": NaN,
        "Reconciled Depreciation": NaN,
        "Reconciled Cost Of Revenue": NaN,
        "EBITDA": NaN,
        "EBIT": NaN,
        "Net Interest Income": NaN,
        "Interest Income": NaN,
        "Normalized Income": NaN,
        "Net Income From Continuing And Discontinued Operation": NaN,
        "Total Expenses": NaN,
        "Total Operating Income As Reported": NaN,
        "Diluted Average Shares": NaN,
        "Basic Average Shares": NaN,
        "Diluted EPS": NaN,
        "Basic EPS": NaN,
        "Diluted NI Availto Com Stockholders": NaN,
        "Net Income Common Stockholders": NaN,
        "Net Income": NaN,
        "Net Income Including Noncontrolling Interests": NaN,
        "Net Income Continuous Operations": NaN,
        "Pretax Income": NaN,
        "Other Income Expense": NaN,
        "Other Non Operating Income Expenses": NaN,
        "Special Income Charges": 0.0,
        "Other Special Charges": 0.0,
        "Gain On Sale Of Security": NaN,
        "Net Non Operating Interest Income Expense": NaN,
        "Total Other Finance Cost": NaN,
        "Interest Income Non Operating": NaN,
        "Operating Income": NaN,
        "Operating Expense": NaN,
        "Other Operating Expenses": -93864.0,
        "Research And Development": NaN,
        "Selling General And Administration": NaN,
        "General And Administrative Expense": NaN,
        "Other Gand A": NaN,
        "Gross Profit": NaN,
        "Cost Of Revenue": NaN,
        "Total Revenue": NaN,
        "Operating Revenue": NaN
    },
    "2022-09-30": {
        "Tax Effect Of Unusual Items": NaN,
        "Tax Rate For Calcs": NaN,
        "Normalized EBITDA": NaN,
        "Total Unusual Items": NaN,
        "Total Unusual Items Excluding Goodwill": NaN,
        "Net Income From Continuing Operation Net Minority Interest": NaN,
        "Reconciled Depreciation": NaN,
        "EBITDA": NaN,
        "EBIT": NaN,
        "Net Interest Income": NaN,
        "Interest Expense": 28841.0,
        "Interest Income": NaN,
        "Normalized Income": NaN,
        "Net Income From Continuing And Discontinued Operation": NaN,
        "Total Expenses": NaN,
        "Total Operating Income As Reported": NaN,
        "Diluted Average Shares": 3642215.0,
        "Basic Average Shares": 3642215.0,
        "Diluted EPS": -1.28,
        "Basic EPS": -1.28,
        "Diluted NI Availto Com Stockholders": NaN,
        "Net Income Common Stockholders": NaN,
        "Net Income": NaN,
        "Net Income Including Noncontrolling Interests": NaN,
        "Net Income Continuous Operations": NaN,
        "Pretax Income": NaN,
        "Other Income Expense": NaN,
        "Other Non Operating Income Expenses": NaN,
        "Special Income Charges": 0.0,
        "Other Special Charges": NaN,
        "Gain On Sale Of Security": NaN,
        "Net Non Operating Interest Income Expense": NaN,
        "Total Other Finance Cost": 28841.0,
        "Interest Expense Non Operating": 28841.0,
        "Interest Income Non Operating": NaN,
        "Operating Income": NaN,
        "Operating Expense": NaN,
        "Other Operating Expenses": NaN,
        "Research And Development": NaN,
        "Selling General And Administration": NaN,
        "General And Administrative Expense": NaN,
        "Other Gand A": NaN,
        "Total Revenue": NaN,
        "Operating Revenue": NaN
    },
    "2022-06-30": {
        "Tax Effect Of Unusual Items": 0.0,
        "Tax Rate For Calcs": 0.0,
        "Normalized EBITDA": -4597113.0,
        "Total Unusual Items": 0.0,
        "Total Unusual Items Excluding Goodwill": 0.0,
        "Net Income From Continuing Operation Net Minority Interest": -4675241.0,
        "Reconciled Depreciation": 31515.0,
        "EBITDA": -4597113.0,
        "EBIT": -4628628.0,
        "Net Interest Income": -46613.0,
        "Interest Expense": 46613.0,
        "Normalized Income": -4675241.0,
        "Net Income From Continuing And Discontinued Operation": -4675241.0,
        "Total Expenses": 4699728.0,
        "Total Operating Income As Reported": -4628628.0,
        "Diluted Average Shares": 3638383.0,
        "Basic Average Shares": 3638383.0,
        "Diluted EPS": -1.28,
        "Basic EPS": -1.28,
        "Diluted NI Availto Com Stockholders": -4675241.0,
        "Net Income Common Stockholders": -4675241.0,
        "Net Income": -4675241.0,
        "Net Income Including Noncontrolling Interests": -4675241.0,
        "Net Income Continuous Operations": -4675241.0,
        "Pretax Income": -4675241.0,
        "Other Income Expense": NaN,
        "Other Non Operating Income Expenses": NaN,
        "Special Income Charges": 0.0,
        "Other Special Charges": NaN,
        "Net Non Operating Interest Income Expense": -46613.0,
        "Total Other Finance Cost": NaN,
        "Interest Expense Non Operating": 46613.0,
        "Operating Income": -4628628.0,
        "Operating Expense": 4699728.0,
        "Other Operating Expenses": NaN,
        "Research And Development": 1075224.0,
        "Selling General And Administration": 3624504.0,
        "Selling And Marketing Expense": 245.0,
        "General And Administrative Expense": 3624259.0,
        "Other Gand A": 3624259.0,
        "Total Revenue": 71100.0,
        "Operating Revenue": 71100.0
    },
    "2022-03-31": {
        "Diluted EPS": -1.37,
        "Total Revenue": 0,
        "Gross Profit": 0,
        "Operating Income": -5,
        "EBIT": -5,
        "Net Income": -5
    },
    "2021-12-31": {
        "Diluted EPS": -5.77,
        "Total Revenue": 0,
        "Gross Profit": 0,
        "Operating Income": -4,
        "EBIT": -4,
        "Net Income": -20
    },
    "2021-09-30": {
        "Diluted EPS": -4.99,
        "Total Revenue": 0,
        "Gross Profit": 0,
        "Operating Income": -4,
        "EBIT": -3,
        "Net Income": -4
    },
    "2021-06-30": {
        "Diluted EPS": -5.1,
        "Total Revenue": 0,
        "Gross Profit": 0,
        "Operating Income": -4,
        "EBIT": -3,
        "Net Income": -4
    },
    "2021-03-31": {
        "Diluted EPS": -21.44,
        "Total Revenue": 0,
        "Gross Profit": 0,
        "Operating Income": -15,
        "EBIT": -15,
        "Net Income": -16
    },
    "2020-12-31": {
        "Diluted EPS": 6.87,
        "Total Revenue": 0,
        "Gross Profit": 0,
        "Operating Income": -1,
        "EBIT": -1,
        "Net Income": -6
    },
    "2020-09-30": {
        "Diluted EPS": -2.1,
        "Total Revenue": 0,
        "Gross Profit": 0,
        "Operating Income": -1,
        "EBIT": -1,
        "Net Income": -1
    },
    "2020-06-30": {
        "Diluted EPS": 0.0,
        "Total Revenue": 0,
        "Gross Profit": 0,
        "Operating Income": 0,
        "EBIT": 0,
        "Net Income": 3
    },
    "2020-03-31": {
        "Diluted EPS": -33.33,
        "Total Revenue": 0,
        "Gross Profit": 0,
        "Operating Income": -1,
        "EBIT": 0,
        "Net Income": -8
    },
    "2019-12-31": {
        "Diluted EPS": 300.0,
        "Total Revenue": 0,
        "Gross Profit": 0,
        "Operating Income": -2,
        "EBIT": -2,
        "Net Income": -2
    },
    "2019-09-30": {
        "Diluted EPS": -766.67,
        "Total Revenue": 0,
        "Gross Profit": 0,
        "Operating Income": -2,
        "EBIT": 0,
        "Net Income": -5
    },
    "2019-06-30": {
        "Diluted EPS": -800.0,
        "Total Revenue": 0,
        "Gross Profit": 0,
        "Operating Income": -2,
        "EBIT": -1,
        "Net Income": -4
    },
    "2019-03-31": {
        "Diluted EPS": -933.33,
        "Total Revenue": 0,
        "Gross Profit": 0,
        "Operating Income": -2,
        "EBIT": -2,
        "Net Income": -4
    },
    "2018-12-31": {
        "Diluted EPS": NaN,
        "Total Revenue": 0,
        "Gross Profit": 0,
        "Operating Income": -2,
        "EBIT": -2,
        "Net Income": -4
    },
    "2018-09-30": {
        "Diluted EPS": NaN,
        "Total Revenue": 0,
        "Gross Profit": 0,
        "Operating Income": -1,
        "EBIT": -1,
        "Net Income": -3
    },
    "2018-06-30": {
        "Diluted EPS": NaN,
        "Total Revenue": 0,
        "Gross Profit": 0,
        "Operating Income": -2,
        "EBIT": -1,
        "Net Income": -4
    },
    "2018-03-31": {
        "Diluted EPS": NaN,
        "Total Revenue": 0,
        "Gross Profit": 0,
        "Operating Income": -2,
        "EBIT": -2,
        "Net Income": -3
    },
    "2017-12-31": {
        "Diluted EPS": NaN,
        "Total Revenue": 0,
        "Gross Profit": 0,
        "Operating Income": -2,
        "EBIT": -1,
        "Net Income": -2
    },
    "2017-09-30": {
        "Diluted EPS": NaN,
        "Total Revenue": 0,
        "Gross Profit": 0,
        "Operating Income": -2,
        "EBIT": -2,
        "Net Income": -2
    },
    "2017-06-30": {
        "Diluted EPS": NaN,
        "Total Revenue": 0,
        "Gross Profit": 0,
        "Operating Income": -3,
        "EBIT": -2,
        "Net Income": -3
    },
    "2017-03-31": {
        "Diluted EPS": NaN,
        "Total Revenue": 0,
        "Gross Profit": 0,
        "Operating Income": -2,
        "EBIT": -2,
        "Net Income": -3
    },
    "2016-12-31": {
        "Diluted EPS": NaN,
        "Total Revenue": 0,
        "Gross Profit": 0,
        "Operating Income": -2,
        "EBIT": -2,
        "Net Income": -2
    },
    "2016-09-30": {
        "Diluted EPS": NaN,
        "Total Revenue": 0,
        "Gross Profit": 0,
        "Operating Income": -2,
        "EBIT": -2,
        "Net Income": -2
    },
    "2016-06-30": {
        "Diluted EPS": NaN,
        "Total Revenue": 0,
        "Gross Profit": 0,
        "Operating Income": -2,
        "EBIT": -2,
        "Net Income": -2
    },
    "2016-03-31": {
        "Diluted EPS": NaN,
        "Total Revenue": 0,
        "Gross Profit": 0,
        "Operating Income": -2,
        "EBIT": -2,
        "Net Income": -2
    },
    "2015-12-31": {
        "Diluted EPS": NaN,
        "Total Revenue": 0,
        "Gross Profit": 0,
        "Operating Income": -3,
        "EBIT": -3,
        "Net Income": -3
    },
    "2015-09-30": {
        "Diluted EPS": NaN,
        "Total Revenue": 0,
        "Gross Profit": 0,
        "Operating Income": -1,
        "EBIT": -1,
        "Net Income": -2
    },
    "2015-06-30": {
        "Diluted EPS": NaN,
        "Total Revenue": 0,
        "Gross Profit": 0,
        "Operating Income": -1,
        "EBIT": -1,
        "Net Income": -1
    },
    "2015-03-31": {
        "Diluted EPS": NaN,
        "Total Revenue": 0,
        "Gross Profit": 0,
        "Operating Income": -2,
        "EBIT": -2,
        "Net Income": -2
    },
    "2014-12-31": {
        "Diluted EPS": NaN,
        "Total Revenue": 0,
        "Gross Profit": 0,
        "Operating Income": -1,
        "EBIT": -1,
        "Net Income": -1
    },
    "2014-09-30": {
        "Diluted EPS": NaN,
        "Total Revenue": 0,
        "Gross Profit": 0,
        "Operating Income": -1,
        "EBIT": -1,
        "Net Income": -1
    },
    "2014-06-30": {
        "Diluted EPS": NaN,
        "Total Revenue": 0,
        "Gross Profit": 0,
        "Operating Income": -1,
        "EBIT": -1,
        "Net Income": -1
    },
    "2014-03-31": {
        "Diluted EPS": -266.67,
        "Total Revenue": 0,
        "Gross Profit": 0,
        "Operating Income": -1,
        "EBIT": -1,
        "Net Income": -2
    },
    "2013-12-31": {
        "Diluted EPS": -300.0,
        "Total Revenue": NaN,
        "Gross Profit": NaN,
        "Operating Income": -1,
        "EBIT": -1,
        "Net Income": -2
    },
    "2013-09-30": {
        "Diluted EPS": -266.67,
        "Total Revenue": 0,
        "Gross Profit": 0,
        "Operating Income": -1,
        "EBIT": -1,
        "Net Income": -1
    },
    "2013-06-30": {
        "Diluted EPS": -266.67,
        "Total Revenue": 0,
        "Gross Profit": 0,
        "Operating Income": -1,
        "EBIT": -1,
        "Net Income": -1
    },
    "2013-03-31": {
        "Diluted EPS": -333.33,
        "Total Revenue": 0,
        "Gross Profit": 0,
        "Operating Income": -1,
        "EBIT": -1,
        "Net Income": -2
    },
    "2012-12-31": {
        "Diluted EPS": -400.0,
        "Total Revenue": 0,
        "Gross Profit": 0,
        "Operating Income": -2,
        "EBIT": -2,
        "Net Income": -2
    },
    "2012-09-30": {
        "Diluted EPS": -366.67,
        "Total Revenue": 0,
        "Gross Profit": 0,
        "Operating Income": -1,
        "EBIT": -1,
        "Net Income": -1
    },
    "2012-06-30": {
        "Diluted EPS": -400.0,
        "Total Revenue": 0,
        "Gross Profit": 0,
        "Operating Income": -1,
        "EBIT": -1,
        "Net Income": -2
    },
    "2012-03-31": {
        "Diluted EPS": -433.33,
        "Total Revenue": NaN,
        "Gross Profit": NaN,
        "Operating Income": -1,
        "EBIT": -1,
        "Net Income": -1
    },
    "2011-12-31": {
        "Diluted EPS": -12.28,
        "Total Revenue": NaN,
        "Gross Profit": NaN,
        "Operating Income": -1,
        "EBIT": -1,
        "Net Income": -1
    },
    "2011-09-30": {
        "Diluted EPS": -6.42,
        "Total Revenue": NaN,
        "Gross Profit": NaN,
        "Operating Income": -1,
        "EBIT": -1,
        "Net Income": -1
    },
    "2011-06-30": {
        "Diluted EPS": -7.86,
        "Total Revenue": NaN,
        "Gross Profit": NaN,
        "Operating Income": -1,
        "EBIT": -1,
        "Net Income": -1
    },
    "2011-03-31": {
        "Diluted EPS": -6.77,
        "Total Revenue": NaN,
        "Gross Profit": NaN,
        "Operating Income": -1,
        "EBIT": -1,
        "Net Income": -1
    },
    "2010-12-31": {
        "Diluted EPS": 0.0,
        "Total Revenue": NaN,
        "Gross Profit": NaN,
        "Operating Income": NaN,
        "EBIT": NaN,
        "Net Income": NaN
    },
    "2010-09-30": {
        "Diluted EPS": -2.62,
        "Total Revenue": NaN,
        "Gross Profit": NaN,
        "Operating Income": 0,
        "EBIT": 0,
        "Net Income": 0
    },
    "2010-06-30": {
        "Diluted EPS": -1.38,
        "Total Revenue": NaN,
        "Gross Profit": NaN,
        "Operating Income": 0,
        "EBIT": 0,
        "Net Income": 0
    },
    "2023-06-30": {
        "Tax Effect Of Unusual Items": 0.0,
        "Tax Rate For Calcs": 0.0,
        "Normalized EBITDA": -3075025.0,
        "Total Unusual Items": 0.0,
        "Total Unusual Items Excluding Goodwill": 0.0,
        "Net Income From Continuing Operation Net Minority Interest": -5709399.0,
        "Reconciled Depreciation": 41526.0,
        "Reconciled Cost Of Revenue": 0.0,
        "EBITDA": -3075025.0,
        "EBIT": -3116551.0,
        "Net Interest Income": 96187.0,
        "Interest Income": 96187.0,
        "Normalized Income": -5709399.0,
        "Net Income From Continuing And Discontinued Operation": -5709399.0,
        "Total Expenses": 3181051.0,
        "Total Operating Income As Reported": -3116551.0,
        "Diluted Average Shares": 3886309.0,
        "Basic Average Shares": 3886309.0,
        "Diluted EPS": -1.47,
        "Basic EPS": -1.47,
        "Diluted NI Availto Com Stockholders": -5709399.0,
        "Net Income Common Stockholders": -5709399.0,
        "Net Income": -5709399.0,
        "Net Income Including Noncontrolling Interests": -5709399.0,
        "Net Income Continuous Operations": -5709399.0,
        "Pretax Income": -5709399.0,
        "Other Income Expense": -2689035.0,
        "Other Non Operating Income Expenses": -2689035.0,
        "Special Income Charges": 0.0,
        "Gain On Sale Of Security": NaN,
        "Net Non Operating Interest Income Expense": 96187.0,
        "Total Other Finance Cost": -96187.0,
        "Interest Income Non Operating": 96187.0,
        "Operating Income": -3116551.0,
        "Operating Expense": 3181051.0,
        "Other Operating Expenses": NaN,
        "Research And Development": 902891.0,
        "Selling General And Administration": 2278160.0,
        "General And Administrative Expense": 2278160.0,
        "Other Gand A": 2278160.0,
        "Gross Profit": 64500.0,
        "Cost Of Revenue": 0.0,
        "Total Revenue": 64500.0,
        "Operating Revenue": 64500.0
    },
    "2023-09-30": {
        "Tax Effect Of Unusual Items": NaN,
        "Tax Rate For Calcs": NaN,
        "Normalized EBITDA": NaN,
        "Total Unusual Items": NaN,
        "Total Unusual Items Excluding Goodwill": NaN,
        "Net Income From Continuing Operation Net Minority Interest": NaN,
        "Reconciled Depreciation": NaN,
        "Reconciled Cost Of Revenue": NaN,
        "EBITDA": NaN,
        "EBIT": NaN,
        "Net Interest Income": NaN,
        "Interest Income": NaN,
        "Normalized Income": NaN,
        "Net Income From Continuing And Discontinued Operation": NaN,
        "Total Expenses": NaN,
        "Total Operating Income As Reported": NaN,
        "Diluted Average Shares": 12324766.0,
        "Basic Average Shares": 4570843.0,
        "Diluted EPS": 0.39,
        "Basic EPS": 1.04,
        "Diluted NI Availto Com Stockholders": NaN,
        "Net Income Common Stockholders": NaN,
        "Net Income": NaN,
        "Net Income Including Noncontrolling Interests": NaN,
        "Net Income Continuous Operations": NaN,
        "Pretax Income": NaN,
        "Other Income Expense": NaN,
        "Other Non Operating Income Expenses": NaN,
        "Special Income Charges": 0.0,
        "Gain On Sale Of Security": 7693753.0,
        "Net Non Operating Interest Income Expense": NaN,
        "Total Other Finance Cost": -61667.0,
        "Interest Income Non Operating": NaN,
        "Operating Income": NaN,
        "Operating Expense": NaN,
        "Other Operating Expenses": -83333.0,
        "Research And Development": NaN,
        "Selling General And Administration": NaN,
        "General And Administrative Expense": NaN,
        "Other Gand A": NaN,
        "Gross Profit": NaN,
        "Cost Of Revenue": NaN,
        "Total Revenue": NaN,
        "Operating Revenue": NaN
    },
    "2024-03-31": {
        "Tax Effect Of Unusual Items": NaN,
        "Tax Rate For Calcs": NaN,
        "Normalized EBITDA": NaN,
        "Total Unusual Items": NaN,
        "Total Unusual Items Excluding Goodwill": NaN,
        "Net Income From Continuing Operation Net Minority Interest": NaN,
        "Reconciled Depreciation": NaN,
        "Reconciled Cost Of Revenue": NaN,
        "EBITDA": NaN,
        "EBIT": NaN,
        "Net Interest Income": NaN,
        "Interest Income": NaN,
        "Normalized Income": NaN,
        "Net Income From Continuing And Discontinued Operation": NaN,
        "Total Expenses": NaN,
        "Total Operating Income As Reported": NaN,
        "Diluted Average Shares": 6671382.0,
        "Basic Average Shares": 6671382.0,
        "Diluted EPS": -0.33,
        "Basic EPS": -0.33,
        "Diluted NI Availto Com Stockholders": NaN,
        "Net Income Common Stockholders": NaN,
        "Net Income": NaN,
        "Net Income Including Noncontrolling Interests": NaN,
        "Net Income Continuous Operations": NaN,
        "Pretax Income": NaN,
        "Other Income Expense": NaN,
        "Other Non Operating Income Expenses": NaN,
        "Gain On Sale Of Security": NaN,
        "Net Non Operating Interest Income Expense": NaN,
        "Interest Income Non Operating": NaN,
        "Operating Income": NaN,
        "Operating Expense": NaN,
        "Research And Development": NaN,
        "Selling General And Administration": NaN,
        "General And Administrative Expense": NaN,
        "Other Gand A": NaN,
        "Gross Profit": NaN,
        "Cost Of Revenue": NaN,
        "Total Revenue": NaN,
        "Operating Revenue": NaN
    },
    "2024-06-30": {
        "Tax Effect Of Unusual Items": NaN,
        "Tax Rate For Calcs": NaN,
        "Normalized EBITDA": NaN,
        "Total Unusual Items": NaN,
        "Total Unusual Items Excluding Goodwill": NaN,
        "Net Income From Continuing Operation Net Minority Interest": NaN,
        "Reconciled Depreciation": NaN,
        "Reconciled Cost Of Revenue": NaN,
        "EBITDA": NaN,
        "EBIT": NaN,
        "Net Interest Income": NaN,
        "Interest Income": NaN,
        "Normalized Income": NaN,
        "Net Income From Continuing And Discontinued Operation": NaN,
        "Total Expenses": NaN,
        "Total Operating Income As Reported": NaN,
        "Diluted Average Shares": 8121499.0,
        "Basic Average Shares": 8121499.0,
        "Diluted EPS": -0.5,
        "Basic EPS": -0.5,
        "Diluted NI Availto Com Stockholders": NaN,
        "Net Income Common Stockholders": NaN,
        "Net Income": NaN,
        "Net Income Including Noncontrolling Interests": NaN,
        "Net Income Continuous Operations": NaN,
        "Pretax Income": NaN,
        "Other Income Expense": NaN,
        "Other Non Operating Income Expenses": NaN,
        "Gain On Sale Of Security": NaN,
        "Net Non Operating Interest Income Expense": NaN,
        "Interest Income Non Operating": NaN,
        "Operating Income": NaN,
        "Operating Expense": NaN,
        "Research And Development": NaN,
        "Selling General And Administration": NaN,
        "General And Administrative Expense": NaN,
        "Other Gand A": NaN,
        "Gross Profit": NaN,
        "Cost Of Revenue": NaN,
        "Total Revenue": NaN,
        "Operating Revenue": NaN
    },
    "2024-09-30": {
        "Tax Effect Of Unusual Items": 0.0,
        "Tax Rate For Calcs": 0.0,
        "Normalized EBITDA": -3275188.0,
        "Total Unusual Items": 1036464.0,
        "Total Unusual Items Excluding Goodwill": 1036464.0,
        "Net Income From Continuing Operation Net Minority Interest": -1091416.0,
        "Reconciled Depreciation": 48269.0,
        "Reconciled Cost Of Revenue": 18243.0,
        "EBITDA": -2238724.0,
        "EBIT": -2286993.0,
        "Net Interest Income": 158547.0,
        "Interest Income": 158547.0,
        "Normalized Income": -2127880.0,
        "Net Income From Continuing And Discontinued Operation": -1091416.0,
        "Total Expenses": 2520593.0,
        "Total Operating Income As Reported": -2286993.0,
        "Diluted Average Shares": 8121499.0,
        "Basic Average Shares": 8121499.0,
        "Diluted EPS": -0.13,
        "Basic EPS": -0.13,
        "Diluted NI Availto Com Stockholders": -1091416.0,
        "Net Income Common Stockholders": -1091416.0,
        "Net Income": -1091416.0,
        "Net Income Including Noncontrolling Interests": -1091416.0,
        "Net Income Continuous Operations": -1091416.0,
        "Pretax Income": -1091416.0,
        "Other Income Expense": 1037030.0,
        "Other Non Operating Income Expenses": 566.0,
        "Gain On Sale Of Security": 1036464.0,
        "Net Non Operating Interest Income Expense": 158547.0,
        "Interest Income Non Operating": 158547.0,
        "Operating Income": -2286993.0,
        "Operating Expense": 2502350.0,
        "Research And Development": 1453363.0,
        "Selling General And Administration": 1048987.0,
        "General And Administrative Expense": 1048987.0,
        "Other Gand A": 1048987.0,
        "Gross Profit": 215357.0,
        "Cost Of Revenue": 18243.0,
        "Total Revenue": 233600.0,
        "Operating Revenue": 233600.0
    },
    "2024-12-31": {
        "Tax Effect Of Unusual Items": 0.0,
        "Tax Rate For Calcs": 0.0,
        "Normalized EBITDA": -3574427.0,
        "Total Unusual Items": 934654.0,
        "Total Unusual Items Excluding Goodwill": 934654.0,
        "Net Income From Continuing Operation Net Minority Interest": -1636148.0,
        "Reconciled Depreciation": 50369.0,
        "Reconciled Cost Of Revenue": 3339.0,
        "EBITDA": -2639773.0,
        "EBIT": -2690142.0,
        "Net Interest Income": 118988.0,
        "Interest Income": 118988.0,
        "Normalized Income": -2570802.0,
        "Net Income From Continuing And Discontinued Operation": -1636148.0,
        "Total Expenses": 2733442.0,
        "Total Operating Income As Reported": -2690142.0,
        "Diluted Average Shares": NaN,
        "Basic Average Shares": NaN,
        "Diluted EPS": NaN,
        "Basic EPS": NaN,
        "Diluted NI Availto Com Stockholders": -1636148.0,
        "Net Income Common Stockholders": -1636148.0,
        "Net Income": -1636148.0,
        "Net Income Including Noncontrolling Interests": -1636148.0,
        "Net Income Continuous Operations": -1636148.0,
        "Pretax Income": -1636148.0,
        "Other Income Expense": 935006.0,
        "Other Non Operating Income Expenses": 352.0,
        "Gain On Sale Of Security": 934654.0,
        "Net Non Operating Interest Income Expense": 118988.0,
        "Interest Income Non Operating": 118988.0,
        "Operating Income": -2690142.0,
        "Operating Expense": 2730103.0,
        "Research And Development": 1658214.0,
        "Selling General And Administration": 1071889.0,
        "General And Administrative Expense": 1071889.0,
        "Other Gand A": 1071889.0,
        "Gross Profit": 39961.0,
        "Cost Of Revenue": 3339.0,
        "Total Revenue": 43300.0,
        "Operating Revenue": 43300.0
    },
    "2023-12-31": {
        "Tax Effect Of Unusual Items": NaN,
        "Tax Rate For Calcs": NaN,
        "Normalized EBITDA": NaN,
        "Total Unusual Items": NaN,
        "Total Unusual Items Excluding Goodwill": NaN,
        "Net Income From Continuing Operation Net Minority Interest": NaN,
        "Reconciled Depreciation": NaN,
        "Reconciled Cost Of Revenue": NaN,
        "EBITDA": NaN,
        "EBIT": NaN,
        "Net Interest Income": NaN,
        "Interest Income": NaN,
        "Normalized Income": NaN,
        "Net Income From Continuing And Discontinued Operation": NaN,
        "Total Expenses": NaN,
        "Total Operating Income As Reported": NaN,
        "Diluted Average Shares": NaN,
        "Basic Average Shares": NaN,
        "Diluted EPS": NaN,
        "Basic EPS": NaN,
        "Diluted NI Availto Com Stockholders": NaN,
        "Net Income Common Stockholders": NaN,
        "Net Income": NaN,
        "Net Income Including Noncontrolling Interests": NaN,
        "Net Income Continuous Operations": NaN,
        "Pretax Income": NaN,
        "Other Income Expense": NaN,
        "Other Non Operating Income Expenses": NaN,
        "Special Income Charges": 0.0,
        "Gain On Sale Of Security": NaN,
        "Net Non Operating Interest Income Expense": NaN,
        "Interest Income Non Operating": NaN,
        "Operating Income": NaN,
        "Operating Expense": NaN,
        "Other Operating Expenses": 0.0,
        "Research And Development": NaN,
        "Selling General And Administration": NaN,
        "General And Administrative Expense": NaN,
        "Other Gand A": NaN,
        "Gross Profit": NaN,
        "Cost Of Revenue": NaN,
        "Total Revenue": NaN,
        "Operating Revenue": NaN
    },
    "2025-03-31": {
        "Tax Effect Of Unusual Items": 0.0,
        "Tax Rate For Calcs": 0.0,
        "Normalized EBITDA": -4121634.0,
        "Total Unusual Items": -634119.0,
        "Total Unusual Items Excluding Goodwill": -634119.0,
        "Net Income From Continuing Operation Net Minority Interest": -5339799.0,
        "Reconciled Depreciation": 51781.0,
        "Reconciled Cost Of Revenue": 2909.0,
        "EBITDA": -4755753.0,
        "EBIT": -4807534.0,
        "Net Interest Income": 99966.0,
        "Interest Income": 99966.0,
        "Normalized Income": -4705680.0,
        "Net Income From Continuing And Discontinued Operation": -5339799.0,
        "Total Expenses": 4832534.0,
        "Total Operating Income As Reported": -4807534.0,
        "Diluted Average Shares": 8357143.0,
        "Basic Average Shares": 8357143.0,
        "Diluted EPS": -0.64,
        "Basic EPS": -0.64,
        "Diluted NI Availto Com Stockholders": -5339799.0,
        "Net Income Common Stockholders": -5339799.0,
        "Net Income": -5339799.0,
        "Net Income Including Noncontrolling Interests": -5339799.0,
        "Net Income Continuous Operations": -5339799.0,
        "Pretax Income": -5339799.0,
        "Other Income Expense": -632231.0,
        "Other Non Operating Income Expenses": 1888.0,
        "Gain On Sale Of Security": -634119.0,
        "Net Non Operating Interest Income Expense": 99966.0,
        "Interest Income Non Operating": 99966.0,
        "Operating Income": -4807534.0,
        "Operating Expense": 4829625.0,
        "Research And Development": 1714327.0,
        "Selling General And Administration": 3115298.0,
        "General And Administrative Expense": 3115298.0,
        "Other Gand A": 3115298.0,
        "Gross Profit": 22091.0,
        "Cost Of Revenue": 2909.0,
        "Total Revenue": 25000.0,
        "Operating Revenue": 25000.0
    },
    "2025-06-30": {
        "Tax Effect Of Unusual Items": 0.0,
        "Tax Rate For Calcs": 0.0,
        "Normalized EBITDA": -3827130.0,
        "Total Unusual Items": 574591.0,
        "Total Unusual Items Excluding Goodwill": 574591.0,
        "Net Income From Continuing Operation Net Minority Interest": -2656263.0,
        "Reconciled Depreciation": 52748.0,
        "Reconciled Cost Of Revenue": 8729.0,
        "EBITDA": -3252539.0,
        "EBIT": -3305287.0,
        "Net Interest Income": 73915.0,
        "Interest Income": 73915.0,
        "Normalized Income": -3230854.0,
        "Net Income From Continuing And Discontinued Operation": -2656263.0,
        "Total Expenses": 3608587.0,
        "Total Operating Income As Reported": -3305287.0,
        "Diluted Average Shares": 8740382.0,
        "Basic Average Shares": 8740382.0,
        "Diluted EPS": -0.3,
        "Basic EPS": -0.3,
        "Diluted NI Availto Com Stockholders": -2656263.0,
        "Net Income Common Stockholders": -2656263.0,
        "Net Income": -2656263.0,
        "Net Income Including Noncontrolling Interests": -2656263.0,
        "Net Income Continuous Operations": -2656263.0,
        "Pretax Income": -2656263.0,
        "Other Income Expense": 575109.0,
        "Other Non Operating Income Expenses": 518.0,
        "Gain On Sale Of Security": 574591.0,
        "Net Non Operating Interest Income Expense": 73915.0,
        "Interest Income Non Operating": 73915.0,
        "Operating Income": -3305287.0,
        "Operating Expense": 3599858.0,
        "Research And Development": 2225882.0,
        "Selling General And Administration": 1373976.0,
        "General And Administrative Expense": 1373976.0,
        "Other Gand A": 1373976.0,
        "Gross Profit": 294571.0,
        "Cost Of Revenue": 8729.0,
        "Total Revenue": 303300.0,
        "Operating Revenue": 303300.0
    },
    "2025-09-30": {
        "Tax Effect Of Unusual Items": 0.0,
        "Tax Rate For Calcs": 0.0,
        "Normalized EBITDA": -4268455.0,
        "Total Unusual Items": 612064.0,
        "Total Unusual Items Excluding Goodwill": 612064.0,
        "Net Income From Continuing Operation Net Minority Interest": -3038277.0,
        "Reconciled Depreciation": 52620.0,
        "Reconciled Cost Of Revenue": 10570.0,
        "EBITDA": -3656391.0,
        "EBIT": -3709011.0,
        "Net Interest Income": 57740.0,
        "Interest Income": 57740.0,
        "Normalized Income": -3650341.0,
        "Net Income From Continuing And Discontinued Operation": -3038277.0,
        "Total Expenses": 3720811.0,
        "Total Operating Income As Reported": -3709011.0,
        "Diluted Average Shares": 9116172.0,
        "Basic Average Shares": 9116172.0,
        "Diluted EPS": -0.33,
        "Basic EPS": -0.33,
        "Diluted NI Availto Com Stockholders": -3038277.0,
        "Net Income Common Stockholders": -3038277.0,
        "Net Income": -3038277.0,
        "Net Income Including Noncontrolling Interests": -3038277.0,
        "Net Income Continuous Operations": -3038277.0,
        "Pretax Income": -3038277.0,
        "Other Income Expense": 612994.0,
        "Other Non Operating Income Expenses": 930.0,
        "Gain On Sale Of Security": 612064.0,
        "Net Non Operating Interest Income Expense": 57740.0,
        "Interest Income Non Operating": 57740.0,
        "Operating Income": -3709011.0,
        "Operating Expense": 3710241.0,
        "Research And Development": 2594750.0,
        "Selling General And Administration": 1115491.0,
        "General And Administrative Expense": 1115491.0,
        "Other Gand A": 1115491.0,
        "Gross Profit": 1230.0,
        "Cost Of Revenue": 10570.0,
        "Total Revenue": 11800.0,
        "Operating Revenue": 11800.0
    }
}