{
    "2022-12-31": {
        "Tax Effect Of Unusual Items": -14171665.122538,
        "Tax Rate For Calcs": 0.198333,
        "Total Unusual Items": -71454000.0,
        "Total Unusual Items Excluding Goodwill": -71454000.0,
        "Net Income From Continuing Operation Net Minority Interest": 2889415000.0,
        "Reconciled Depreciation": 673527000.0,
        "Net Interest Income": 11506135000.0,
        "Interest Expense": 19198654000.0,
        "Interest Income": 30704789000.0,
        "Normalized Income": 2946697334.877462,
        "Net Income From Continuing And Discontinued Operation": 2889415000.0,
        "Diluted Average Shares": NaN,
        "Basic Average Shares": NaN,
        "Diluted EPS": NaN,
        "Basic EPS": NaN,
        "Diluted NI Availto Com Stockholders": -4461090000.0,
        "Net Income Common Stockholders": -4461090000.0,
        "Net Income": 2889415000.0,
        "Minority Interests": -16560000.0,
        "Net Income Including Noncontrolling Interests": 2905975000.0,
        "Net Income Continuous Operations": 2905975000.0,
        "Tax Provision": 718939000.0,
        "Pretax Income": 3624914000.0,
        "Special Income Charges": -71454000.0,
        "Other Special Charges": 18104000.0,
        "Write Off": 42100000.0,
        "Impairment Of Capital Assets": 11250000.0,
        "Gain On Sale Of Security": -6578115000.0,
        "Depreciation Amortization Depletion Income Statement": 673527000.0,
        "Depreciation And Amortization In Income Statement": 673527000.0,
        "Amortization": 205356000.0,
        "Amortization Of Intangibles Income Statement": 205356000.0,
        "Depreciation Income Statement": 468171000.0,
        "Selling General And Administration": 4252890000.0,
        "Selling And Marketing Expense": 161444000.0,
        "General And Administrative Expense": 4091446000.0,
        "Other Gand A": 979461000.0,
        "Insurance And Claims": 496845000.0,
        "Salaries And Wages": 2615140000.0,
        "Total Revenue": 11053258000.0,
        "Operating Revenue": 11053258000.0,
        "Occupancy And Equipment": NaN,
        "Other Non Interest Expense": 873127000.0
    },
    "2022-09-30": {
        "Tax Effect Of Unusual Items": 4117221.534914,
        "Tax Rate For Calcs": 0.253196,
        "Total Unusual Items": 16261000.0,
        "Total Unusual Items Excluding Goodwill": 16261000.0,
        "Net Income From Continuing Operation Net Minority Interest": 3454181000.0,
        "Reconciled Depreciation": 655029000.0,
        "Net Interest Income": 11046222000.0,
        "Interest Expense": 19200246000.0,
        "Interest Income": 30246468000.0,
        "Normalized Income": 3442037221.534914,
        "Net Income From Continuing And Discontinued Operation": 3454181000.0,
        "Diluted Average Shares": 7458514514.0,
        "Basic Average Shares": 7458514514.0,
        "Diluted EPS": 0.463119,
        "Basic EPS": 0.463119,
        "Diluted NI Availto Com Stockholders": 3454181000.0,
        "Net Income Common Stockholders": 3454181000.0,
        "Net Income": 3454181000.0,
        "Minority Interests": 27643000.0,
        "Net Income Including Noncontrolling Interests": 3426538000.0,
        "Net Income Continuous Operations": 3426538000.0,
        "Tax Provision": 1161732000.0,
        "Pretax Income": 4588270000.0,
        "Special Income Charges": 16261000.0,
        "Other Special Charges": -67886000.0,
        "Write Off": 44685000.0,
        "Impairment Of Capital Assets": 6940000.0,
        "Gain On Sale Of Security": -5713761000.0,
        "Depreciation Amortization Depletion Income Statement": 655029000.0,
        "Depreciation And Amortization In Income Statement": 655029000.0,
        "Amortization": 187978000.0,
        "Amortization Of Intangibles Income Statement": 187978000.0,
        "Depreciation Income Statement": 467051000.0,
        "Selling General And Administration": 4331654000.0,
        "Selling And Marketing Expense": 116859000.0,
        "General And Administrative Expense": 4214795000.0,
        "Other Gand A": 1713549000.0,
        "Insurance And Claims": 6190000.0,
        "Salaries And Wages": 2495056000.0,
        "Total Revenue": 9925755000.0,
        "Operating Revenue": 9925755000.0
    },
    "2022-06-30": {
        "Tax Effect Of Unusual Items": 6723087.588528,
        "Tax Rate For Calcs": 0.209064,
        "Total Unusual Items": 32158000.0,
        "Total Unusual Items Excluding Goodwill": 32158000.0,
        "Net Income From Continuing Operation Net Minority Interest": 4142721000.0,
        "Reconciled Depreciation": 652141000.0,
        "Net Interest Income": 11502618000.0,
        "Interest Expense": 16410401000.0,
        "Interest Income": 27913019000.0,
        "Normalized Income": 4117286087.588528,
        "Net Income From Continuing And Discontinued Operation": 4142721000.0,
        "Diluted Average Shares": 7442979000.0,
        "Basic Average Shares": 7442979000.0,
        "Diluted EPS": 0.556594,
        "Basic EPS": 0.556594,
        "Diluted NI Availto Com Stockholders": 4142721000.0,
        "Net Income Common Stockholders": 4142721000.0,
        "Net Income": 4142721000.0,
        "Minority Interests": -44803000.0,
        "Net Income Including Noncontrolling Interests": 4187524000.0,
        "Net Income Continuous Operations": 4187524000.0,
        "Tax Provision": 1106868000.0,
        "Pretax Income": 5294392000.0,
        "Special Income Charges": 19050000.0,
        "Other Special Charges": -11931000.0,
        "Write Off": -8288000.0,
        "Impairment Of Capital Assets": 1169000.0,
        "Gain On Sale Of Security": -13448545000.0,
        "Depreciation Amortization Depletion Income Statement": 652141000.0,
        "Depreciation And Amortization In Income Statement": 652141000.0,
        "Amortization": 186335000.0,
        "Amortization Of Intangibles Income Statement": 186335000.0,
        "Depreciation Income Statement": 465806000.0,
        "Selling General And Administration": 3884051000.0,
        "Selling And Marketing Expense": 147128000.0,
        "General And Administrative Expense": 3736923000.0,
        "Other Gand A": 1398005000.0,
        "Insurance And Claims": 3620000.0,
        "Salaries And Wages": 2335298000.0,
        "Total Revenue": 10377884000.0,
        "Operating Revenue": 10377884000.0
    },
    "2022-03-31": {
        "Diluted EPS": 0.0,
        "Total Revenue": NaN,
        "Gross Profit": NaN,
        "Operating Income": NaN,
        "EBIT": NaN,
        "Net Income": 727
    },
    "2021-12-31": {
        "Diluted EPS": 0.17,
        "Total Revenue": NaN,
        "Gross Profit": NaN,
        "Operating Income": NaN,
        "EBIT": NaN,
        "Net Income": 642
    },
    "2021-09-30": {
        "Diluted EPS": 0.19,
        "Total Revenue": NaN,
        "Gross Profit": NaN,
        "Operating Income": NaN,
        "EBIT": NaN,
        "Net Income": 738
    },
    "2021-06-30": {
        "Diluted EPS": 0.2,
        "Total Revenue": NaN,
        "Gross Profit": NaN,
        "Operating Income": NaN,
        "EBIT": NaN,
        "Net Income": 755
    },
    "2021-03-31": {
        "Diluted EPS": 0.2,
        "Total Revenue": NaN,
        "Gross Profit": NaN,
        "Operating Income": NaN,
        "EBIT": NaN,
        "Net Income": 742
    },
    "2020-12-31": {
        "Diluted EPS": 0.32,
        "Total Revenue": NaN,
        "Gross Profit": NaN,
        "Operating Income": NaN,
        "EBIT": NaN,
        "Net Income": NaN
    },
    "2020-09-30": {
        "Diluted EPS": 0.09,
        "Total Revenue": NaN,
        "Gross Profit": NaN,
        "Operating Income": NaN,
        "EBIT": NaN,
        "Net Income": 343
    },
    "2020-06-30": {
        "Diluted EPS": 0.05,
        "Total Revenue": NaN,
        "Gross Profit": NaN,
        "Operating Income": NaN,
        "EBIT": NaN,
        "Net Income": 383
    },
    "2020-03-31": {
        "Diluted EPS": 0.23,
        "Total Revenue": NaN,
        "Gross Profit": 535,
        "Operating Income": -644,
        "EBIT": NaN,
        "Net Income": 871
    },
    "2019-12-31": {
        "Diluted EPS": 0.62,
        "Total Revenue": NaN,
        "Gross Profit": NaN,
        "Operating Income": NaN,
        "EBIT": NaN,
        "Net Income": NaN
    },
    "2019-09-30": {
        "Diluted EPS": 0.13,
        "Total Revenue": NaN,
        "Gross Profit": NaN,
        "Operating Income": NaN,
        "EBIT": NaN,
        "Net Income": 479
    },
    "2019-06-30": {
        "Diluted EPS": 0.23,
        "Total Revenue": NaN,
        "Gross Profit": NaN,
        "Operating Income": NaN,
        "EBIT": NaN,
        "Net Income": 877
    },
    "2019-03-31": {
        "Diluted EPS": 0.12,
        "Total Revenue": NaN,
        "Gross Profit": NaN,
        "Operating Income": NaN,
        "EBIT": NaN,
        "Net Income": 926
    },
    "2018-12-31": {
        "Diluted EPS": 0.59,
        "Total Revenue": NaN,
        "Gross Profit": NaN,
        "Operating Income": NaN,
        "EBIT": NaN,
        "Net Income": 962
    },
    "2018-09-30": {
        "Diluted EPS": 0.1,
        "Total Revenue": NaN,
        "Gross Profit": NaN,
        "Operating Income": NaN,
        "EBIT": NaN,
        "Net Income": 809
    },
    "2018-06-30": {
        "Diluted EPS": 0.1,
        "Total Revenue": NaN,
        "Gross Profit": NaN,
        "Operating Income": 945,
        "EBIT": NaN,
        "Net Income": 800
    },
    "2018-03-31": {
        "Diluted EPS": 0.11,
        "Total Revenue": NaN,
        "Gross Profit": NaN,
        "Operating Income": NaN,
        "EBIT": NaN,
        "Net Income": 871
    },
    "2017-12-31": {
        "Diluted EPS": 0.37,
        "Total Revenue": NaN,
        "Gross Profit": NaN,
        "Operating Income": NaN,
        "EBIT": NaN,
        "Net Income": NaN
    },
    "2017-09-30": {
        "Diluted EPS": 0.19,
        "Total Revenue": NaN,
        "Gross Profit": NaN,
        "Operating Income": NaN,
        "EBIT": NaN,
        "Net Income": 735
    },
    "2017-06-30": {
        "Diluted EPS": 0.09,
        "Total Revenue": NaN,
        "Gross Profit": NaN,
        "Operating Income": NaN,
        "EBIT": NaN,
        "Net Income": 689
    },
    "2017-03-31": {
        "Diluted EPS": 0.08,
        "Total Revenue": NaN,
        "Gross Profit": NaN,
        "Operating Income": NaN,
        "EBIT": NaN,
        "Net Income": 303
    },
    "2016-12-31": {
        "Diluted EPS": 0.34,
        "Total Revenue": NaN,
        "Gross Profit": NaN,
        "Operating Income": NaN,
        "EBIT": NaN,
        "Net Income": NaN
    },
    "2016-09-30": {
        "Diluted EPS": 0.09,
        "Total Revenue": NaN,
        "Gross Profit": NaN,
        "Operating Income": NaN,
        "EBIT": NaN,
        "Net Income": 338
    },
    "2016-06-30": {
        "Diluted EPS": 0.07,
        "Total Revenue": NaN,
        "Gross Profit": NaN,
        "Operating Income": NaN,
        "EBIT": NaN,
        "Net Income": 250
    },
    "2016-03-31": {
        "Diluted EPS": 0.06,
        "Total Revenue": NaN,
        "Gross Profit": NaN,
        "Operating Income": NaN,
        "EBIT": NaN,
        "Net Income": 225
    },
    "2015-12-31": {
        "Diluted EPS": 0.45,
        "Total Revenue": NaN,
        "Gross Profit": NaN,
        "Operating Income": NaN,
        "EBIT": NaN,
        "Net Income": NaN
    },
    "2015-09-30": {
        "Diluted EPS": 0.06,
        "Total Revenue": NaN,
        "Gross Profit": 639,
        "Operating Income": -585,
        "EBIT": NaN,
        "Net Income": 234
    },
    "2015-06-30": {
        "Diluted EPS": 0.2,
        "Total Revenue": NaN,
        "Gross Profit": NaN,
        "Operating Income": NaN,
        "EBIT": NaN,
        "Net Income": 783
    },
    "2015-03-31": {
        "Diluted EPS": 0.06,
        "Total Revenue": NaN,
        "Gross Profit": NaN,
        "Operating Income": 148,
        "EBIT": NaN,
        "Net Income": 276
    },
    "2014-12-31": {
        "Diluted EPS": -1.34,
        "Total Revenue": NaN,
        "Gross Profit": NaN,
        "Operating Income": NaN,
        "EBIT": NaN,
        "Net Income": -6
    },
    "2014-09-30": {
        "Diluted EPS": 0.07,
        "Total Revenue": NaN,
        "Gross Profit": NaN,
        "Operating Income": NaN,
        "EBIT": NaN,
        "Net Income": 267
    },
    "2014-06-30": {
        "Diluted EPS": 0.08,
        "Total Revenue": NaN,
        "Gross Profit": NaN,
        "Operating Income": NaN,
        "EBIT": NaN,
        "Net Income": 316
    },
    "2014-03-31": {
        "Diluted EPS": 1.49,
        "Total Revenue": NaN,
        "Gross Profit": NaN,
        "Operating Income": NaN,
        "EBIT": NaN,
        "Net Income": 591
    },
    "2013-12-31": {
        "Diluted EPS": 0.0,
        "Total Revenue": NaN,
        "Gross Profit": NaN,
        "Operating Income": -305,
        "EBIT": NaN,
        "Net Income": 626
    },
    "2013-09-30": {
        "Diluted EPS": 1.4,
        "Total Revenue": NaN,
        "Gross Profit": NaN,
        "Operating Income": 844,
        "EBIT": NaN,
        "Net Income": 584
    },
    "2013-06-30": {
        "Diluted EPS": 0.88,
        "Total Revenue": NaN,
        "Gross Profit": NaN,
        "Operating Income": 151,
        "EBIT": NaN,
        "Net Income": 690
    },
    "2013-03-31": {
        "Diluted EPS": 0.04,
        "Total Revenue": NaN,
        "Gross Profit": NaN,
        "Operating Income": NaN,
        "EBIT": NaN,
        "Net Income": 400
    },
    "2012-12-31": {
        "Diluted EPS": 0.95,
        "Total Revenue": NaN,
        "Gross Profit": NaN,
        "Operating Income": 227,
        "EBIT": NaN,
        "Net Income": 399
    },
    "2012-09-30": {
        "Diluted EPS": 1.73,
        "Total Revenue": NaN,
        "Gross Profit": NaN,
        "Operating Income": 844,
        "EBIT": NaN,
        "Net Income": 723
    },
    "2012-06-30": {
        "Diluted EPS": 1.79,
        "Total Revenue": NaN,
        "Gross Profit": NaN,
        "Operating Income": 949,
        "EBIT": NaN,
        "Net Income": 746
    },
    "2012-03-31": {
        "Diluted EPS": 2.19,
        "Total Revenue": NaN,
        "Gross Profit": NaN,
        "Operating Income": 298,
        "EBIT": NaN,
        "Net Income": 913
    },
    "2011-12-31": {
        "Diluted EPS": 1.28,
        "Total Revenue": NaN,
        "Gross Profit": 692,
        "Operating Income": NaN,
        "EBIT": NaN,
        "Net Income": NaN
    },
    "2011-09-30": {
        "Diluted EPS": 2.66,
        "Total Revenue": NaN,
        "Gross Profit": NaN,
        "Operating Income": 254,
        "EBIT": NaN,
        "Net Income": NaN
    },
    "2011-06-30": {
        "Diluted EPS": 1.67,
        "Total Revenue": NaN,
        "Gross Profit": NaN,
        "Operating Income": NaN,
        "EBIT": NaN,
        "Net Income": NaN
    },
    "2011-03-31": {
        "Diluted EPS": 1.69,
        "Total Revenue": NaN,
        "Gross Profit": NaN,
        "Operating Income": NaN,
        "EBIT": NaN,
        "Net Income": NaN
    },
    "2010-12-31": {
        "Diluted EPS": 2.74,
        "Total Revenue": NaN,
        "Gross Profit": NaN,
        "Operating Income": NaN,
        "EBIT": NaN,
        "Net Income": NaN
    },
    "2010-09-30": {
        "Diluted EPS": 2.66,
        "Total Revenue": NaN,
        "Gross Profit": NaN,
        "Operating Income": 495,
        "EBIT": NaN,
        "Net Income": NaN
    },
    "2010-06-30": {
        "Diluted EPS": 2.37,
        "Total Revenue": NaN,
        "Gross Profit": NaN,
        "Operating Income": NaN,
        "EBIT": NaN,
        "Net Income": 992
    },
    "2010-03-31": {
        "Diluted EPS": 0.0,
        "Total Revenue": NaN,
        "Gross Profit": NaN,
        "Operating Income": NaN,
        "EBIT": NaN,
        "Net Income": 983
    },
    "2009-12-31": {
        "Diluted EPS": 2.09,
        "Total Revenue": NaN,
        "Gross Profit": NaN,
        "Operating Income": NaN,
        "EBIT": NaN,
        "Net Income": 917
    },
    "2009-09-30": {
        "Diluted EPS": 2.37,
        "Total Revenue": NaN,
        "Gross Profit": NaN,
        "Operating Income": NaN,
        "EBIT": NaN,
        "Net Income": 791
    },
    "2023-06-30": {
        "Tax Effect Of Unusual Items": NaN,
        "Tax Rate For Calcs": NaN,
        "Total Unusual Items": NaN,
        "Total Unusual Items Excluding Goodwill": NaN,
        "Net Income From Continuing Operation Net Minority Interest": NaN,
        "Reconciled Depreciation": NaN,
        "Net Interest Income": NaN,
        "Interest Expense": NaN,
        "Interest Income": NaN,
        "Normalized Income": NaN,
        "Net Income From Continuing And Discontinued Operation": NaN,
        "Diluted Average Shares": 7460387279.0,
        "Basic Average Shares": 7460387279.0,
        "Diluted EPS": 0.213474,
        "Basic EPS": 0.213474,
        "Diluted NI Availto Com Stockholders": NaN,
        "Net Income Common Stockholders": NaN,
        "Net Income": NaN,
        "Minority Interests": NaN,
        "Net Income Including Noncontrolling Interests": NaN,
        "Net Income Continuous Operations": NaN,
        "Tax Provision": NaN,
        "Pretax Income": NaN,
        "Special Income Charges": NaN,
        "Other Special Charges": NaN,
        "Write Off": NaN,
        "Impairment Of Capital Assets": NaN,
        "Gain On Sale Of Security": NaN,
        "Depreciation Amortization Depletion Income Statement": NaN,
        "Depreciation And Amortization In Income Statement": NaN,
        "Amortization": NaN,
        "Amortization Of Intangibles Income Statement": NaN,
        "Depreciation Income Statement": NaN,
        "Selling General And Administration": NaN,
        "Selling And Marketing Expense": NaN,
        "General And Administrative Expense": NaN,
        "Other Gand A": NaN,
        "Insurance And Claims": NaN,
        "Salaries And Wages": NaN,
        "Total Revenue": NaN,
        "Operating Revenue": NaN,
        "Occupancy And Equipment": 227335000.0,
        "Other Non Interest Expense": NaN
    },
    "2023-09-30": {
        "Tax Effect Of Unusual Items": NaN,
        "Tax Rate For Calcs": NaN,
        "Total Unusual Items": NaN,
        "Total Unusual Items Excluding Goodwill": NaN,
        "Net Income From Continuing Operation Net Minority Interest": NaN,
        "Reconciled Depreciation": NaN,
        "Net Interest Income": NaN,
        "Interest Expense": NaN,
        "Interest Income": NaN,
        "Normalized Income": NaN,
        "Net Income From Continuing And Discontinued Operation": NaN,
        "Diluted Average Shares": 7460634347.0,
        "Basic Average Shares": 7460634347.0,
        "Diluted EPS": 0.371409,
        "Basic EPS": 0.371409,
        "Diluted NI Availto Com Stockholders": NaN,
        "Net Income Common Stockholders": NaN,
        "Net Income": NaN,
        "Minority Interests": NaN,
        "Net Income Including Noncontrolling Interests": NaN,
        "Net Income Continuous Operations": NaN,
        "Tax Provision": NaN,
        "Pretax Income": NaN,
        "Special Income Charges": NaN,
        "Other Special Charges": NaN,
        "Write Off": NaN,
        "Impairment Of Capital Assets": NaN,
        "Gain On Sale Of Security": NaN,
        "Depreciation Amortization Depletion Income Statement": NaN,
        "Depreciation And Amortization In Income Statement": NaN,
        "Amortization": NaN,
        "Amortization Of Intangibles Income Statement": NaN,
        "Depreciation Income Statement": NaN,
        "Selling General And Administration": NaN,
        "Selling And Marketing Expense": NaN,
        "General And Administrative Expense": NaN,
        "Other Gand A": NaN,
        "Insurance And Claims": NaN,
        "Salaries And Wages": NaN,
        "Total Revenue": NaN,
        "Operating Revenue": NaN,
        "Occupancy And Equipment": 193390000.0,
        "Other Non Interest Expense": NaN
    },
    "2023-12-31": {
        "Tax Effect Of Unusual Items": NaN,
        "Tax Rate For Calcs": NaN,
        "Total Unusual Items": NaN,
        "Total Unusual Items Excluding Goodwill": NaN,
        "Net Income From Continuing Operation Net Minority Interest": NaN,
        "Reconciled Depreciation": NaN,
        "Net Interest Income": NaN,
        "Interest Expense": NaN,
        "Interest Income": NaN,
        "Normalized Income": NaN,
        "Net Income From Continuing And Discontinued Operation": NaN,
        "Diluted Average Shares": NaN,
        "Basic Average Shares": NaN,
        "Diluted EPS": NaN,
        "Basic EPS": NaN,
        "Diluted NI Availto Com Stockholders": NaN,
        "Net Income Common Stockholders": NaN,
        "Net Income": NaN,
        "Minority Interests": NaN,
        "Net Income Including Noncontrolling Interests": NaN,
        "Net Income Continuous Operations": NaN,
        "Tax Provision": NaN,
        "Pretax Income": NaN,
        "Special Income Charges": NaN,
        "Other Special Charges": NaN,
        "Write Off": NaN,
        "Impairment Of Capital Assets": 11357000.0,
        "Gain On Sale Of Security": NaN,
        "Depreciation Amortization Depletion Income Statement": NaN,
        "Depreciation And Amortization In Income Statement": NaN,
        "Amortization": NaN,
        "Amortization Of Intangibles Income Statement": NaN,
        "Depreciation Income Statement": NaN,
        "Selling General And Administration": NaN,
        "Selling And Marketing Expense": NaN,
        "General And Administrative Expense": NaN,
        "Other Gand A": NaN,
        "Insurance And Claims": NaN,
        "Salaries And Wages": NaN,
        "Total Revenue": NaN,
        "Operating Revenue": NaN,
        "Occupancy And Equipment": NaN,
        "Other Non Interest Expense": NaN
    },
    "2024-06-30": {
        "Tax Effect Of Unusual Items": 601166299.075308,
        "Tax Rate For Calcs": 0.310739,
        "Total Unusual Items": 1934633000.0,
        "Total Unusual Items Excluding Goodwill": 1934633000.0,
        "Net Income From Continuing Operation Net Minority Interest": 3617479000.0,
        "Reconciled Depreciation": 668717000.0,
        "Net Interest Income": 13867692000.0,
        "Interest Expense": 18896125000.0,
        "Interest Income": 32763817000.0,
        "Normalized Income": 2284012299.075308,
        "Net Income From Continuing And Discontinued Operation": 3617479000.0,
        "Diluted Average Shares": 7459991000.0,
        "Basic Average Shares": 7459991000.0,
        "Diluted EPS": 0.484917,
        "Basic EPS": 0.484917,
        "Diluted NI Availto Com Stockholders": 3617479000.0,
        "Net Income Common Stockholders": 3617479000.0,
        "Net Income": 3617479000.0,
        "Minority Interests": -15949000.0,
        "Net Income Including Noncontrolling Interests": 3633428000.0,
        "Net Income Continuous Operations": 3633428000.0,
        "Tax Provision": 1638057000.0,
        "Pretax Income": 5271485000.0,
        "Special Income Charges": 1934633000.0,
        "Other Special Charges": -1961389000.0,
        "Write Off": 26756000.0,
        "Impairment Of Capital Assets": 0.0,
        "Gain On Sale Of Security": -9814921000.0,
        "Depreciation Amortization Depletion Income Statement": 668717000.0,
        "Depreciation And Amortization In Income Statement": 668717000.0,
        "Amortization": 264721000.0,
        "Amortization Of Intangibles Income Statement": 264721000.0,
        "Depreciation Income Statement": 403996000.0,
        "Selling General And Administration": 4757705000.0,
        "Selling And Marketing Expense": 121208000.0,
        "General And Administrative Expense": 4636497000.0,
        "Other Gand A": 1769803000.0,
        "Insurance And Claims": 5878000.0,
        "Salaries And Wages": 2860816000.0,
        "Total Revenue": 10350037000.0,
        "Operating Revenue": 10350037000.0,
        "Occupancy And Equipment": 220262000.0,
        "Other Non Interest Expense": 121567000.0
    },
    "2024-03-31": {
        "Tax Effect Of Unusual Items": NaN,
        "Tax Rate For Calcs": NaN,
        "Total Unusual Items": NaN,
        "Total Unusual Items Excluding Goodwill": NaN,
        "Net Income From Continuing Operation Net Minority Interest": NaN,
        "Reconciled Depreciation": NaN,
        "Net Interest Income": NaN,
        "Interest Expense": NaN,
        "Interest Income": NaN,
        "Normalized Income": NaN,
        "Net Income From Continuing And Discontinued Operation": NaN,
        "Diluted Average Shares": 7461897051.0,
        "Basic Average Shares": 7461897051.0,
        "Diluted EPS": 0.409017,
        "Basic EPS": 0.409017,
        "Diluted NI Availto Com Stockholders": NaN,
        "Net Income Common Stockholders": NaN,
        "Net Income": NaN,
        "Minority Interests": NaN,
        "Net Income Including Noncontrolling Interests": NaN,
        "Net Income Continuous Operations": NaN,
        "Tax Provision": NaN,
        "Pretax Income": NaN,
        "Special Income Charges": NaN,
        "Other Special Charges": NaN,
        "Write Off": NaN,
        "Impairment Of Capital Assets": 0.0,
        "Gain On Sale Of Security": NaN,
        "Depreciation Amortization Depletion Income Statement": NaN,
        "Depreciation And Amortization In Income Statement": NaN,
        "Amortization": NaN,
        "Amortization Of Intangibles Income Statement": NaN,
        "Depreciation Income Statement": NaN,
        "Selling General And Administration": NaN,
        "Selling And Marketing Expense": NaN,
        "General And Administrative Expense": NaN,
        "Other Gand A": NaN,
        "Insurance And Claims": NaN,
        "Salaries And Wages": NaN,
        "Total Revenue": NaN,
        "Operating Revenue": NaN,
        "Occupancy And Equipment": 223787000.0,
        "Other Non Interest Expense": NaN
    },
    "2023-03-31": {
        "Tax Effect Of Unusual Items": NaN,
        "Tax Rate For Calcs": NaN,
        "Total Unusual Items": NaN,
        "Total Unusual Items Excluding Goodwill": NaN,
        "Net Income From Continuing Operation Net Minority Interest": NaN,
        "Reconciled Depreciation": NaN,
        "Net Interest Income": NaN,
        "Interest Expense": NaN,
        "Interest Income": NaN,
        "Normalized Income": NaN,
        "Net Income From Continuing And Discontinued Operation": NaN,
        "Diluted Average Shares": NaN,
        "Basic Average Shares": NaN,
        "Diluted EPS": NaN,
        "Basic EPS": NaN,
        "Diluted NI Availto Com Stockholders": NaN,
        "Net Income Common Stockholders": NaN,
        "Net Income": NaN,
        "Minority Interests": NaN,
        "Net Income Including Noncontrolling Interests": NaN,
        "Net Income Continuous Operations": NaN,
        "Tax Provision": NaN,
        "Pretax Income": NaN,
        "Special Income Charges": NaN,
        "Other Special Charges": NaN,
        "Write Off": NaN,
        "Impairment Of Capital Assets": NaN,
        "Gain On Sale Of Security": NaN,
        "Depreciation Amortization Depletion Income Statement": NaN,
        "Depreciation And Amortization In Income Statement": NaN,
        "Amortization": NaN,
        "Amortization Of Intangibles Income Statement": NaN,
        "Depreciation Income Statement": NaN,
        "Selling General And Administration": NaN,
        "Selling And Marketing Expense": NaN,
        "General And Administrative Expense": NaN,
        "Other Gand A": NaN,
        "Insurance And Claims": NaN,
        "Salaries And Wages": NaN,
        "Total Revenue": NaN,
        "Operating Revenue": NaN,
        "Occupancy And Equipment": 204622000.0,
        "Other Non Interest Expense": NaN
    },
    "2024-09-30": {
        "Tax Effect Of Unusual Items": -20112018.117686,
        "Tax Rate For Calcs": 0.322194,
        "Total Unusual Items": -62422000.0,
        "Total Unusual Items Excluding Goodwill": -62422000.0,
        "Net Income From Continuing Operation Net Minority Interest": 3637202000.0,
        "Reconciled Depreciation": 689003000.0,
        "Net Interest Income": 13994632000.0,
        "Interest Expense": 21207011000.0,
        "Interest Income": 35201643000.0,
        "Normalized Income": 3679511981.882314,
        "Net Income From Continuing And Discontinued Operation": 3637202000.0,
        "Diluted Average Shares": 7460469051.0,
        "Basic Average Shares": 7460469051.0,
        "Diluted EPS": 0.48753,
        "Basic EPS": 0.48753,
        "Diluted NI Availto Com Stockholders": 3637202000.0,
        "Net Income Common Stockholders": 3637202000.0,
        "Net Income": 3637202000.0,
        "Minority Interests": -12342000.0,
        "Net Income Including Noncontrolling Interests": 3649544000.0,
        "Net Income Continuous Operations": 3649544000.0,
        "Tax Provision": 1734808000.0,
        "Pretax Income": 5384352000.0,
        "Special Income Charges": -62422000.0,
        "Other Special Charges": -53781000.0,
        "Write Off": 112689000.0,
        "Impairment Of Capital Assets": 3514000.0,
        "Gain On Sale Of Security": -5093221000.0,
        "Depreciation Amortization Depletion Income Statement": 689003000.0,
        "Depreciation And Amortization In Income Statement": 689003000.0,
        "Amortization": 298385000.0,
        "Amortization Of Intangibles Income Statement": 298385000.0,
        "Depreciation Income Statement": 390618000.0,
        "Selling General And Administration": 4816678000.0,
        "Selling And Marketing Expense": 98202000.0,
        "General And Administrative Expense": 4718476000.0,
        "Other Gand A": 1838181000.0,
        "Insurance And Claims": 7293000.0,
        "Salaries And Wages": 2873002000.0,
        "Total Revenue": 12487861000.0,
        "Operating Revenue": 12487861000.0,
        "Occupancy And Equipment": 217392000.0,
        "Other Non Interest Expense": 237147000.0
    },
    "2024-12-31": {
        "Tax Effect Of Unusual Items": -457709054.994007,
        "Tax Rate For Calcs": 0.254432,
        "Total Unusual Items": -1798941000.0,
        "Total Unusual Items Excluding Goodwill": -1798941000.0,
        "Net Income From Continuing Operation Net Minority Interest": 3058779000.0,
        "Reconciled Depreciation": 691511000.0,
        "Net Interest Income": 15429309000.0,
        "Interest Expense": 21184719000.0,
        "Interest Income": 36614028000.0,
        "Normalized Income": 4400010945.005993,
        "Net Income From Continuing And Discontinued Operation": 3058779000.0,
        "Diluted Average Shares": NaN,
        "Basic Average Shares": NaN,
        "Diluted EPS": NaN,
        "Basic EPS": NaN,
        "Diluted NI Availto Com Stockholders": -3817967000.0,
        "Net Income Common Stockholders": -3817967000.0,
        "Net Income": 3058779000.0,
        "Minority Interests": -11084000.0,
        "Net Income Including Noncontrolling Interests": 3069863000.0,
        "Net Income Continuous Operations": 3069863000.0,
        "Tax Provision": 1047622000.0,
        "Pretax Income": 4117485000.0,
        "Special Income Charges": -1798941000.0,
        "Other Special Charges": 1737137000.0,
        "Write Off": 16421000.0,
        "Impairment Of Capital Assets": 45383000.0,
        "Gain On Sale Of Security": -7575742000.0,
        "Depreciation Amortization Depletion Income Statement": 691511000.0,
        "Depreciation And Amortization In Income Statement": 691511000.0,
        "Amortization": 323040000.0,
        "Amortization Of Intangibles Income Statement": 323040000.0,
        "Depreciation Income Statement": 368471000.0,
        "Selling General And Administration": 4566408000.0,
        "Selling And Marketing Expense": 176199000.0,
        "General And Administrative Expense": 4390209000.0,
        "Other Gand A": 830912000.0,
        "Insurance And Claims": 621934000.0,
        "Salaries And Wages": 2937363000.0,
        "Total Revenue": 14152694000.0,
        "Operating Revenue": 14152694000.0,
        "Occupancy And Equipment": NaN,
        "Other Non Interest Expense": 730050000.0
    },
    "2025-03-31": {
        "Tax Effect Of Unusual Items": -13900790.995065,
        "Tax Rate For Calcs": 0.31782,
        "Total Unusual Items": -43738000.0,
        "Total Unusual Items Excluding Goodwill": -43738000.0,
        "Net Income From Continuing Operation Net Minority Interest": 3108800000.0,
        "Reconciled Depreciation": 703335000.0,
        "Net Interest Income": 14825731000.0,
        "Interest Expense": 23924821000.0,
        "Interest Income": 38750552000.0,
        "Normalized Income": 3138637209.004935,
        "Net Income From Continuing And Discontinued Operation": 3108800000.0,
        "Diluted Average Shares": 7470871051.0,
        "Basic Average Shares": 7470871051.0,
        "Diluted EPS": 0.416123,
        "Basic EPS": 0.416123,
        "Diluted NI Availto Com Stockholders": 3108800000.0,
        "Net Income Common Stockholders": 3108800000.0,
        "Net Income": 3108800000.0,
        "Minority Interests": -42783000.0,
        "Net Income Including Noncontrolling Interests": 3151583000.0,
        "Net Income Continuous Operations": 3151583000.0,
        "Tax Provision": 1468284000.0,
        "Pretax Income": 4619867000.0,
        "Special Income Charges": -43738000.0,
        "Other Special Charges": -47389000.0,
        "Write Off": 91127000.0,
        "Impairment Of Capital Assets": NaN,
        "Gain On Sale Of Security": -4741688000.0,
        "Depreciation Amortization Depletion Income Statement": 703335000.0,
        "Depreciation And Amortization In Income Statement": 703335000.0,
        "Amortization": 372449000.0,
        "Amortization Of Intangibles Income Statement": 372449000.0,
        "Depreciation Income Statement": 330886000.0,
        "Selling General And Administration": 5031978000.0,
        "Selling And Marketing Expense": 119257000.0,
        "General And Administrative Expense": 4912721000.0,
        "Other Gand A": 1894301000.0,
        "Insurance And Claims": 6065000.0,
        "Salaries And Wages": 3012355000.0,
        "Total Revenue": 12017689000.0,
        "Operating Revenue": 12017689000.0,
        "Occupancy And Equipment": 176590000.0,
        "Other Non Interest Expense": 234399000.0
    },
    "2025-06-30": {
        "Tax Effect Of Unusual Items": -11721160.0,
        "Tax Rate For Calcs": 0.34,
        "Total Unusual Items": -34474000.0,
        "Total Unusual Items Excluding Goodwill": -34474000.0,
        "Net Income From Continuing Operation Net Minority Interest": 1928066000.0,
        "Reconciled Depreciation": 621318000.0,
        "Net Interest Income": 14934855000.0,
        "Interest Expense": 25710424000.0,
        "Interest Income": 40645279000.0,
        "Normalized Income": 1950818840.0,
        "Net Income From Continuing And Discontinued Operation": 1928066000.0,
        "Diluted Average Shares": 7470971051.0,
        "Basic Average Shares": 7470971051.0,
        "Diluted EPS": 0.258074,
        "Basic EPS": 0.258074,
        "Diluted NI Availto Com Stockholders": 1928066000.0,
        "Net Income Common Stockholders": 1928066000.0,
        "Net Income": 1928066000.0,
        "Minority Interests": -59866000.0,
        "Net Income Including Noncontrolling Interests": 1987932000.0,
        "Net Income Continuous Operations": 1987932000.0,
        "Tax Provision": -3004000.0,
        "Pretax Income": 1984928000.0,
        "Special Income Charges": -34474000.0,
        "Other Special Charges": -52361000.0,
        "Write Off": 68602000.0,
        "Impairment Of Capital Assets": 18233000.0,
        "Gain On Sale Of Security": -8812669000.0,
        "Depreciation Amortization Depletion Income Statement": 621318000.0,
        "Depreciation And Amortization In Income Statement": 621318000.0,
        "Amortization": 375120000.0,
        "Amortization Of Intangibles Income Statement": 375120000.0,
        "Depreciation Income Statement": 246198000.0,
        "Selling General And Administration": 4958563000.0,
        "Selling And Marketing Expense": 114202000.0,
        "General And Administrative Expense": 4844361000.0,
        "Other Gand A": 1901093000.0,
        "Insurance And Claims": 7474000.0,
        "Salaries And Wages": 2935794000.0,
        "Total Revenue": 8857624000.0,
        "Operating Revenue": 8857624000.0,
        "Occupancy And Equipment": 235517000.0,
        "Other Non Interest Expense": 150155000.0
    }
}