{
    "2023-03-31": {
        "Tax Effect Of Unusual Items": 0.0,
        "Tax Rate For Calcs": 0.0,
        "Normalized EBITDA": -49349000.0,
        "Total Unusual Items": NaN,
        "Total Unusual Items Excluding Goodwill": NaN,
        "Net Income From Continuing Operation Net Minority Interest": -52796000.0,
        "Reconciled Depreciation": 80000.0,
        "Reconciled Cost Of Revenue": 9000.0,
        "EBITDA": -49349000.0,
        "EBIT": -49429000.0,
        "Net Interest Income": -1352000.0,
        "Interest Expense": 3367000.0,
        "Interest Income": 2015000.0,
        "Normalized Income": -52796000.0,
        "Net Income From Continuing And Discontinued Operation": -52796000.0,
        "Total Expenses": 51404000.0,
        "Total Operating Income As Reported": -51198000.0,
        "Diluted Average Shares": 28616000.0,
        "Basic Average Shares": 28616000.0,
        "Diluted EPS": -1.84,
        "Basic EPS": -1.84,
        "Diluted NI Availto Com Stockholders": -52796000.0,
        "Net Income Common Stockholders": -52796000.0,
        "Net Income": -52796000.0,
        "Net Income Including Noncontrolling Interests": -52796000.0,
        "Net Income Continuous Operations": -52796000.0,
        "Pretax Income": -52796000.0,
        "Other Income Expense": -246000.0,
        "Other Non Operating Income Expenses": -246000.0,
        "Special Income Charges": NaN,
        "Restructuring And Mergern Acquisition": NaN,
        "Net Non Operating Interest Income Expense": -1352000.0,
        "Interest Expense Non Operating": 3367000.0,
        "Interest Income Non Operating": 2015000.0,
        "Operating Income": -51198000.0,
        "Operating Expense": 51395000.0,
        "Research And Development": 27800000.0,
        "Selling General And Administration": 23595000.0,
        "Selling And Marketing Expense": NaN,
        "General And Administrative Expense": 23595000.0,
        "Other Gand A": 10009000.0,
        "Insurance And Claims": 555000.0,
        "Salaries And Wages": 13031000.0,
        "Gross Profit": 197000.0,
        "Cost Of Revenue": 9000.0,
        "Total Revenue": 206000.0,
        "Operating Revenue": 206000.0
    },
    "2022-12-31": {
        "Tax Effect Of Unusual Items": NaN,
        "Tax Rate For Calcs": NaN,
        "Normalized EBITDA": NaN,
        "Total Unusual Items": NaN,
        "Total Unusual Items Excluding Goodwill": NaN,
        "Net Income From Continuing Operation Net Minority Interest": NaN,
        "Reconciled Depreciation": NaN,
        "Reconciled Cost Of Revenue": NaN,
        "EBITDA": NaN,
        "EBIT": NaN,
        "Net Interest Income": NaN,
        "Interest Expense": NaN,
        "Interest Income": NaN,
        "Normalized Income": NaN,
        "Net Income From Continuing And Discontinued Operation": NaN,
        "Total Expenses": NaN,
        "Total Operating Income As Reported": NaN,
        "Diluted Average Shares": 28068000.0,
        "Basic Average Shares": 28068000.0,
        "Diluted EPS": -1.95,
        "Basic EPS": -1.95,
        "Diluted NI Availto Com Stockholders": NaN,
        "Net Income Common Stockholders": NaN,
        "Net Income": NaN,
        "Net Income Including Noncontrolling Interests": NaN,
        "Net Income Continuous Operations": NaN,
        "Pretax Income": NaN,
        "Other Income Expense": NaN,
        "Other Non Operating Income Expenses": NaN,
        "Special Income Charges": NaN,
        "Restructuring And Mergern Acquisition": NaN,
        "Net Non Operating Interest Income Expense": NaN,
        "Interest Expense Non Operating": NaN,
        "Interest Income Non Operating": NaN,
        "Operating Income": NaN,
        "Operating Expense": NaN,
        "Research And Development": NaN,
        "Selling General And Administration": NaN,
        "Selling And Marketing Expense": NaN,
        "General And Administrative Expense": NaN,
        "Other Gand A": NaN,
        "Insurance And Claims": NaN,
        "Salaries And Wages": NaN,
        "Gross Profit": NaN,
        "Cost Of Revenue": NaN,
        "Total Revenue": NaN,
        "Operating Revenue": NaN
    },
    "2022-09-30": {
        "Tax Effect Of Unusual Items": NaN,
        "Tax Rate For Calcs": NaN,
        "Normalized EBITDA": NaN,
        "Total Unusual Items": 0.0,
        "Total Unusual Items Excluding Goodwill": 0.0,
        "Net Income From Continuing Operation Net Minority Interest": NaN,
        "Reconciled Depreciation": NaN,
        "Reconciled Cost Of Revenue": NaN,
        "EBITDA": NaN,
        "EBIT": NaN,
        "Net Interest Income": NaN,
        "Interest Expense": NaN,
        "Interest Income": NaN,
        "Normalized Income": NaN,
        "Net Income From Continuing And Discontinued Operation": NaN,
        "Total Expenses": NaN,
        "Total Operating Income As Reported": NaN,
        "Diluted Average Shares": NaN,
        "Basic Average Shares": NaN,
        "Diluted EPS": NaN,
        "Basic EPS": NaN,
        "Diluted NI Availto Com Stockholders": NaN,
        "Net Income Common Stockholders": NaN,
        "Net Income": NaN,
        "Net Income Including Noncontrolling Interests": NaN,
        "Net Income Continuous Operations": NaN,
        "Pretax Income": NaN,
        "Other Income Expense": NaN,
        "Other Non Operating Income Expenses": NaN,
        "Special Income Charges": 0.0,
        "Restructuring And Mergern Acquisition": 0.0,
        "Net Non Operating Interest Income Expense": NaN,
        "Total Other Finance Cost": 2877000.0,
        "Interest Expense Non Operating": NaN,
        "Interest Income Non Operating": NaN,
        "Operating Income": NaN,
        "Operating Expense": NaN,
        "Research And Development": NaN,
        "Selling General And Administration": NaN,
        "Selling And Marketing Expense": 2738000.0,
        "General And Administrative Expense": NaN,
        "Other Gand A": NaN,
        "Insurance And Claims": NaN,
        "Salaries And Wages": NaN,
        "Gross Profit": NaN,
        "Cost Of Revenue": NaN,
        "Total Revenue": NaN,
        "Operating Revenue": NaN
    },
    "2022-06-30": {
        "Tax Effect Of Unusual Items": 0.0,
        "Tax Rate For Calcs": 0.0,
        "Normalized EBITDA": -36084000.0,
        "Net Income From Continuing Operation Net Minority Interest": -37670000.0,
        "Reconciled Depreciation": 84000.0,
        "Reconciled Cost Of Revenue": NaN,
        "EBITDA": -36084000.0,
        "EBIT": -36084000.0,
        "Net Interest Income": -1382000.0,
        "Interest Expense": 1586000.0,
        "Interest Income": 204000.0,
        "Normalized Income": -37670000.0,
        "Net Income From Continuing And Discontinued Operation": -37670000.0,
        "Total Expenses": 36288000.0,
        "Total Operating Income As Reported": -36288000.0,
        "Diluted Average Shares": 27989000.0,
        "Basic Average Shares": 27989000.0,
        "Diluted EPS": -1.35,
        "Basic EPS": -1.35,
        "Diluted NI Availto Com Stockholders": -37670000.0,
        "Net Income Common Stockholders": -37670000.0,
        "Net Income": -37670000.0,
        "Net Income Including Noncontrolling Interests": -37670000.0,
        "Net Income Continuous Operations": -37670000.0,
        "Pretax Income": -37670000.0,
        "Other Income Expense": NaN,
        "Other Non Operating Income Expenses": NaN,
        "Net Non Operating Interest Income Expense": -1382000.0,
        "Total Other Finance Cost": NaN,
        "Interest Expense Non Operating": 1586000.0,
        "Interest Income Non Operating": 204000.0,
        "Operating Income": -36288000.0,
        "Operating Expense": 36288000.0,
        "Research And Development": 17906000.0,
        "Selling General And Administration": 18382000.0,
        "Selling And Marketing Expense": 4719000.0,
        "General And Administrative Expense": 18382000.0,
        "Other Gand A": 18382000.0,
        "Insurance And Claims": 603000.0,
        "Salaries And Wages": 7776000.0,
        "Gross Profit": NaN,
        "Cost Of Revenue": NaN,
        "Total Revenue": 0.0,
        "Operating Revenue": 0.0
    },
    "2022-03-31": {
        "Diluted EPS": -1.12,
        "Total Revenue": NaN,
        "Gross Profit": NaN,
        "Operating Income": -31,
        "EBIT": -31,
        "Net Income": -31
    },
    "2021-12-31": {
        "Diluted EPS": -0.9,
        "Total Revenue": NaN,
        "Gross Profit": NaN,
        "Operating Income": -26,
        "EBIT": -26,
        "Net Income": -26
    },
    "2021-09-30": {
        "Diluted EPS": -0.96,
        "Total Revenue": NaN,
        "Gross Profit": NaN,
        "Operating Income": -27,
        "EBIT": -27,
        "Net Income": -27
    },
    "2021-06-30": {
        "Diluted EPS": -1.11,
        "Total Revenue": NaN,
        "Gross Profit": NaN,
        "Operating Income": -28,
        "EBIT": -28,
        "Net Income": -28
    },
    "2021-03-31": {
        "Diluted EPS": -1.08,
        "Total Revenue": NaN,
        "Gross Profit": NaN,
        "Operating Income": -26,
        "EBIT": -26,
        "Net Income": -26
    },
    "2020-12-31": {
        "Diluted EPS": -0.87,
        "Total Revenue": NaN,
        "Gross Profit": NaN,
        "Operating Income": -21,
        "EBIT": -21,
        "Net Income": -21
    },
    "2020-09-30": {
        "Diluted EPS": -1.07,
        "Total Revenue": NaN,
        "Gross Profit": NaN,
        "Operating Income": -25,
        "EBIT": -25,
        "Net Income": -25
    },
    "2020-06-30": {
        "Diluted EPS": -1.06,
        "Total Revenue": NaN,
        "Gross Profit": NaN,
        "Operating Income": -21,
        "EBIT": -21,
        "Net Income": -21
    },
    "2020-03-31": {
        "Diluted EPS": -0.79,
        "Total Revenue": NaN,
        "Gross Profit": NaN,
        "Operating Income": -15,
        "EBIT": -15,
        "Net Income": -15
    },
    "2019-12-31": {
        "Diluted EPS": -0.45,
        "Total Revenue": NaN,
        "Gross Profit": NaN,
        "Operating Income": -8,
        "EBIT": -8,
        "Net Income": -8
    },
    "2019-09-30": {
        "Diluted EPS": -0.57,
        "Total Revenue": NaN,
        "Gross Profit": NaN,
        "Operating Income": -9,
        "EBIT": -9,
        "Net Income": -9
    },
    "2019-06-30": {
        "Diluted EPS": -0.54,
        "Total Revenue": NaN,
        "Gross Profit": NaN,
        "Operating Income": -9,
        "EBIT": -9,
        "Net Income": -8
    },
    "2019-03-31": {
        "Diluted EPS": -0.46,
        "Total Revenue": NaN,
        "Gross Profit": NaN,
        "Operating Income": -7,
        "EBIT": -7,
        "Net Income": -7
    },
    "2018-12-31": {
        "Diluted EPS": -0.45,
        "Total Revenue": NaN,
        "Gross Profit": NaN,
        "Operating Income": -7,
        "EBIT": -7,
        "Net Income": -7
    },
    "2018-09-30": {
        "Diluted EPS": -0.31,
        "Total Revenue": NaN,
        "Gross Profit": NaN,
        "Operating Income": -5,
        "EBIT": -5,
        "Net Income": -5
    },
    "2018-06-30": {
        "Diluted EPS": -0.19,
        "Total Revenue": NaN,
        "Gross Profit": NaN,
        "Operating Income": -3,
        "EBIT": -3,
        "Net Income": -3
    },
    "2018-03-31": {
        "Diluted EPS": -0.37,
        "Total Revenue": NaN,
        "Gross Profit": NaN,
        "Operating Income": -4,
        "EBIT": -4,
        "Net Income": -4
    },
    "2017-12-31": {
        "Diluted EPS": -0.25,
        "Total Revenue": NaN,
        "Gross Profit": NaN,
        "Operating Income": -3,
        "EBIT": -3,
        "Net Income": -3
    },
    "2017-09-30": {
        "Diluted EPS": -0.1,
        "Total Revenue": NaN,
        "Gross Profit": NaN,
        "Operating Income": -1,
        "EBIT": -1,
        "Net Income": -1
    },
    "2017-06-30": {
        "Diluted EPS": -0.06,
        "Total Revenue": NaN,
        "Gross Profit": NaN,
        "Operating Income": -1,
        "EBIT": -1,
        "Net Income": -1
    },
    "2017-03-31": {
        "Diluted EPS": -0.06,
        "Total Revenue": NaN,
        "Gross Profit": NaN,
        "Operating Income": -1,
        "EBIT": -1,
        "Net Income": -1
    },
    "2016-12-31": {
        "Diluted EPS": 0.0,
        "Total Revenue": NaN,
        "Gross Profit": NaN,
        "Operating Income": NaN,
        "EBIT": NaN,
        "Net Income": NaN
    },
    "2023-06-30": {
        "Tax Effect Of Unusual Items": NaN,
        "Tax Rate For Calcs": NaN,
        "Normalized EBITDA": NaN,
        "Total Unusual Items": 0.0,
        "Total Unusual Items Excluding Goodwill": 0.0,
        "Net Income From Continuing Operation Net Minority Interest": NaN,
        "Reconciled Depreciation": NaN,
        "Reconciled Cost Of Revenue": NaN,
        "EBITDA": NaN,
        "EBIT": NaN,
        "Net Interest Income": NaN,
        "Interest Expense": NaN,
        "Interest Income": NaN,
        "Normalized Income": NaN,
        "Net Income From Continuing And Discontinued Operation": NaN,
        "Total Expenses": NaN,
        "Total Operating Income As Reported": NaN,
        "Diluted Average Shares": NaN,
        "Basic Average Shares": NaN,
        "Diluted EPS": NaN,
        "Basic EPS": NaN,
        "Diluted NI Availto Com Stockholders": NaN,
        "Net Income Common Stockholders": NaN,
        "Net Income": NaN,
        "Net Income Including Noncontrolling Interests": NaN,
        "Net Income Continuous Operations": NaN,
        "Pretax Income": NaN,
        "Other Income Expense": NaN,
        "Other Non Operating Income Expenses": NaN,
        "Special Income Charges": 0.0,
        "Restructuring And Mergern Acquisition": 0.0,
        "Net Non Operating Interest Income Expense": NaN,
        "Interest Expense Non Operating": NaN,
        "Interest Income Non Operating": NaN,
        "Operating Income": NaN,
        "Operating Expense": NaN,
        "Research And Development": NaN,
        "Selling General And Administration": NaN,
        "Selling And Marketing Expense": NaN,
        "General And Administrative Expense": NaN,
        "Other Gand A": NaN,
        "Insurance And Claims": NaN,
        "Salaries And Wages": NaN,
        "Gross Profit": NaN,
        "Cost Of Revenue": NaN,
        "Total Revenue": NaN,
        "Operating Revenue": NaN
    },
    "2023-09-30": {
        "Tax Effect Of Unusual Items": NaN,
        "Tax Rate For Calcs": NaN,
        "Normalized EBITDA": NaN,
        "Total Unusual Items": -4163000.0,
        "Total Unusual Items Excluding Goodwill": -4163000.0,
        "Net Income From Continuing Operation Net Minority Interest": NaN,
        "Reconciled Depreciation": NaN,
        "Reconciled Cost Of Revenue": NaN,
        "EBITDA": NaN,
        "EBIT": NaN,
        "Net Interest Income": NaN,
        "Interest Expense": NaN,
        "Interest Income": NaN,
        "Normalized Income": NaN,
        "Net Income From Continuing And Discontinued Operation": NaN,
        "Total Expenses": NaN,
        "Total Operating Income As Reported": NaN,
        "Diluted Average Shares": NaN,
        "Basic Average Shares": NaN,
        "Diluted EPS": NaN,
        "Basic EPS": NaN,
        "Diluted NI Availto Com Stockholders": NaN,
        "Net Income Common Stockholders": NaN,
        "Net Income": NaN,
        "Net Income Including Noncontrolling Interests": NaN,
        "Net Income Continuous Operations": NaN,
        "Pretax Income": NaN,
        "Other Income Expense": NaN,
        "Other Non Operating Income Expenses": NaN,
        "Special Income Charges": -4163000.0,
        "Restructuring And Mergern Acquisition": 4163000.0,
        "Net Non Operating Interest Income Expense": NaN,
        "Interest Expense Non Operating": NaN,
        "Interest Income Non Operating": NaN,
        "Operating Income": NaN,
        "Operating Expense": NaN,
        "Research And Development": NaN,
        "Selling General And Administration": NaN,
        "Selling And Marketing Expense": NaN,
        "General And Administrative Expense": NaN,
        "Other Gand A": NaN,
        "Insurance And Claims": NaN,
        "Salaries And Wages": NaN,
        "Gross Profit": NaN,
        "Cost Of Revenue": NaN,
        "Total Revenue": NaN,
        "Operating Revenue": NaN
    },
    "2023-12-31": {
        "Tax Effect Of Unusual Items": NaN,
        "Tax Rate For Calcs": NaN,
        "Normalized EBITDA": NaN,
        "Total Unusual Items": 0.0,
        "Total Unusual Items Excluding Goodwill": 0.0,
        "Net Income From Continuing Operation Net Minority Interest": NaN,
        "Reconciled Depreciation": NaN,
        "Reconciled Cost Of Revenue": NaN,
        "EBITDA": NaN,
        "EBIT": NaN,
        "Net Interest Income": NaN,
        "Interest Expense": NaN,
        "Interest Income": NaN,
        "Normalized Income": NaN,
        "Net Income From Continuing And Discontinued Operation": NaN,
        "Total Expenses": NaN,
        "Total Operating Income As Reported": NaN,
        "Diluted Average Shares": NaN,
        "Basic Average Shares": NaN,
        "Diluted EPS": NaN,
        "Basic EPS": NaN,
        "Diluted NI Availto Com Stockholders": NaN,
        "Net Income Common Stockholders": NaN,
        "Net Income": NaN,
        "Net Income Including Noncontrolling Interests": NaN,
        "Net Income Continuous Operations": NaN,
        "Pretax Income": NaN,
        "Other Income Expense": NaN,
        "Other Non Operating Income Expenses": NaN,
        "Special Income Charges": 0.0,
        "Restructuring And Mergern Acquisition": 0.0,
        "Net Non Operating Interest Income Expense": NaN,
        "Interest Expense Non Operating": NaN,
        "Interest Income Non Operating": NaN,
        "Operating Income": NaN,
        "Operating Expense": NaN,
        "Research And Development": NaN,
        "Selling General And Administration": NaN,
        "Selling And Marketing Expense": NaN,
        "General And Administrative Expense": NaN,
        "Other Gand A": NaN,
        "Insurance And Claims": NaN,
        "Salaries And Wages": NaN,
        "Gross Profit": NaN,
        "Cost Of Revenue": NaN,
        "Total Revenue": NaN,
        "Operating Revenue": NaN
    },
    "2024-03-31": {
        "Tax Effect Of Unusual Items": NaN,
        "Tax Rate For Calcs": NaN,
        "Normalized EBITDA": NaN,
        "Total Unusual Items": NaN,
        "Total Unusual Items Excluding Goodwill": NaN,
        "Net Income From Continuing Operation Net Minority Interest": NaN,
        "Reconciled Depreciation": NaN,
        "Reconciled Cost Of Revenue": NaN,
        "EBITDA": NaN,
        "EBIT": NaN,
        "Net Interest Income": NaN,
        "Interest Expense": NaN,
        "Interest Income": NaN,
        "Normalized Income": NaN,
        "Net Income From Continuing And Discontinued Operation": NaN,
        "Total Expenses": NaN,
        "Total Operating Income As Reported": NaN,
        "Diluted Average Shares": NaN,
        "Basic Average Shares": NaN,
        "Diluted EPS": NaN,
        "Basic EPS": NaN,
        "Diluted NI Availto Com Stockholders": NaN,
        "Net Income Common Stockholders": NaN,
        "Net Income": NaN,
        "Net Income Including Noncontrolling Interests": NaN,
        "Net Income Continuous Operations": NaN,
        "Pretax Income": NaN,
        "Other Income Expense": NaN,
        "Other Non Operating Income Expenses": NaN,
        "Special Income Charges": NaN,
        "Restructuring And Mergern Acquisition": NaN,
        "Net Non Operating Interest Income Expense": NaN,
        "Interest Expense Non Operating": NaN,
        "Interest Income Non Operating": NaN,
        "Operating Income": NaN,
        "Operating Expense": NaN,
        "Research And Development": NaN,
        "Selling General And Administration": NaN,
        "Selling And Marketing Expense": 872000.0,
        "General And Administrative Expense": NaN,
        "Other Gand A": NaN,
        "Insurance And Claims": NaN,
        "Salaries And Wages": NaN,
        "Gross Profit": NaN,
        "Cost Of Revenue": NaN,
        "Total Revenue": NaN,
        "Operating Revenue": NaN
    },
    "2024-06-30": {
        "Tax Effect Of Unusual Items": NaN,
        "Tax Rate For Calcs": NaN,
        "Normalized EBITDA": NaN,
        "Total Unusual Items": -856000.0,
        "Total Unusual Items Excluding Goodwill": -856000.0,
        "Net Income From Continuing Operation Net Minority Interest": NaN,
        "Reconciled Depreciation": NaN,
        "Reconciled Cost Of Revenue": NaN,
        "EBITDA": NaN,
        "EBIT": NaN,
        "Net Interest Income": NaN,
        "Interest Expense": NaN,
        "Interest Income": NaN,
        "Normalized Income": NaN,
        "Net Income From Continuing And Discontinued Operation": NaN,
        "Total Expenses": NaN,
        "Total Operating Income As Reported": NaN,
        "Diluted Average Shares": NaN,
        "Basic Average Shares": NaN,
        "Diluted EPS": NaN,
        "Basic EPS": NaN,
        "Diluted NI Availto Com Stockholders": NaN,
        "Net Income Common Stockholders": NaN,
        "Net Income": NaN,
        "Net Income Including Noncontrolling Interests": NaN,
        "Net Income Continuous Operations": NaN,
        "Pretax Income": NaN,
        "Other Income Expense": NaN,
        "Other Non Operating Income Expenses": NaN,
        "Special Income Charges": -856000.0,
        "Restructuring And Mergern Acquisition": 856000.0,
        "Net Non Operating Interest Income Expense": NaN,
        "Interest Expense Non Operating": NaN,
        "Interest Income Non Operating": NaN,
        "Operating Income": NaN,
        "Operating Expense": NaN,
        "Research And Development": NaN,
        "Selling General And Administration": NaN,
        "Selling And Marketing Expense": -718000.0,
        "General And Administrative Expense": NaN,
        "Other Gand A": NaN,
        "Insurance And Claims": NaN,
        "Salaries And Wages": NaN,
        "Gross Profit": NaN,
        "Cost Of Revenue": NaN,
        "Total Revenue": NaN,
        "Operating Revenue": NaN
    },
    "2024-09-30": {
        "Tax Effect Of Unusual Items": 0.0,
        "Tax Rate For Calcs": 0.0,
        "Normalized EBITDA": -8230000.0,
        "Total Unusual Items": -1553000.0,
        "Total Unusual Items Excluding Goodwill": -1553000.0,
        "Net Income From Continuing Operation Net Minority Interest": -13650000.0,
        "Reconciled Depreciation": 77000.0,
        "Reconciled Cost Of Revenue": 1170000.0,
        "EBITDA": -9783000.0,
        "EBIT": -9860000.0,
        "Net Interest Income": -3174000.0,
        "Interest Expense": 3790000.0,
        "Interest Income": 616000.0,
        "Normalized Income": -12097000.0,
        "Net Income From Continuing And Discontinued Operation": -13650000.0,
        "Total Expenses": 13954000.0,
        "Total Operating Income As Reported": -15293000.0,
        "Diluted Average Shares": 2649000.0,
        "Basic Average Shares": 2649000.0,
        "Diluted EPS": -5.15,
        "Basic EPS": -5.15,
        "Diluted NI Availto Com Stockholders": -13650000.0,
        "Net Income Common Stockholders": -13650000.0,
        "Net Income": -13650000.0,
        "Net Income Including Noncontrolling Interests": -13650000.0,
        "Net Income Continuous Operations": -13650000.0,
        "Pretax Income": -13650000.0,
        "Other Income Expense": 3264000.0,
        "Other Non Operating Income Expenses": 4817000.0,
        "Special Income Charges": -1553000.0,
        "Restructuring And Mergern Acquisition": 1553000.0,
        "Net Non Operating Interest Income Expense": -3174000.0,
        "Interest Expense Non Operating": 3790000.0,
        "Interest Income Non Operating": 616000.0,
        "Operating Income": -13740000.0,
        "Operating Expense": 12784000.0,
        "Research And Development": 5101000.0,
        "Selling General And Administration": 7683000.0,
        "Selling And Marketing Expense": 279000.0,
        "General And Administrative Expense": 7404000.0,
        "Other Gand A": 5067000.0,
        "Insurance And Claims": 403000.0,
        "Salaries And Wages": 1934000.0,
        "Gross Profit": -956000.0,
        "Cost Of Revenue": 1170000.0,
        "Total Revenue": 214000.0,
        "Operating Revenue": 214000.0
    },
    "2024-12-31": {
        "Tax Effect Of Unusual Items": 0.0,
        "Tax Rate For Calcs": 0.0,
        "Normalized EBITDA": -6718000.0,
        "Total Unusual Items": -32000.0,
        "Total Unusual Items Excluding Goodwill": -32000.0,
        "Net Income From Continuing Operation Net Minority Interest": -10859000.0,
        "Reconciled Depreciation": 77000.0,
        "Reconciled Cost Of Revenue": 832000.0,
        "EBITDA": -6750000.0,
        "EBIT": -6827000.0,
        "Net Interest Income": -3664000.0,
        "Interest Expense": 4032000.0,
        "Interest Income": 368000.0,
        "Normalized Income": -10827000.0,
        "Net Income From Continuing And Discontinued Operation": -10859000.0,
        "Total Expenses": 10827000.0,
        "Total Operating Income As Reported": -10493000.0,
        "Diluted Average Shares": 3039000.0,
        "Basic Average Shares": 3039000.0,
        "Diluted EPS": -3.57,
        "Basic EPS": -3.57,
        "Diluted NI Availto Com Stockholders": -10859000.0,
        "Net Income Common Stockholders": -10859000.0,
        "Net Income": -10859000.0,
        "Net Income Including Noncontrolling Interests": -10859000.0,
        "Net Income Continuous Operations": -10859000.0,
        "Pretax Income": -10859000.0,
        "Other Income Expense": 3266000.0,
        "Other Non Operating Income Expenses": 3298000.0,
        "Special Income Charges": -32000.0,
        "Restructuring And Mergern Acquisition": 32000.0,
        "Net Non Operating Interest Income Expense": -3664000.0,
        "Interest Expense Non Operating": 4032000.0,
        "Interest Income Non Operating": 368000.0,
        "Operating Income": -10461000.0,
        "Operating Expense": 9995000.0,
        "Research And Development": 5901000.0,
        "Selling General And Administration": 4094000.0,
        "Selling And Marketing Expense": 482000.0,
        "General And Administrative Expense": 3612000.0,
        "Other Gand A": 1926000.0,
        "Insurance And Claims": 476000.0,
        "Salaries And Wages": 1210000.0,
        "Gross Profit": -466000.0,
        "Cost Of Revenue": 832000.0,
        "Total Revenue": 366000.0,
        "Operating Revenue": 366000.0
    },
    "2025-03-31": {
        "Tax Effect Of Unusual Items": 0.0,
        "Tax Rate For Calcs": 0.0,
        "Normalized EBITDA": -3185000.0,
        "Total Unusual Items": NaN,
        "Total Unusual Items Excluding Goodwill": NaN,
        "Net Income From Continuing Operation Net Minority Interest": -7254000.0,
        "Reconciled Depreciation": 76000.0,
        "Reconciled Cost Of Revenue": 14000.0,
        "EBITDA": -3185000.0,
        "EBIT": -3261000.0,
        "Net Interest Income": -3714000.0,
        "Interest Expense": 3993000.0,
        "Interest Income": 279000.0,
        "Normalized Income": -7254000.0,
        "Net Income From Continuing And Discontinued Operation": -7254000.0,
        "Total Expenses": 10267000.0,
        "Total Operating Income As Reported": -10099000.0,
        "Diluted Average Shares": 4834000.0,
        "Basic Average Shares": 4834000.0,
        "Diluted EPS": -1.5,
        "Basic EPS": -1.5,
        "Diluted NI Availto Com Stockholders": -7254000.0,
        "Net Income Common Stockholders": -7254000.0,
        "Net Income": -7254000.0,
        "Net Income Including Noncontrolling Interests": -7254000.0,
        "Net Income Continuous Operations": -7254000.0,
        "Pretax Income": -7254000.0,
        "Other Income Expense": 6559000.0,
        "Other Non Operating Income Expenses": 6559000.0,
        "Special Income Charges": NaN,
        "Restructuring And Mergern Acquisition": NaN,
        "Net Non Operating Interest Income Expense": -3714000.0,
        "Interest Expense Non Operating": 3993000.0,
        "Interest Income Non Operating": 279000.0,
        "Operating Income": -10099000.0,
        "Operating Expense": 10253000.0,
        "Research And Development": 4554000.0,
        "Selling General And Administration": 5699000.0,
        "Selling And Marketing Expense": NaN,
        "General And Administrative Expense": 5699000.0,
        "Other Gand A": 3550000.0,
        "Insurance And Claims": 383000.0,
        "Salaries And Wages": 1766000.0,
        "Gross Profit": 154000.0,
        "Cost Of Revenue": 14000.0,
        "Total Revenue": 168000.0,
        "Operating Revenue": 168000.0
    },
    "2025-06-30": {
        "Tax Effect Of Unusual Items": 0.0,
        "Tax Rate For Calcs": 0.0,
        "Normalized EBITDA": -14890000.0,
        "Total Unusual Items": 0.0,
        "Total Unusual Items Excluding Goodwill": 0.0,
        "Net Income From Continuing Operation Net Minority Interest": -19187000.0,
        "Reconciled Depreciation": 75000.0,
        "Reconciled Cost Of Revenue": 107000.0,
        "EBITDA": -14890000.0,
        "EBIT": -14965000.0,
        "Net Interest Income": -3992000.0,
        "Interest Expense": 4222000.0,
        "Interest Income": 230000.0,
        "Normalized Income": -19187000.0,
        "Net Income From Continuing And Discontinued Operation": -19187000.0,
        "Total Expenses": 15972000.0,
        "Total Operating Income As Reported": -15852000.0,
        "Diluted Average Shares": 7843000.0,
        "Basic Average Shares": 7843000.0,
        "Diluted EPS": -2.45,
        "Basic EPS": -2.45,
        "Diluted NI Availto Com Stockholders": -19187000.0,
        "Net Income Common Stockholders": -19187000.0,
        "Net Income": -19187000.0,
        "Net Income Including Noncontrolling Interests": -19187000.0,
        "Net Income Continuous Operations": -19187000.0,
        "Pretax Income": -19187000.0,
        "Other Income Expense": 657000.0,
        "Other Non Operating Income Expenses": 657000.0,
        "Special Income Charges": 0.0,
        "Restructuring And Mergern Acquisition": 0.0,
        "Net Non Operating Interest Income Expense": -3992000.0,
        "Interest Expense Non Operating": 4222000.0,
        "Interest Income Non Operating": 230000.0,
        "Operating Income": -15852000.0,
        "Operating Expense": 15865000.0,
        "Research And Development": 10256000.0,
        "Selling General And Administration": 5609000.0,
        "Selling And Marketing Expense": 38000.0,
        "General And Administrative Expense": 5571000.0,
        "Other Gand A": 3283000.0,
        "Insurance And Claims": 349000.0,
        "Salaries And Wages": 1939000.0,
        "Gross Profit": 13000.0,
        "Cost Of Revenue": 107000.0,
        "Total Revenue": 120000.0,
        "Operating Revenue": 120000.0
    },
    "2025-09-30": {
        "Tax Effect Of Unusual Items": 0.0,
        "Tax Rate For Calcs": 0.0,
        "Normalized EBITDA": -26269000.0,
        "Total Unusual Items": -194000.0,
        "Total Unusual Items Excluding Goodwill": -194000.0,
        "Net Income From Continuing Operation Net Minority Interest": -30911000.0,
        "Reconciled Depreciation": 75000.0,
        "Reconciled Cost Of Revenue": 11000.0,
        "EBITDA": -26463000.0,
        "EBIT": -26538000.0,
        "Net Interest Income": -4137000.0,
        "Interest Expense": 4373000.0,
        "Interest Income": 236000.0,
        "Normalized Income": -30717000.0,
        "Net Income From Continuing And Discontinued Operation": -30911000.0,
        "Total Expenses": 14132000.0,
        "Total Operating Income As Reported": -14228000.0,
        "Diluted Average Shares": 14196000.0,
        "Basic Average Shares": 14196000.0,
        "Diluted EPS": -2.18,
        "Basic EPS": -2.18,
        "Diluted NI Availto Com Stockholders": -30911000.0,
        "Net Income Common Stockholders": -30911000.0,
        "Net Income": -30911000.0,
        "Net Income Including Noncontrolling Interests": -30911000.0,
        "Net Income Continuous Operations": -30911000.0,
        "Pretax Income": -30911000.0,
        "Other Income Expense": -12740000.0,
        "Other Non Operating Income Expenses": -12546000.0,
        "Special Income Charges": -194000.0,
        "Restructuring And Mergern Acquisition": 194000.0,
        "Net Non Operating Interest Income Expense": -4137000.0,
        "Interest Expense Non Operating": 4373000.0,
        "Interest Income Non Operating": 236000.0,
        "Operating Income": -14034000.0,
        "Operating Expense": 14121000.0,
        "Research And Development": 8740000.0,
        "Selling General And Administration": 5381000.0,
        "Selling And Marketing Expense": 115000.0,
        "General And Administrative Expense": 5266000.0,
        "Other Gand A": 3653000.0,
        "Insurance And Claims": 363000.0,
        "Salaries And Wages": 1250000.0,
        "Gross Profit": 87000.0,
        "Cost Of Revenue": 11000.0,
        "Total Revenue": 98000.0,
        "Operating Revenue": 98000.0
    }
}