{
    "2023-03-31": {
        "Tax Effect Of Unusual Items": 0.0,
        "Tax Rate For Calcs": 0.0,
        "Normalized EBITDA": -5241000.0,
        "Total Unusual Items": 324000.0,
        "Total Unusual Items Excluding Goodwill": 324000.0,
        "Net Income From Continuing Operation Net Minority Interest": -4917000.0,
        "Reconciled Cost Of Revenue": 71708000.0,
        "EBITDA": -4917000.0,
        "EBIT": -4917000.0,
        "Net Interest Income": 40000.0,
        "Interest Expense": 0.0,
        "Interest Income": 40000.0,
        "Normalized Income": -5241000.0,
        "Net Income From Continuing And Discontinued Operation": -4917000.0,
        "Total Expenses": 79174000.0,
        "Total Operating Income As Reported": -5978000.0,
        "Diluted Average Shares": 10750021.0,
        "Basic Average Shares": 10750021.0,
        "Diluted EPS": -0.457394,
        "Basic EPS": -0.457394,
        "Diluted NI Availto Com Stockholders": -4917000.0,
        "Net Income Common Stockholders": -4917000.0,
        "Net Income": -4917000.0,
        "Minority Interests": 0.0,
        "Net Income Including Noncontrolling Interests": -4917000.0,
        "Net Income Continuous Operations": -4917000.0,
        "Tax Provision": 0.0,
        "Pretax Income": -4917000.0,
        "Other Income Expense": 1345000.0,
        "Other Non Operating Income Expenses": 90000.0,
        "Special Income Charges": 324000.0,
        "Gain On Sale Of Ppe": 1881000.0,
        "Gain On Sale Of Business": NaN,
        "Write Off": 1557000.0,
        "Impairment Of Capital Assets": 0.0,
        "Restructuring And Mergern Acquisition": 0.0,
        "Earnings From Equity Interest": 931000.0,
        "Gain On Sale Of Security": NaN,
        "Net Non Operating Interest Income Expense": 40000.0,
        "Interest Expense Non Operating": 0.0,
        "Interest Income Non Operating": 40000.0,
        "Operating Income": -6302000.0,
        "Operating Expense": 7466000.0,
        "Other Operating Expenses": 857000.0,
        "Selling General And Administration": 6609000.0,
        "Selling And Marketing Expense": 135000.0,
        "General And Administrative Expense": 6474000.0,
        "Other Gand A": 6474000.0,
        "Gross Profit": 1164000.0,
        "Cost Of Revenue": 71708000.0,
        "Total Revenue": 72872000.0,
        "Operating Revenue": 72872000.0
    },
    "2022-12-31": {
        "Tax Effect Of Unusual Items": 0.0,
        "Tax Rate For Calcs": 0.0,
        "Normalized EBITDA": -11664000.0,
        "Total Unusual Items": -97493000.0,
        "Total Unusual Items Excluding Goodwill": -97493000.0,
        "Net Income From Continuing Operation Net Minority Interest": -109157000.0,
        "Reconciled Cost Of Revenue": 62744000.0,
        "EBITDA": -109157000.0,
        "EBIT": -109157000.0,
        "Net Interest Income": 25000.0,
        "Interest Expense": 0.0,
        "Interest Income": 25000.0,
        "Normalized Income": -11664000.0,
        "Net Income From Continuing And Discontinued Operation": -109157000.0,
        "Total Expenses": 73271000.0,
        "Total Operating Income As Reported": -107471000.0,
        "Diluted Average Shares": 10638132.0,
        "Basic Average Shares": 10638132.0,
        "Diluted EPS": -11.6,
        "Basic EPS": -11.6,
        "Diluted NI Availto Com Stockholders": -109157000.0,
        "Net Income Common Stockholders": -109157000.0,
        "Net Income": -109157000.0,
        "Minority Interests": 0.0,
        "Net Income Including Noncontrolling Interests": -109157000.0,
        "Net Income Discontinuous Operations": 0.0,
        "Net Income Continuous Operations": -109157000.0,
        "Tax Provision": 0.0,
        "Pretax Income": -109157000.0,
        "Other Income Expense": -96954000.0,
        "Other Non Operating Income Expenses": 531000.0,
        "Special Income Charges": -97493000.0,
        "Gain On Sale Of Ppe": 5843000.0,
        "Gain On Sale Of Business": 0.0,
        "Write Off": 5571000.0,
        "Impairment Of Capital Assets": 97765000.0,
        "Restructuring And Mergern Acquisition": NaN,
        "Earnings From Equity Interest": 8000.0,
        "Gain On Sale Of Security": NaN,
        "Net Non Operating Interest Income Expense": 25000.0,
        "Interest Expense Non Operating": 0.0,
        "Interest Income Non Operating": 25000.0,
        "Operating Income": -12228000.0,
        "Operating Expense": 10527000.0,
        "Other Operating Expenses": 3878000.0,
        "Selling General And Administration": 2984000.0,
        "Selling And Marketing Expense": 120000.0,
        "General And Administrative Expense": 2864000.0,
        "Other Gand A": 2864000.0,
        "Gross Profit": -1701000.0,
        "Cost Of Revenue": 62744000.0,
        "Total Revenue": 61043000.0,
        "Operating Revenue": 61043000.0
    },
    "2022-09-30": {
        "Tax Effect Of Unusual Items": NaN,
        "Tax Rate For Calcs": NaN,
        "Normalized EBITDA": NaN,
        "Total Unusual Items": NaN,
        "Total Unusual Items Excluding Goodwill": NaN,
        "Net Income From Continuing Operation Net Minority Interest": NaN,
        "Reconciled Cost Of Revenue": NaN,
        "EBITDA": NaN,
        "EBIT": NaN,
        "Net Interest Income": NaN,
        "Interest Expense": 0.0,
        "Interest Income": NaN,
        "Normalized Income": NaN,
        "Net Income From Continuing And Discontinued Operation": NaN,
        "Total Expenses": NaN,
        "Total Operating Income As Reported": NaN,
        "Diluted Average Shares": 9785992.0,
        "Basic Average Shares": 9785992.0,
        "Diluted EPS": -2.0,
        "Basic EPS": -2.0,
        "Diluted NI Availto Com Stockholders": NaN,
        "Net Income Common Stockholders": NaN,
        "Net Income": NaN,
        "Minority Interests": NaN,
        "Net Income Including Noncontrolling Interests": NaN,
        "Net Income Discontinuous Operations": 0.0,
        "Net Income Continuous Operations": NaN,
        "Tax Provision": NaN,
        "Pretax Income": NaN,
        "Other Income Expense": NaN,
        "Other Non Operating Income Expenses": NaN,
        "Special Income Charges": NaN,
        "Gain On Sale Of Ppe": NaN,
        "Gain On Sale Of Business": 3340000.0,
        "Write Off": NaN,
        "Impairment Of Capital Assets": NaN,
        "Restructuring And Mergern Acquisition": NaN,
        "Earnings From Equity Interest": NaN,
        "Gain On Sale Of Security": NaN,
        "Net Non Operating Interest Income Expense": NaN,
        "Interest Expense Non Operating": 0.0,
        "Interest Income Non Operating": NaN,
        "Operating Income": NaN,
        "Operating Expense": NaN,
        "Other Operating Expenses": NaN,
        "Selling General And Administration": NaN,
        "Selling And Marketing Expense": NaN,
        "General And Administrative Expense": NaN,
        "Other Gand A": NaN,
        "Gross Profit": NaN,
        "Cost Of Revenue": NaN,
        "Total Revenue": NaN,
        "Operating Revenue": NaN
    },
    "2022-06-30": {
        "Tax Effect Of Unusual Items": 0.0,
        "Tax Rate For Calcs": 0.0,
        "Normalized EBITDA": -10501000.0,
        "Total Unusual Items": -12699000.0,
        "Total Unusual Items Excluding Goodwill": -12699000.0,
        "Net Income From Continuing Operation Net Minority Interest": -20985000.0,
        "Reconciled Cost Of Revenue": 198721000.0,
        "EBITDA": -23200000.0,
        "EBIT": -23200000.0,
        "Net Interest Income": -10000.0,
        "Interest Expense": 44000.0,
        "Interest Income": 34000.0,
        "Normalized Income": -8286000.0,
        "Net Income From Continuing And Discontinued Operation": -20985000.0,
        "Total Expenses": 206075000.0,
        "Total Operating Income As Reported": -23255000.0,
        "Diluted Average Shares": 7258336.0,
        "Basic Average Shares": 7258336.0,
        "Diluted EPS": -3.0,
        "Basic EPS": -3.0,
        "Diluted NI Availto Com Stockholders": -20985000.0,
        "Net Income Common Stockholders": -20985000.0,
        "Net Income": -20985000.0,
        "Minority Interests": 2259000.0,
        "Net Income Including Noncontrolling Interests": -23244000.0,
        "Net Income Discontinuous Operations": 0.0,
        "Net Income Continuous Operations": -23244000.0,
        "Tax Provision": 0.0,
        "Pretax Income": -23244000.0,
        "Other Income Expense": -12678000.0,
        "Other Non Operating Income Expenses": 22000.0,
        "Special Income Charges": -12699000.0,
        "Gain On Sale Of Ppe": -6916000.0,
        "Gain On Sale Of Business": 0.0,
        "Write Off": 4947000.0,
        "Impairment Of Capital Assets": 836000.0,
        "Restructuring And Mergern Acquisition": 0.0,
        "Earnings From Equity Interest": -1000.0,
        "Gain On Sale Of Security": NaN,
        "Net Non Operating Interest Income Expense": -10000.0,
        "Interest Expense Non Operating": 44000.0,
        "Interest Income Non Operating": 34000.0,
        "Operating Income": -10556000.0,
        "Operating Expense": 7354000.0,
        "Other Operating Expenses": 582000.0,
        "Research And Development": NaN,
        "Selling General And Administration": 6772000.0,
        "Selling And Marketing Expense": 180000.0,
        "General And Administrative Expense": 6592000.0,
        "Other Gand A": 6592000.0,
        "Gross Profit": -3202000.0,
        "Cost Of Revenue": 198721000.0,
        "Total Revenue": 195519000.0,
        "Operating Revenue": 195519000.0
    },
    "2022-03-31": {
        "Diluted EPS": -0.04,
        "Total Revenue": 297,
        "Gross Profit": 9,
        "Operating Income": -2,
        "EBIT": -2,
        "Net Income": 0
    },
    "2021-12-31": {
        "Diluted EPS": -2.62,
        "Total Revenue": 498,
        "Gross Profit": 6,
        "Operating Income": -19,
        "EBIT": -19,
        "Net Income": -13
    },
    "2021-09-30": {
        "Diluted EPS": -5.3,
        "Total Revenue": 393,
        "Gross Profit": -12,
        "Operating Income": -35,
        "EBIT": -35,
        "Net Income": -36
    },
    "2021-06-30": {
        "Diluted EPS": -2.5,
        "Total Revenue": 435,
        "Gross Profit": 9,
        "Operating Income": -15,
        "EBIT": -15,
        "Net Income": -15
    },
    "2021-03-31": {
        "Diluted EPS": 0.4,
        "Total Revenue": 3,
        "Gross Profit": 1,
        "Operating Income": -1,
        "EBIT": -1,
        "Net Income": 2
    },
    "2020-12-31": {
        "Diluted EPS": -2.0,
        "Total Revenue": 1,
        "Gross Profit": 0,
        "Operating Income": 1,
        "EBIT": 1,
        "Net Income": -9
    },
    "2020-09-30": {
        "Diluted EPS": -1.5,
        "Total Revenue": 0,
        "Gross Profit": 0,
        "Operating Income": -5,
        "EBIT": -5,
        "Net Income": -6
    },
    "2020-06-30": {
        "Diluted EPS": -2.8,
        "Total Revenue": 1,
        "Gross Profit": 0,
        "Operating Income": -7,
        "EBIT": -7,
        "Net Income": -12
    },
    "2020-03-31": {
        "Diluted EPS": -1.2,
        "Total Revenue": 0,
        "Gross Profit": 0,
        "Operating Income": -5,
        "EBIT": -5,
        "Net Income": -5
    },
    "2019-12-31": {
        "Diluted EPS": -10.7,
        "Total Revenue": 1,
        "Gross Profit": -1,
        "Operating Income": -44,
        "EBIT": -44,
        "Net Income": -46
    },
    "2019-09-30": {
        "Diluted EPS": -3.1,
        "Total Revenue": 1,
        "Gross Profit": -1,
        "Operating Income": -14,
        "EBIT": -14,
        "Net Income": -13
    },
    "2019-06-30": {
        "Diluted EPS": -4.7,
        "Total Revenue": 2,
        "Gross Profit": -1,
        "Operating Income": -20,
        "EBIT": -20,
        "Net Income": -20
    },
    "2019-03-31": {
        "Diluted EPS": -3.3,
        "Total Revenue": 2,
        "Gross Profit": 0,
        "Operating Income": -14,
        "EBIT": -14,
        "Net Income": -14
    },
    "2018-12-31": {
        "Diluted EPS": -8.3,
        "Total Revenue": 3,
        "Gross Profit": 1,
        "Operating Income": -11,
        "EBIT": -11,
        "Net Income": -33
    },
    "2018-09-30": {
        "Diluted EPS": -3.5,
        "Total Revenue": 4,
        "Gross Profit": 2,
        "Operating Income": -15,
        "EBIT": -15,
        "Net Income": -15
    },
    "2018-06-30": {
        "Diluted EPS": -1.9,
        "Total Revenue": 5,
        "Gross Profit": 2,
        "Operating Income": -12,
        "EBIT": -12,
        "Net Income": -8
    },
    "2018-03-31": {
        "Diluted EPS": -2.3,
        "Total Revenue": 6,
        "Gross Profit": 3,
        "Operating Income": -12,
        "EBIT": -12,
        "Net Income": -9
    },
    "2017-12-31": {
        "Diluted EPS": -5.2,
        "Total Revenue": 8,
        "Gross Profit": 5,
        "Operating Income": -23,
        "EBIT": -23,
        "Net Income": -21
    },
    "2017-09-30": {
        "Diluted EPS": -2.7,
        "Total Revenue": 6,
        "Gross Profit": 4,
        "Operating Income": -11,
        "EBIT": -11,
        "Net Income": -11
    },
    "2017-06-30": {
        "Diluted EPS": -1.9,
        "Total Revenue": 3,
        "Gross Profit": 2,
        "Operating Income": -10,
        "EBIT": -10,
        "Net Income": -8
    },
    "2017-03-31": {
        "Diluted EPS": -2.2,
        "Total Revenue": 3,
        "Gross Profit": 2,
        "Operating Income": -9,
        "EBIT": -9,
        "Net Income": -9
    },
    "2016-12-31": {
        "Diluted EPS": 0.1,
        "Total Revenue": 1,
        "Gross Profit": 1,
        "Operating Income": -12,
        "EBIT": -12,
        "Net Income": 0
    },
    "2016-09-30": {
        "Diluted EPS": -2.7,
        "Total Revenue": NaN,
        "Gross Profit": 0,
        "Operating Income": -12,
        "EBIT": -12,
        "Net Income": -11
    },
    "2016-06-30": {
        "Diluted EPS": -1.0,
        "Total Revenue": 0,
        "Gross Profit": 0,
        "Operating Income": -13,
        "EBIT": -13,
        "Net Income": -4
    },
    "2016-03-31": {
        "Diluted EPS": -3.4,
        "Total Revenue": 0,
        "Gross Profit": 0,
        "Operating Income": -15,
        "EBIT": -15,
        "Net Income": -14
    },
    "2015-12-31": {
        "Diluted EPS": -4.0,
        "Total Revenue": 0,
        "Gross Profit": -1,
        "Operating Income": -9,
        "EBIT": -9,
        "Net Income": -17
    },
    "2015-09-30": {
        "Diluted EPS": -3.0,
        "Total Revenue": NaN,
        "Gross Profit": -1,
        "Operating Income": -12,
        "EBIT": -12,
        "Net Income": -13
    },
    "2015-06-30": {
        "Diluted EPS": -3.7,
        "Total Revenue": NaN,
        "Gross Profit": NaN,
        "Operating Income": -16,
        "EBIT": -16,
        "Net Income": -13
    },
    "2015-03-31": {
        "Diluted EPS": -2.4,
        "Total Revenue": 16,
        "Gross Profit": 14,
        "Operating Income": -9,
        "EBIT": -9,
        "Net Income": -8
    },
    "2014-12-31": {
        "Diluted EPS": 0.7,
        "Total Revenue": 24,
        "Gross Profit": 21,
        "Operating Income": 5,
        "EBIT": 5,
        "Net Income": 2
    },
    "2014-09-30": {
        "Diluted EPS": 1.8,
        "Total Revenue": 31,
        "Gross Profit": 28,
        "Operating Income": 6,
        "EBIT": 6,
        "Net Income": 6
    },
    "2014-06-30": {
        "Diluted EPS": 3.4,
        "Total Revenue": 25,
        "Gross Profit": 23,
        "Operating Income": 9,
        "EBIT": 9,
        "Net Income": 12
    },
    "2014-03-31": {
        "Diluted EPS": 1.2,
        "Total Revenue": 14,
        "Gross Profit": 13,
        "Operating Income": 5,
        "EBIT": 5,
        "Net Income": 4
    },
    "2013-12-31": {
        "Diluted EPS": 4.8,
        "Total Revenue": 16,
        "Gross Profit": 16,
        "Operating Income": 16,
        "EBIT": 16,
        "Net Income": 14
    },
    "2013-09-30": {
        "Diluted EPS": 0.8,
        "Total Revenue": 11,
        "Gross Profit": 11,
        "Operating Income": 11,
        "EBIT": 11,
        "Net Income": 2
    },
    "2013-06-30": {
        "Diluted EPS": 0.8,
        "Total Revenue": 9,
        "Gross Profit": 9,
        "Operating Income": 9,
        "EBIT": 9,
        "Net Income": 2
    },
    "2013-03-31": {
        "Diluted EPS": -0.3,
        "Total Revenue": 6,
        "Gross Profit": 6,
        "Operating Income": 6,
        "EBIT": 6,
        "Net Income": -1
    },
    "2012-12-31": {
        "Diluted EPS": 0.0,
        "Total Revenue": NaN,
        "Gross Profit": NaN,
        "Operating Income": NaN,
        "EBIT": NaN,
        "Net Income": NaN
    },
    "2023-06-30": {
        "Tax Effect Of Unusual Items": 0.0,
        "Tax Rate For Calcs": 0.0,
        "Normalized EBITDA": -3435000.0,
        "Total Unusual Items": 2501000.0,
        "Total Unusual Items Excluding Goodwill": 2501000.0,
        "Net Income From Continuing Operation Net Minority Interest": -934000.0,
        "Reconciled Cost Of Revenue": 72943000.0,
        "EBITDA": -934000.0,
        "EBIT": -934000.0,
        "Net Interest Income": 2000.0,
        "Interest Expense": 0.0,
        "Interest Income": 2000.0,
        "Normalized Income": -3435000.0,
        "Net Income From Continuing And Discontinued Operation": -934000.0,
        "Total Expenses": 77827000.0,
        "Total Operating Income As Reported": -1536000.0,
        "Diluted Average Shares": NaN,
        "Basic Average Shares": NaN,
        "Diluted EPS": NaN,
        "Basic EPS": NaN,
        "Diluted NI Availto Com Stockholders": -934000.0,
        "Net Income Common Stockholders": -934000.0,
        "Net Income": -934000.0,
        "Minority Interests": 0.0,
        "Net Income Including Noncontrolling Interests": -934000.0,
        "Net Income Continuous Operations": -934000.0,
        "Tax Provision": 0.0,
        "Pretax Income": -934000.0,
        "Other Income Expense": 2826000.0,
        "Other Non Operating Income Expenses": 317000.0,
        "Special Income Charges": 2226000.0,
        "Gain On Sale Of Ppe": 3923000.0,
        "Gain On Sale Of Business": NaN,
        "Write Off": 1697000.0,
        "Impairment Of Capital Assets": 0.0,
        "Restructuring And Mergern Acquisition": 0.0,
        "Earnings From Equity Interest": 8000.0,
        "Gain On Sale Of Security": 275000.0,
        "Net Non Operating Interest Income Expense": 2000.0,
        "Interest Expense Non Operating": 0.0,
        "Interest Income Non Operating": 2000.0,
        "Operating Income": -3762000.0,
        "Operating Expense": 4884000.0,
        "Other Operating Expenses": 119000.0,
        "Selling General And Administration": 4765000.0,
        "Selling And Marketing Expense": 131000.0,
        "General And Administrative Expense": 4634000.0,
        "Other Gand A": 4634000.0,
        "Gross Profit": 1122000.0,
        "Cost Of Revenue": 72943000.0,
        "Total Revenue": 74065000.0,
        "Operating Revenue": 74065000.0
    },
    "2023-09-30": {
        "Tax Effect Of Unusual Items": 0.0,
        "Tax Rate For Calcs": 0.0,
        "Normalized EBITDA": -4036000.0,
        "Total Unusual Items": -259000.0,
        "Total Unusual Items Excluding Goodwill": -259000.0,
        "Net Income From Continuing Operation Net Minority Interest": -4359000.0,
        "Reconciled Cost Of Revenue": 75843000.0,
        "EBITDA": -4295000.0,
        "EBIT": -4295000.0,
        "Net Interest Income": 200000.0,
        "Interest Income": 200000.0,
        "Normalized Income": -4100000.0,
        "Net Income From Continuing And Discontinued Operation": -4359000.0,
        "Total Expenses": 81312000.0,
        "Total Operating Income As Reported": -3746000.0,
        "Diluted Average Shares": 11112323.0,
        "Basic Average Shares": 11112323.0,
        "Diluted EPS": -0.392267,
        "Basic EPS": -0.392267,
        "Diluted NI Availto Com Stockholders": -4359000.0,
        "Net Income Common Stockholders": -4359000.0,
        "Net Income": -4359000.0,
        "Minority Interests": 0.0,
        "Net Income Including Noncontrolling Interests": -4359000.0,
        "Net Income Continuous Operations": -4359000.0,
        "Tax Provision": 0.0,
        "Pretax Income": -4359000.0,
        "Other Income Expense": -264000.0,
        "Other Non Operating Income Expenses": -5000.0,
        "Special Income Charges": 549000.0,
        "Gain On Sale Of Ppe": 1754000.0,
        "Gain On Sale Of Business": 0.0,
        "Write Off": 1205000.0,
        "Impairment Of Capital Assets": 0.0,
        "Earnings From Equity Interest": 0.0,
        "Gain On Sale Of Security": -808000.0,
        "Net Non Operating Interest Income Expense": 200000.0,
        "Interest Income Non Operating": 200000.0,
        "Operating Income": -4295000.0,
        "Operating Expense": 5469000.0,
        "Other Operating Expenses": 1106000.0,
        "Selling General And Administration": 4363000.0,
        "Selling And Marketing Expense": 115000.0,
        "General And Administrative Expense": 4248000.0,
        "Other Gand A": 4248000.0,
        "Gross Profit": 1174000.0,
        "Cost Of Revenue": 75843000.0,
        "Total Revenue": 77017000.0,
        "Operating Revenue": 77017000.0
    },
    "2023-12-31": {
        "Tax Effect Of Unusual Items": 0.0,
        "Tax Rate For Calcs": 0.0,
        "Normalized EBITDA": -16558000.0,
        "Total Unusual Items": 1320000.0,
        "Total Unusual Items Excluding Goodwill": 1320000.0,
        "Net Income From Continuing Operation Net Minority Interest": -15174000.0,
        "Reconciled Cost Of Revenue": -180439000.0,
        "EBITDA": -15238000.0,
        "EBIT": -15238000.0,
        "Net Interest Income": 0.0,
        "Interest Income": 0.0,
        "Normalized Income": -16494000.0,
        "Net Income From Continuing And Discontinued Operation": -18500000.0,
        "Total Expenses": -165304000.0,
        "Total Operating Income As Reported": -13933000.0,
        "Diluted Average Shares": 11112323.0,
        "Basic Average Shares": 11112323.0,
        "Diluted EPS": 0.0,
        "Basic EPS": 0.0,
        "Diluted NI Availto Com Stockholders": -18500000.0,
        "Net Income Common Stockholders": -18500000.0,
        "Net Income": -18500000.0,
        "Minority Interests": 0.0,
        "Net Income Including Noncontrolling Interests": -18500000.0,
        "Net Income Continuous Operations": -15174000.0,
        "Tax Provision": 0.0,
        "Pretax Income": -15174000.0,
        "Other Income Expense": 375000.0,
        "Other Non Operating Income Expenses": 289000.0,
        "Special Income Charges": 208000.0,
        "Gain On Sale Of Ppe": -484000.0,
        "Write Off": -692000.0,
        "Impairment Of Capital Assets": 0.0,
        "Earnings From Equity Interest": -1234000.0,
        "Gain On Sale Of Security": 1112000.0,
        "Net Non Operating Interest Income Expense": 0.0,
        "Interest Income Non Operating": 0.0,
        "Operating Income": -15549000.0,
        "Operating Expense": 15135000.0,
        "Other Operating Expenses": 11380000.0,
        "Selling General And Administration": 2881000.0,
        "Selling And Marketing Expense": -228000.0,
        "General And Administrative Expense": 3109000.0,
        "Other Gand A": 3109000.0,
        "Gross Profit": -414000.0,
        "Cost Of Revenue": -180439000.0,
        "Total Revenue": -180853000.0,
        "Operating Revenue": -180853000.0
    },
    "2024-12-31": {
        "Tax Effect Of Unusual Items": NaN,
        "Tax Rate For Calcs": NaN,
        "Normalized EBITDA": NaN,
        "Total Unusual Items": NaN,
        "Total Unusual Items Excluding Goodwill": NaN,
        "Net Income From Continuing Operation Net Minority Interest": NaN,
        "Reconciled Cost Of Revenue": NaN,
        "EBITDA": NaN,
        "EBIT": NaN,
        "Net Interest Income": NaN,
        "Interest Income": NaN,
        "Normalized Income": NaN,
        "Net Income From Continuing And Discontinued Operation": NaN,
        "Total Expenses": NaN,
        "Total Operating Income As Reported": NaN,
        "Diluted Average Shares": 12933509.0,
        "Basic Average Shares": 12933509.0,
        "Diluted EPS": 0.0,
        "Basic EPS": 0.0,
        "Diluted NI Availto Com Stockholders": NaN,
        "Net Income Common Stockholders": NaN,
        "Net Income": NaN,
        "Minority Interests": NaN,
        "Net Income Including Noncontrolling Interests": NaN,
        "Net Income Continuous Operations": NaN,
        "Tax Provision": NaN,
        "Pretax Income": NaN,
        "Other Income Expense": NaN,
        "Other Non Operating Income Expenses": NaN,
        "Special Income Charges": NaN,
        "Gain On Sale Of Ppe": NaN,
        "Write Off": NaN,
        "Impairment Of Capital Assets": NaN,
        "Earnings From Equity Interest": NaN,
        "Gain On Sale Of Security": NaN,
        "Net Non Operating Interest Income Expense": NaN,
        "Interest Income Non Operating": NaN,
        "Operating Income": NaN,
        "Operating Expense": NaN,
        "Other Operating Expenses": NaN,
        "Selling General And Administration": NaN,
        "Selling And Marketing Expense": NaN,
        "General And Administrative Expense": NaN,
        "Other Gand A": NaN,
        "Gross Profit": NaN,
        "Cost Of Revenue": NaN,
        "Total Revenue": NaN,
        "Operating Revenue": NaN
    }
}