{
    "2024-03-31": {
        "Tax Effect Of Unusual Items": 0.0,
        "Tax Rate For Calcs": 0.0,
        "Normalized EBITDA": -193000.0,
        "Total Unusual Items": 330000.0,
        "Total Unusual Items Excluding Goodwill": 330000.0,
        "Net Income From Continuing Operation Net Minority Interest": -731000.0,
        "Reconciled Depreciation": 862000.0,
        "Reconciled Cost Of Revenue": 2778000.0,
        "EBITDA": 137000.0,
        "EBIT": -725000.0,
        "Net Interest Income": -6000.0,
        "Interest Expense": 6000.0,
        "Interest Income": NaN,
        "Normalized Income": -1061000.0,
        "Net Income From Continuing And Discontinued Operation": -731000.0,
        "Total Expenses": 3719000.0,
        "Total Operating Income As Reported": -1069000.0,
        "Diluted Average Shares": 2440706.0,
        "Basic Average Shares": 2440706.0,
        "Diluted EPS": -0.3,
        "Basic EPS": -0.3,
        "Diluted NI Availto Com Stockholders": -731000.0,
        "Net Income Common Stockholders": -731000.0,
        "Net Income": -731000.0,
        "Net Income Including Noncontrolling Interests": -731000.0,
        "Net Income Continuous Operations": -731000.0,
        "Tax Provision": 0.0,
        "Pretax Income": -731000.0,
        "Other Income Expense": 344000.0,
        "Other Non Operating Income Expenses": -1000.0,
        "Special Income Charges": 330000.0,
        "Gain On Sale Of Ppe": 330000.0,
        "Earnings From Equity Interest": 15000.0,
        "Gain On Sale Of Security": 330000.0,
        "Net Non Operating Interest Income Expense": -6000.0,
        "Interest Expense Non Operating": 6000.0,
        "Interest Income Non Operating": NaN,
        "Operating Income": -1069000.0,
        "Operating Expense": 941000.0,
        "Selling General And Administration": 941000.0,
        "Selling And Marketing Expense": 35000.0,
        "General And Administrative Expense": 906000.0,
        "Other Gand A": 906000.0,
        "Gross Profit": -128000.0,
        "Cost Of Revenue": 2778000.0,
        "Total Revenue": 2650000.0,
        "Operating Revenue": 2650000.0
    },
    "2023-06-30": {
        "Tax Effect Of Unusual Items": NaN,
        "Tax Rate For Calcs": NaN,
        "Normalized EBITDA": NaN,
        "Net Income From Continuing Operation Net Minority Interest": NaN,
        "Reconciled Depreciation": NaN,
        "Reconciled Cost Of Revenue": NaN,
        "EBITDA": NaN,
        "EBIT": NaN,
        "Net Interest Income": NaN,
        "Interest Expense": NaN,
        "Interest Income": 1000.0,
        "Normalized Income": NaN,
        "Net Income From Continuing And Discontinued Operation": NaN,
        "Total Expenses": NaN,
        "Total Operating Income As Reported": NaN,
        "Diluted Average Shares": 1285549.0,
        "Basic Average Shares": 1285549.0,
        "Diluted EPS": -0.11,
        "Basic EPS": -0.11,
        "Diluted NI Availto Com Stockholders": NaN,
        "Net Income Common Stockholders": NaN,
        "Net Income": NaN,
        "Net Income Including Noncontrolling Interests": NaN,
        "Net Income Continuous Operations": NaN,
        "Tax Provision": NaN,
        "Pretax Income": NaN,
        "Other Income Expense": NaN,
        "Other Non Operating Income Expenses": NaN,
        "Earnings From Equity Interest": NaN,
        "Net Non Operating Interest Income Expense": NaN,
        "Interest Expense Non Operating": NaN,
        "Interest Income Non Operating": 1000.0,
        "Operating Income": NaN,
        "Operating Expense": NaN,
        "Selling General And Administration": NaN,
        "Selling And Marketing Expense": NaN,
        "General And Administrative Expense": NaN,
        "Other Gand A": NaN,
        "Gross Profit": NaN,
        "Cost Of Revenue": NaN,
        "Total Revenue": NaN,
        "Operating Revenue": NaN
    },
    "2023-03-31": {
        "Tax Effect Of Unusual Items": 0.0,
        "Tax Rate For Calcs": 0.0,
        "Normalized EBITDA": -111000.0,
        "Net Income From Continuing Operation Net Minority Interest": -980000.0,
        "Reconciled Depreciation": 839000.0,
        "Reconciled Cost Of Revenue": 1250000.0,
        "EBITDA": -111000.0,
        "EBIT": -950000.0,
        "Net Interest Income": -30000.0,
        "Interest Expense": 30000.0,
        "Interest Income": NaN,
        "Normalized Income": -980000.0,
        "Net Income From Continuing And Discontinued Operation": -980000.0,
        "Total Expenses": 1907000.0,
        "Total Operating Income As Reported": -1000000.0,
        "Diluted Average Shares": 1173662.0,
        "Basic Average Shares": 1173662.0,
        "Diluted EPS": -0.83,
        "Basic EPS": -0.83,
        "Diluted NI Availto Com Stockholders": -980000.0,
        "Net Income Common Stockholders": -980000.0,
        "Net Income": -980000.0,
        "Net Income Including Noncontrolling Interests": -980000.0,
        "Net Income Continuous Operations": -980000.0,
        "Tax Provision": 0.0,
        "Pretax Income": -980000.0,
        "Other Income Expense": 50000.0,
        "Other Non Operating Income Expenses": 50000.0,
        "Earnings From Equity Interest": 0.0,
        "Net Non Operating Interest Income Expense": -30000.0,
        "Interest Expense Non Operating": 30000.0,
        "Interest Income Non Operating": NaN,
        "Operating Income": -1000000.0,
        "Operating Expense": 657000.0,
        "Selling General And Administration": 657000.0,
        "Selling And Marketing Expense": 128000.0,
        "General And Administrative Expense": 529000.0,
        "Other Gand A": 529000.0,
        "Gross Profit": -343000.0,
        "Cost Of Revenue": 1250000.0,
        "Total Revenue": 907000.0,
        "Operating Revenue": 907000.0
    },
    "2024-06-30": {
        "Tax Effect Of Unusual Items": 0.0,
        "Tax Rate For Calcs": 0.0,
        "Normalized EBITDA": 298000.0,
        "Total Unusual Items": -74000.0,
        "Total Unusual Items Excluding Goodwill": -74000.0,
        "Net Income From Continuing Operation Net Minority Interest": -704000.0,
        "Reconciled Depreciation": 919000.0,
        "Reconciled Cost Of Revenue": 2543000.0,
        "EBITDA": 224000.0,
        "EBIT": -695000.0,
        "Net Interest Income": -9000.0,
        "Interest Expense": 9000.0,
        "Interest Income": 0.0,
        "Normalized Income": -630000.0,
        "Net Income From Continuing And Discontinued Operation": -704000.0,
        "Total Expenses": 2957000.0,
        "Total Operating Income As Reported": -628000.0,
        "Diluted Average Shares": 2610785.0,
        "Basic Average Shares": 2610785.0,
        "Diluted EPS": -0.27,
        "Basic EPS": -0.27,
        "Diluted NI Availto Com Stockholders": -704000.0,
        "Net Income Common Stockholders": -704000.0,
        "Net Income": -704000.0,
        "Net Income Including Noncontrolling Interests": -704000.0,
        "Net Income Continuous Operations": -704000.0,
        "Tax Provision": 0.0,
        "Pretax Income": -704000.0,
        "Other Income Expense": -67000.0,
        "Other Non Operating Income Expenses": -3000.0,
        "Special Income Charges": -74000.0,
        "Gain On Sale Of Ppe": -74000.0,
        "Earnings From Equity Interest": 10000.0,
        "Gain On Sale Of Security": -74000.0,
        "Net Non Operating Interest Income Expense": -9000.0,
        "Interest Expense Non Operating": 9000.0,
        "Interest Income Non Operating": 0.0,
        "Operating Income": -628000.0,
        "Operating Expense": 414000.0,
        "Selling General And Administration": 414000.0,
        "Selling And Marketing Expense": 61000.0,
        "General And Administrative Expense": 353000.0,
        "Other Gand A": 353000.0,
        "Gross Profit": -214000.0,
        "Cost Of Revenue": 2543000.0,
        "Total Revenue": 2329000.0,
        "Operating Revenue": 2329000.0
    },
    "2024-09-30": {
        "Tax Effect Of Unusual Items": 0.0,
        "Tax Rate For Calcs": 0.0,
        "Normalized EBITDA": 425000.0,
        "Total Unusual Items": -75000.0,
        "Total Unusual Items Excluding Goodwill": -75000.0,
        "Net Income From Continuing Operation Net Minority Interest": -571000.0,
        "Reconciled Depreciation": 919000.0,
        "Reconciled Cost Of Revenue": 2820000.0,
        "EBITDA": 350000.0,
        "EBIT": -569000.0,
        "Net Interest Income": -2000.0,
        "Interest Expense": 2000.0,
        "Interest Income": 0.0,
        "Normalized Income": -496000.0,
        "Net Income From Continuing And Discontinued Operation": -571000.0,
        "Total Expenses": 3101000.0,
        "Total Operating Income As Reported": -542000.0,
        "Diluted Average Shares": 2695568.0,
        "Basic Average Shares": 2695568.0,
        "Diluted EPS": -0.21,
        "Basic EPS": -0.21,
        "Diluted NI Availto Com Stockholders": -571000.0,
        "Net Income Common Stockholders": -571000.0,
        "Net Income": -571000.0,
        "Net Income Including Noncontrolling Interests": -571000.0,
        "Net Income Continuous Operations": -571000.0,
        "Tax Provision": 0.0,
        "Pretax Income": -571000.0,
        "Other Income Expense": -27000.0,
        "Other Non Operating Income Expenses": -2000.0,
        "Special Income Charges": -75000.0,
        "Gain On Sale Of Ppe": -75000.0,
        "Earnings From Equity Interest": 50000.0,
        "Gain On Sale Of Security": -75000.0,
        "Net Non Operating Interest Income Expense": -2000.0,
        "Interest Expense Non Operating": 2000.0,
        "Interest Income Non Operating": 0.0,
        "Operating Income": -542000.0,
        "Operating Expense": 281000.0,
        "Selling General And Administration": 281000.0,
        "Selling And Marketing Expense": 63000.0,
        "General And Administrative Expense": 218000.0,
        "Other Gand A": 218000.0,
        "Gross Profit": -261000.0,
        "Cost Of Revenue": 2820000.0,
        "Total Revenue": 2559000.0,
        "Operating Revenue": 2559000.0
    },
    "2023-12-31": {
        "Tax Effect Of Unusual Items": 0.0,
        "Tax Rate For Calcs": 0.0,
        "Normalized EBITDA": 146000.0,
        "Net Income From Continuing Operation Net Minority Interest": -702000.0,
        "Reconciled Depreciation": 846000.0,
        "Reconciled Cost Of Revenue": 1428000.0,
        "EBITDA": 146000.0,
        "EBIT": -700000.0,
        "Net Interest Income": -2000.0,
        "Interest Expense": 2000.0,
        "Interest Income": 0.0,
        "Normalized Income": -702000.0,
        "Net Income From Continuing And Discontinued Operation": -702000.0,
        "Total Expenses": 1632000.0,
        "Total Operating Income As Reported": -688000.0,
        "Diluted Average Shares": NaN,
        "Basic Average Shares": NaN,
        "Diluted EPS": NaN,
        "Basic EPS": NaN,
        "Diluted NI Availto Com Stockholders": -702000.0,
        "Net Income Common Stockholders": -702000.0,
        "Net Income": -702000.0,
        "Net Income Including Noncontrolling Interests": -702000.0,
        "Net Income Continuous Operations": -702000.0,
        "Tax Provision": 0.0,
        "Pretax Income": -702000.0,
        "Other Income Expense": -12000.0,
        "Other Non Operating Income Expenses": -18000.0,
        "Earnings From Equity Interest": 6000.0,
        "Net Non Operating Interest Income Expense": -2000.0,
        "Interest Expense Non Operating": 2000.0,
        "Interest Income Non Operating": 0.0,
        "Operating Income": -688000.0,
        "Operating Expense": 204000.0,
        "Selling General And Administration": 204000.0,
        "Selling And Marketing Expense": 27000.0,
        "General And Administrative Expense": 177000.0,
        "Other Gand A": 177000.0,
        "Gross Profit": -484000.0,
        "Cost Of Revenue": 1428000.0,
        "Total Revenue": 944000.0,
        "Operating Revenue": 944000.0
    },
    "2023-09-30": {
        "Tax Effect Of Unusual Items": NaN,
        "Tax Rate For Calcs": NaN,
        "Normalized EBITDA": NaN,
        "Net Income From Continuing Operation Net Minority Interest": NaN,
        "Reconciled Depreciation": NaN,
        "Reconciled Cost Of Revenue": NaN,
        "EBITDA": NaN,
        "EBIT": NaN,
        "Net Interest Income": NaN,
        "Interest Expense": NaN,
        "Interest Income": 0.0,
        "Normalized Income": NaN,
        "Net Income From Continuing And Discontinued Operation": NaN,
        "Total Expenses": NaN,
        "Total Operating Income As Reported": NaN,
        "Diluted Average Shares": 1593789.0,
        "Basic Average Shares": 1593789.0,
        "Diluted EPS": -0.63,
        "Basic EPS": -0.63,
        "Diluted NI Availto Com Stockholders": NaN,
        "Net Income Common Stockholders": NaN,
        "Net Income": NaN,
        "Net Income Including Noncontrolling Interests": NaN,
        "Net Income Continuous Operations": NaN,
        "Tax Provision": NaN,
        "Pretax Income": NaN,
        "Other Income Expense": NaN,
        "Other Non Operating Income Expenses": NaN,
        "Earnings From Equity Interest": NaN,
        "Net Non Operating Interest Income Expense": NaN,
        "Interest Expense Non Operating": NaN,
        "Interest Income Non Operating": 0.0,
        "Operating Income": NaN,
        "Operating Expense": NaN,
        "Selling General And Administration": NaN,
        "Selling And Marketing Expense": NaN,
        "General And Administrative Expense": NaN,
        "Other Gand A": NaN,
        "Gross Profit": NaN,
        "Cost Of Revenue": NaN,
        "Total Revenue": NaN,
        "Operating Revenue": NaN
    },
    "2024-12-31": {
        "Tax Effect Of Unusual Items": 0.0,
        "Tax Rate For Calcs": 0.0,
        "Normalized EBITDA": 497000.0,
        "Total Unusual Items": 532000.0,
        "Total Unusual Items Excluding Goodwill": 532000.0,
        "Net Income From Continuing Operation Net Minority Interest": 17000.0,
        "Reconciled Depreciation": 981000.0,
        "Reconciled Cost Of Revenue": 3419000.0,
        "EBITDA": 1029000.0,
        "EBIT": 48000.0,
        "Net Interest Income": -31000.0,
        "Interest Expense": 31000.0,
        "Interest Income": 0.0,
        "Normalized Income": -515000.0,
        "Net Income From Continuing And Discontinued Operation": 17000.0,
        "Total Expenses": 4576000.0,
        "Total Operating Income As Reported": -439000.0,
        "Diluted Average Shares": NaN,
        "Basic Average Shares": NaN,
        "Diluted EPS": NaN,
        "Basic EPS": NaN,
        "Diluted NI Availto Com Stockholders": 17000.0,
        "Net Income Common Stockholders": 17000.0,
        "Net Income": 17000.0,
        "Net Income Including Noncontrolling Interests": 17000.0,
        "Net Income Continuous Operations": 17000.0,
        "Tax Provision": 0.0,
        "Pretax Income": 17000.0,
        "Other Income Expense": 487000.0,
        "Other Non Operating Income Expenses": -45000.0,
        "Special Income Charges": 532000.0,
        "Gain On Sale Of Ppe": 532000.0,
        "Earnings From Equity Interest": 0.0,
        "Gain On Sale Of Security": 532000.0,
        "Net Non Operating Interest Income Expense": -31000.0,
        "Interest Expense Non Operating": 31000.0,
        "Interest Income Non Operating": 0.0,
        "Operating Income": -439000.0,
        "Operating Expense": 1157000.0,
        "Selling General And Administration": 1157000.0,
        "Selling And Marketing Expense": 196000.0,
        "General And Administrative Expense": 961000.0,
        "Other Gand A": 961000.0,
        "Gross Profit": 718000.0,
        "Cost Of Revenue": 3419000.0,
        "Total Revenue": 4137000.0,
        "Operating Revenue": 4137000.0
    }
}