{
    "2023-03-31": {
        "Tax Effect Of Unusual Items": 0.0,
        "Tax Rate For Calcs": 0.0,
        "Normalized EBITDA": -2226190.0,
        "Total Unusual Items": -13902.0,
        "Total Unusual Items Excluding Goodwill": -13902.0,
        "Net Income From Continuing Operation Net Minority Interest": -4672228.0,
        "Reconciled Depreciation": 1488.0,
        "Reconciled Cost Of Revenue": 1207734.0,
        "EBITDA": -2240092.0,
        "EBIT": -2241580.0,
        "Net Interest Income": -2430648.0,
        "Interest Expense": 2430648.0,
        "Interest Income": NaN,
        "Normalized Income": -4658326.0,
        "Net Income From Continuing And Discontinued Operation": -4672228.0,
        "Total Expenses": 4990698.0,
        "Total Operating Income As Reported": NaN,
        "Diluted Average Shares": NaN,
        "Basic Average Shares": NaN,
        "Diluted EPS": NaN,
        "Basic EPS": NaN,
        "Diluted NI Availto Com Stockholders": -4857438.0,
        "Net Income Common Stockholders": -4857438.0,
        "Preferred Stock Dividends": 185210.0,
        "Net Income": -4672228.0,
        "Net Income Including Noncontrolling Interests": -4672228.0,
        "Net Income Continuous Operations": -4672228.0,
        "Tax Provision": 0.0,
        "Pretax Income": -4672228.0,
        "Other Income Expense": 6683.0,
        "Other Non Operating Income Expenses": 20585.0,
        "Special Income Charges": NaN,
        "Other Special Charges": NaN,
        "Gain On Sale Of Security": -13902.0,
        "Net Non Operating Interest Income Expense": -2430648.0,
        "Interest Expense Non Operating": 2430648.0,
        "Interest Income Non Operating": NaN,
        "Operating Income": -2248263.0,
        "Operating Expense": 3782964.0,
        "Research And Development": 703329.0,
        "Selling General And Administration": 3079635.0,
        "General And Administrative Expense": 3079635.0,
        "Other Gand A": 3079635.0,
        "Gross Profit": 1534701.0,
        "Cost Of Revenue": 1207734.0,
        "Total Revenue": 2742435.0,
        "Operating Revenue": 2742435.0
    },
    "2022-12-31": {
        "Tax Effect Of Unusual Items": NaN,
        "Tax Rate For Calcs": NaN,
        "Normalized EBITDA": NaN,
        "Total Unusual Items": NaN,
        "Total Unusual Items Excluding Goodwill": NaN,
        "Net Income From Continuing Operation Net Minority Interest": NaN,
        "Reconciled Depreciation": NaN,
        "Reconciled Cost Of Revenue": NaN,
        "EBITDA": NaN,
        "EBIT": NaN,
        "Net Interest Income": NaN,
        "Interest Expense": NaN,
        "Interest Income": 6278.0,
        "Normalized Income": NaN,
        "Net Income From Continuing And Discontinued Operation": NaN,
        "Total Expenses": NaN,
        "Total Operating Income As Reported": -3838458.0,
        "Diluted Average Shares": 8690506.0,
        "Basic Average Shares": 8690506.0,
        "Diluted EPS": -0.546,
        "Basic EPS": -0.546,
        "Diluted NI Availto Com Stockholders": NaN,
        "Net Income Common Stockholders": NaN,
        "Preferred Stock Dividends": NaN,
        "Net Income": NaN,
        "Net Income Including Noncontrolling Interests": NaN,
        "Net Income Continuous Operations": NaN,
        "Tax Provision": NaN,
        "Pretax Income": NaN,
        "Other Income Expense": NaN,
        "Other Non Operating Income Expenses": NaN,
        "Special Income Charges": -126158.0,
        "Other Special Charges": 126158.0,
        "Gain On Sale Of Security": NaN,
        "Net Non Operating Interest Income Expense": NaN,
        "Interest Expense Non Operating": NaN,
        "Interest Income Non Operating": 6278.0,
        "Operating Income": NaN,
        "Operating Expense": NaN,
        "Research And Development": NaN,
        "Selling General And Administration": NaN,
        "General And Administrative Expense": 4777366.0,
        "Other Gand A": 4777366.0,
        "Gross Profit": NaN,
        "Cost Of Revenue": NaN,
        "Total Revenue": NaN,
        "Operating Revenue": NaN
    },
    "2022-09-30": {
        "Tax Effect Of Unusual Items": NaN,
        "Tax Rate For Calcs": NaN,
        "Normalized EBITDA": NaN,
        "Total Unusual Items": NaN,
        "Total Unusual Items Excluding Goodwill": NaN,
        "Net Income From Continuing Operation Net Minority Interest": NaN,
        "Reconciled Depreciation": NaN,
        "Reconciled Cost Of Revenue": NaN,
        "EBITDA": NaN,
        "EBIT": NaN,
        "Net Interest Income": NaN,
        "Interest Expense": NaN,
        "Interest Income": NaN,
        "Normalized Income": NaN,
        "Net Income From Continuing And Discontinued Operation": NaN,
        "Total Expenses": NaN,
        "Total Operating Income As Reported": NaN,
        "Diluted Average Shares": 8642937.0,
        "Basic Average Shares": 8642937.0,
        "Diluted EPS": -0.567,
        "Basic EPS": -0.567,
        "Diluted NI Availto Com Stockholders": NaN,
        "Net Income Common Stockholders": NaN,
        "Preferred Stock Dividends": NaN,
        "Net Income": NaN,
        "Net Income Including Noncontrolling Interests": NaN,
        "Net Income Continuous Operations": NaN,
        "Tax Provision": NaN,
        "Pretax Income": NaN,
        "Other Income Expense": NaN,
        "Other Non Operating Income Expenses": NaN,
        "Special Income Charges": NaN,
        "Other Special Charges": NaN,
        "Gain On Sale Of Security": NaN,
        "Net Non Operating Interest Income Expense": NaN,
        "Interest Expense Non Operating": NaN,
        "Interest Income Non Operating": NaN,
        "Operating Income": NaN,
        "Operating Expense": NaN,
        "Research And Development": NaN,
        "Selling General And Administration": NaN,
        "General And Administrative Expense": 4883861.0,
        "Other Gand A": 4883861.0,
        "Gross Profit": NaN,
        "Cost Of Revenue": NaN,
        "Total Revenue": NaN,
        "Operating Revenue": NaN
    },
    "2022-06-30": {
        "Tax Effect Of Unusual Items": 0.0,
        "Tax Rate For Calcs": 0.0,
        "Normalized EBITDA": -4526470.0,
        "Total Unusual Items": -198224.0,
        "Total Unusual Items Excluding Goodwill": -198224.0,
        "Net Income From Continuing Operation Net Minority Interest": -4776252.0,
        "Reconciled Depreciation": 1488.0,
        "Reconciled Cost Of Revenue": 830923.0,
        "EBITDA": -4724694.0,
        "EBIT": -4726182.0,
        "Net Interest Income": -50070.0,
        "Interest Expense": 50070.0,
        "Normalized Income": -4578028.0,
        "Net Income From Continuing And Discontinued Operation": -4776252.0,
        "Total Expenses": 6533102.0,
        "Diluted Average Shares": 8573490.0,
        "Basic Average Shares": 8573490.0,
        "Diluted EPS": -0.588,
        "Basic EPS": -0.588,
        "Diluted NI Availto Com Stockholders": -5024389.0,
        "Net Income Common Stockholders": -5024389.0,
        "Preferred Stock Dividends": 248137.0,
        "Net Income": -4776252.0,
        "Net Income Including Noncontrolling Interests": -4776252.0,
        "Net Income Continuous Operations": -4776252.0,
        "Tax Provision": 0.0,
        "Pretax Income": -4776252.0,
        "Other Income Expense": -249132.0,
        "Other Non Operating Income Expenses": -50908.0,
        "Gain On Sale Of Security": -198224.0,
        "Net Non Operating Interest Income Expense": -50070.0,
        "Interest Expense Non Operating": 50070.0,
        "Operating Income": -4477050.0,
        "Operating Expense": 5702179.0,
        "Research And Development": 821176.0,
        "Selling General And Administration": 4881003.0,
        "General And Administrative Expense": 4881003.0,
        "Other Gand A": 4881003.0,
        "Gross Profit": 1225129.0,
        "Cost Of Revenue": 830923.0,
        "Total Revenue": 2056052.0,
        "Operating Revenue": 2056052.0
    },
    "2022-03-31": {
        "Diluted EPS": -0.65,
        "Total Revenue": 2,
        "Gross Profit": 1,
        "Operating Income": -4,
        "EBIT": -3,
        "Net Income": -6
    },
    "2021-12-31": {
        "Diluted EPS": -0.89,
        "Total Revenue": 2,
        "Gross Profit": 1,
        "Operating Income": -5,
        "EBIT": -3,
        "Net Income": -7
    },
    "2021-09-30": {
        "Diluted EPS": -1.54,
        "Total Revenue": 2,
        "Gross Profit": 1,
        "Operating Income": -5,
        "EBIT": 0,
        "Net Income": -11
    },
    "2021-06-30": {
        "Diluted EPS": -0.91,
        "Total Revenue": 2,
        "Gross Profit": 1,
        "Operating Income": -3,
        "EBIT": -1,
        "Net Income": -6
    },
    "2021-03-31": {
        "Diluted EPS": -0.9,
        "Total Revenue": 1,
        "Gross Profit": 1,
        "Operating Income": -3,
        "EBIT": -1,
        "Net Income": -6
    },
    "2020-12-31": {
        "Diluted EPS": -0.67,
        "Total Revenue": 1,
        "Gross Profit": 0,
        "Operating Income": -4,
        "EBIT": -3,
        "Net Income": -4
    },
    "2020-09-30": {
        "Diluted EPS": -0.51,
        "Total Revenue": 1,
        "Gross Profit": 0,
        "Operating Income": -3,
        "EBIT": -3,
        "Net Income": -3
    },
    "2020-06-30": {
        "Diluted EPS": -0.55,
        "Total Revenue": 0,
        "Gross Profit": 0,
        "Operating Income": -3,
        "EBIT": -3,
        "Net Income": -3
    },
    "2020-03-31": {
        "Diluted EPS": -0.8,
        "Total Revenue": 0,
        "Gross Profit": 0,
        "Operating Income": -4,
        "EBIT": -4,
        "Net Income": -5
    },
    "2019-12-31": {
        "Diluted EPS": -0.4,
        "Total Revenue": 0,
        "Gross Profit": 0,
        "Operating Income": -2,
        "EBIT": -2,
        "Net Income": -2
    },
    "2019-09-30": {
        "Diluted EPS": -0.34,
        "Total Revenue": 0,
        "Gross Profit": 0,
        "Operating Income": -2,
        "EBIT": -2,
        "Net Income": -2
    },
    "2019-06-30": {
        "Diluted EPS": -0.36,
        "Total Revenue": 0,
        "Gross Profit": 0,
        "Operating Income": -2,
        "EBIT": -2,
        "Net Income": -2
    },
    "2019-03-31": {
        "Diluted EPS": -0.28,
        "Total Revenue": 0,
        "Gross Profit": 0,
        "Operating Income": 0,
        "EBIT": 0,
        "Net Income": -2
    },
    "2018-12-31": {
        "Diluted EPS": -0.38,
        "Total Revenue": 0,
        "Gross Profit": 0,
        "Operating Income": -2,
        "EBIT": -2,
        "Net Income": -2
    },
    "2018-09-30": {
        "Diluted EPS": -0.4,
        "Total Revenue": 0,
        "Gross Profit": 0,
        "Operating Income": -2,
        "EBIT": -2,
        "Net Income": -2
    },
    "2018-06-30": {
        "Diluted EPS": -0.48,
        "Total Revenue": 0,
        "Gross Profit": 0,
        "Operating Income": 0,
        "EBIT": 0,
        "Net Income": -2
    },
    "2018-03-31": {
        "Diluted EPS": -0.6,
        "Total Revenue": NaN,
        "Gross Profit": NaN,
        "Operating Income": NaN,
        "EBIT": NaN,
        "Net Income": -3
    },
    "2017-12-31": {
        "Diluted EPS": -0.42,
        "Total Revenue": NaN,
        "Gross Profit": NaN,
        "Operating Income": NaN,
        "EBIT": NaN,
        "Net Income": -2
    },
    "2017-09-30": {
        "Diluted EPS": -0.3,
        "Total Revenue": NaN,
        "Gross Profit": NaN,
        "Operating Income": NaN,
        "EBIT": NaN,
        "Net Income": -1
    },
    "2017-06-30": {
        "Diluted EPS": -0.48,
        "Total Revenue": NaN,
        "Gross Profit": NaN,
        "Operating Income": NaN,
        "EBIT": NaN,
        "Net Income": -2
    },
    "2017-03-31": {
        "Diluted EPS": 0.0,
        "Total Revenue": NaN,
        "Gross Profit": NaN,
        "Operating Income": NaN,
        "EBIT": NaN,
        "Net Income": NaN
    },
    "2016-12-31": {
        "Diluted EPS": 0.0,
        "Total Revenue": NaN,
        "Gross Profit": NaN,
        "Operating Income": NaN,
        "EBIT": NaN,
        "Net Income": NaN
    },
    "2015-12-31": {
        "Diluted EPS": 0.0,
        "Total Revenue": NaN,
        "Gross Profit": NaN,
        "Operating Income": NaN,
        "EBIT": NaN,
        "Net Income": NaN
    },
    "2015-09-30": {
        "Diluted EPS": 0.0,
        "Total Revenue": NaN,
        "Gross Profit": NaN,
        "Operating Income": NaN,
        "EBIT": NaN,
        "Net Income": NaN
    },
    "2014-09-30": {
        "Diluted EPS": 0.0,
        "Total Revenue": NaN,
        "Gross Profit": NaN,
        "Operating Income": NaN,
        "EBIT": NaN,
        "Net Income": NaN
    },
    "2023-06-30": {
        "Tax Effect Of Unusual Items": 0.0,
        "Tax Rate For Calcs": 0.0,
        "Normalized EBITDA": -2295114.0,
        "Total Unusual Items": 101452.0,
        "Total Unusual Items Excluding Goodwill": 101452.0,
        "Net Income From Continuing Operation Net Minority Interest": -3412882.0,
        "Reconciled Depreciation": 1489.0,
        "Reconciled Cost Of Revenue": 1104061.0,
        "EBITDA": -2193662.0,
        "EBIT": -2195151.0,
        "Net Interest Income": -1217731.0,
        "Interest Expense": 1217731.0,
        "Interest Income": NaN,
        "Normalized Income": -3514334.0,
        "Net Income From Continuing And Discontinued Operation": -3412882.0,
        "Total Expenses": 5337251.0,
        "Total Operating Income As Reported": NaN,
        "Diluted Average Shares": 8752430.0,
        "Basic Average Shares": 8752430.0,
        "Diluted EPS": -0.414,
        "Basic EPS": -0.414,
        "Diluted NI Availto Com Stockholders": -3601579.0,
        "Net Income Common Stockholders": -3601579.0,
        "Preferred Stock Dividends": 188697.0,
        "Net Income": -3412882.0,
        "Net Income Including Noncontrolling Interests": -3412882.0,
        "Net Income Continuous Operations": -3412882.0,
        "Tax Provision": 0.0,
        "Pretax Income": -3412882.0,
        "Other Income Expense": 121335.0,
        "Other Non Operating Income Expenses": 19883.0,
        "Special Income Charges": NaN,
        "Other Special Charges": NaN,
        "Gain On Sale Of Security": 101452.0,
        "Net Non Operating Interest Income Expense": -1217731.0,
        "Interest Expense Non Operating": 1217731.0,
        "Interest Income Non Operating": NaN,
        "Operating Income": -2316486.0,
        "Operating Expense": 4233190.0,
        "Research And Development": 712975.0,
        "Selling General And Administration": 3520215.0,
        "General And Administrative Expense": NaN,
        "Other Gand A": NaN,
        "Gross Profit": 1916704.0,
        "Cost Of Revenue": 1104061.0,
        "Total Revenue": 3020765.0,
        "Operating Revenue": 3020765.0
    },
    "2023-09-30": {
        "Tax Effect Of Unusual Items": 0.0,
        "Tax Rate For Calcs": 0.0,
        "Normalized EBITDA": -2320881.0,
        "Total Unusual Items": -18783.0,
        "Total Unusual Items Excluding Goodwill": -18783.0,
        "Net Income From Continuing Operation Net Minority Interest": -3690840.0,
        "Reconciled Depreciation": 1488.0,
        "Reconciled Cost Of Revenue": 892019.0,
        "EBITDA": -2339664.0,
        "EBIT": -2341152.0,
        "Net Interest Income": -1349688.0,
        "Interest Expense": 1349688.0,
        "Interest Income": NaN,
        "Normalized Income": -3672057.0,
        "Net Income From Continuing And Discontinued Operation": -3690840.0,
        "Total Expenses": 5076970.0,
        "Total Operating Income As Reported": NaN,
        "Diluted Average Shares": 8795742.0,
        "Basic Average Shares": 8795742.0,
        "Diluted EPS": -0.441,
        "Basic EPS": -0.441,
        "Diluted NI Availto Com Stockholders": -3881282.0,
        "Net Income Common Stockholders": -3881282.0,
        "Preferred Stock Dividends": 190442.0,
        "Net Income": -3690840.0,
        "Net Income Including Noncontrolling Interests": -3690840.0,
        "Net Income Continuous Operations": -3690840.0,
        "Tax Provision": 0.0,
        "Pretax Income": -3690840.0,
        "Other Income Expense": -155479.0,
        "Other Non Operating Income Expenses": -136696.0,
        "Special Income Charges": NaN,
        "Other Special Charges": NaN,
        "Gain On Sale Of Security": -18783.0,
        "Net Non Operating Interest Income Expense": -1349688.0,
        "Interest Expense Non Operating": 1349688.0,
        "Interest Income Non Operating": NaN,
        "Operating Income": -2185673.0,
        "Operating Expense": 4184951.0,
        "Research And Development": 697620.0,
        "Selling General And Administration": 3487331.0,
        "General And Administrative Expense": NaN,
        "Other Gand A": NaN,
        "Gross Profit": 1999278.0,
        "Cost Of Revenue": 892019.0,
        "Total Revenue": 2891297.0,
        "Operating Revenue": 2891297.0
    },
    "2023-12-31": {
        "Tax Effect Of Unusual Items": 0.0,
        "Tax Rate For Calcs": 0.0,
        "Normalized EBITDA": -1267134.0,
        "Total Unusual Items": -326683.0,
        "Total Unusual Items Excluding Goodwill": -326683.0,
        "Net Income From Continuing Operation Net Minority Interest": -2808091.0,
        "Reconciled Depreciation": 1488.0,
        "Reconciled Cost Of Revenue": 804986.0,
        "EBITDA": -1593817.0,
        "EBIT": -1595305.0,
        "Net Interest Income": -1201782.0,
        "Interest Expense": 1212786.0,
        "Interest Income": 11004.0,
        "Normalized Income": -2481408.0,
        "Net Income From Continuing And Discontinued Operation": -2808091.0,
        "Total Expenses": 4254746.0,
        "Total Operating Income As Reported": -1281774.0,
        "Diluted Average Shares": 8979430.0,
        "Basic Average Shares": 8979430.0,
        "Diluted EPS": -0.339,
        "Basic EPS": -0.339,
        "Diluted NI Availto Com Stockholders": -3045995.0,
        "Net Income Common Stockholders": -3045995.0,
        "Preferred Stock Dividends": 237904.0,
        "Net Income": -2808091.0,
        "Net Income Including Noncontrolling Interests": -2808091.0,
        "Net Income Continuous Operations": -2808091.0,
        "Tax Provision": 0.0,
        "Pretax Income": -2808091.0,
        "Other Income Expense": -324535.0,
        "Other Non Operating Income Expenses": 2148.0,
        "Special Income Charges": 0.0,
        "Other Special Charges": NaN,
        "Gain On Sale Of Security": -326683.0,
        "Net Non Operating Interest Income Expense": -1201782.0,
        "Interest Expense Non Operating": 1212786.0,
        "Interest Income Non Operating": 11004.0,
        "Operating Income": -1281774.0,
        "Operating Expense": 3449760.0,
        "Research And Development": 452956.0,
        "Selling General And Administration": 2996804.0,
        "General And Administrative Expense": NaN,
        "Other Gand A": NaN,
        "Gross Profit": 2167986.0,
        "Cost Of Revenue": 804986.0,
        "Total Revenue": 2972972.0,
        "Operating Revenue": 2972972.0
    },
    "2024-03-31": {
        "Tax Effect Of Unusual Items": 0.0,
        "Tax Rate For Calcs": 0.0,
        "Normalized EBITDA": -3082416.0,
        "Total Unusual Items": 312952.0,
        "Total Unusual Items Excluding Goodwill": 312952.0,
        "Net Income From Continuing Operation Net Minority Interest": -4182470.0,
        "Reconciled Depreciation": 1488.0,
        "Reconciled Cost Of Revenue": 905998.0,
        "EBITDA": -2769464.0,
        "EBIT": -2770952.0,
        "Net Interest Income": -1451738.0,
        "Interest Expense": 1411518.0,
        "Interest Income": NaN,
        "Normalized Income": -4495422.0,
        "Net Income From Continuing And Discontinued Operation": -4182470.0,
        "Total Expenses": 6222647.0,
        "Total Operating Income As Reported": -3044336.0,
        "Diluted Average Shares": NaN,
        "Basic Average Shares": NaN,
        "Diluted EPS": NaN,
        "Basic EPS": NaN,
        "Diluted NI Availto Com Stockholders": -4400104.0,
        "Net Income Common Stockholders": -4400104.0,
        "Preferred Stock Dividends": 217634.0,
        "Net Income": -4182470.0,
        "Net Income Including Noncontrolling Interests": -4182470.0,
        "Net Income Continuous Operations": -4182470.0,
        "Tax Provision": 0.0,
        "Pretax Income": -4182470.0,
        "Other Income Expense": 313604.0,
        "Other Non Operating Income Expenses": 652.0,
        "Special Income Charges": NaN,
        "Other Special Charges": NaN,
        "Gain On Sale Of Security": 253791.0,
        "Net Non Operating Interest Income Expense": -1451738.0,
        "Interest Expense Non Operating": 1411518.0,
        "Interest Income Non Operating": NaN,
        "Operating Income": -3044336.0,
        "Operating Expense": 5316649.0,
        "Research And Development": 708275.0,
        "Selling General And Administration": 4608374.0,
        "General And Administrative Expense": NaN,
        "Other Gand A": NaN,
        "Gross Profit": 2272313.0,
        "Cost Of Revenue": 905998.0,
        "Total Revenue": 3178311.0,
        "Operating Revenue": 3178311.0
    }
}