{
    "2023-09-30": {
        "Tax Effect Of Unusual Items": NaN,
        "Tax Rate For Calcs": NaN,
        "Normalized EBITDA": NaN,
        "Net Income From Continuing Operation Net Minority Interest": NaN,
        "Reconciled Cost Of Revenue": NaN,
        "EBITDA": NaN,
        "EBIT": NaN,
        "Net Interest Income": NaN,
        "Normalized Income": NaN,
        "Net Income From Continuing And Discontinued Operation": NaN,
        "Total Expenses": NaN,
        "Total Operating Income As Reported": NaN,
        "Diluted Average Shares": 111284000.0,
        "Basic Average Shares": 111284000.0,
        "Diluted EPS": -0.02,
        "Basic EPS": -0.02,
        "Diluted NI Availto Com Stockholders": NaN,
        "Net Income Common Stockholders": NaN,
        "Net Income": NaN,
        "Net Income Including Noncontrolling Interests": NaN,
        "Net Income Continuous Operations": NaN,
        "Tax Provision": NaN,
        "Pretax Income": NaN,
        "Other Income Expense": NaN,
        "Other Non Operating Income Expenses": NaN,
        "Net Non Operating Interest Income Expense": NaN,
        "Total Other Finance Cost": NaN,
        "Operating Income": NaN,
        "Operating Expense": NaN,
        "Other Operating Expenses": NaN,
        "Research And Development": NaN,
        "Selling General And Administration": NaN,
        "Selling And Marketing Expense": NaN,
        "General And Administrative Expense": NaN,
        "Other Gand A": NaN,
        "Gross Profit": NaN,
        "Cost Of Revenue": NaN,
        "Total Revenue": NaN,
        "Operating Revenue": NaN
    },
    "2023-06-30": {
        "Tax Effect Of Unusual Items": NaN,
        "Tax Rate For Calcs": NaN,
        "Normalized EBITDA": NaN,
        "Total Unusual Items": -33151000.0,
        "Total Unusual Items Excluding Goodwill": -33151000.0,
        "Net Income From Continuing Operation Net Minority Interest": NaN,
        "Reconciled Cost Of Revenue": NaN,
        "EBITDA": NaN,
        "EBIT": NaN,
        "Net Interest Income": NaN,
        "Interest Expense": 895000.0,
        "Normalized Income": NaN,
        "Net Income From Continuing And Discontinued Operation": NaN,
        "Total Expenses": NaN,
        "Total Operating Income As Reported": NaN,
        "Diluted Average Shares": 110916000.0,
        "Basic Average Shares": 110916000.0,
        "Diluted EPS": -0.36,
        "Basic EPS": -0.36,
        "Diluted NI Availto Com Stockholders": NaN,
        "Net Income Common Stockholders": NaN,
        "Net Income": NaN,
        "Net Income Including Noncontrolling Interests": NaN,
        "Net Income Continuous Operations": NaN,
        "Tax Provision": NaN,
        "Pretax Income": NaN,
        "Other Income Expense": NaN,
        "Other Non Operating Income Expenses": NaN,
        "Special Income Charges": -33151000.0,
        "Restructuring And Mergern Acquisition": 33151000.0,
        "Net Non Operating Interest Income Expense": NaN,
        "Total Other Finance Cost": NaN,
        "Interest Expense Non Operating": 895000.0,
        "Operating Income": NaN,
        "Operating Expense": NaN,
        "Other Operating Expenses": NaN,
        "Research And Development": NaN,
        "Selling General And Administration": NaN,
        "Selling And Marketing Expense": NaN,
        "General And Administrative Expense": NaN,
        "Other Gand A": NaN,
        "Gross Profit": NaN,
        "Cost Of Revenue": NaN,
        "Total Revenue": NaN,
        "Operating Revenue": NaN
    },
    "2023-03-31": {
        "Tax Effect Of Unusual Items": NaN,
        "Tax Rate For Calcs": NaN,
        "Normalized EBITDA": NaN,
        "Total Unusual Items": NaN,
        "Total Unusual Items Excluding Goodwill": NaN,
        "Net Income From Continuing Operation Net Minority Interest": NaN,
        "Reconciled Cost Of Revenue": NaN,
        "EBITDA": NaN,
        "EBIT": NaN,
        "Net Interest Income": NaN,
        "Interest Expense": 232000.0,
        "Normalized Income": NaN,
        "Net Income From Continuing And Discontinued Operation": NaN,
        "Total Expenses": NaN,
        "Total Operating Income As Reported": NaN,
        "Diluted Average Shares": NaN,
        "Basic Average Shares": NaN,
        "Diluted EPS": NaN,
        "Basic EPS": NaN,
        "Diluted NI Availto Com Stockholders": NaN,
        "Net Income Common Stockholders": NaN,
        "Net Income": NaN,
        "Net Income Including Noncontrolling Interests": NaN,
        "Net Income Continuous Operations": NaN,
        "Tax Provision": NaN,
        "Pretax Income": NaN,
        "Other Income Expense": NaN,
        "Other Non Operating Income Expenses": NaN,
        "Special Income Charges": NaN,
        "Restructuring And Mergern Acquisition": NaN,
        "Net Non Operating Interest Income Expense": NaN,
        "Total Other Finance Cost": NaN,
        "Interest Expense Non Operating": 232000.0,
        "Operating Income": NaN,
        "Operating Expense": NaN,
        "Other Operating Expenses": NaN,
        "Research And Development": NaN,
        "Selling General And Administration": NaN,
        "Selling And Marketing Expense": NaN,
        "General And Administrative Expense": NaN,
        "Other Gand A": NaN,
        "Gross Profit": NaN,
        "Cost Of Revenue": NaN,
        "Total Revenue": NaN,
        "Operating Revenue": NaN
    },
    "2022-12-31": {
        "Tax Effect Of Unusual Items": NaN,
        "Tax Rate For Calcs": NaN,
        "Normalized EBITDA": NaN,
        "Total Unusual Items": NaN,
        "Total Unusual Items Excluding Goodwill": NaN,
        "Net Income From Continuing Operation Net Minority Interest": NaN,
        "Reconciled Cost Of Revenue": NaN,
        "EBITDA": NaN,
        "EBIT": NaN,
        "Net Interest Income": NaN,
        "Interest Expense": NaN,
        "Normalized Income": NaN,
        "Net Income From Continuing And Discontinued Operation": NaN,
        "Total Expenses": NaN,
        "Total Operating Income As Reported": NaN,
        "Diluted Average Shares": NaN,
        "Basic Average Shares": NaN,
        "Diluted EPS": NaN,
        "Basic EPS": NaN,
        "Diluted NI Availto Com Stockholders": NaN,
        "Net Income Common Stockholders": NaN,
        "Net Income": NaN,
        "Net Income Including Noncontrolling Interests": NaN,
        "Net Income Continuous Operations": NaN,
        "Tax Provision": NaN,
        "Pretax Income": NaN,
        "Other Income Expense": NaN,
        "Other Non Operating Income Expenses": NaN,
        "Special Income Charges": NaN,
        "Restructuring And Mergern Acquisition": NaN,
        "Net Non Operating Interest Income Expense": NaN,
        "Total Other Finance Cost": -8184000.0,
        "Interest Expense Non Operating": NaN,
        "Operating Income": NaN,
        "Operating Expense": NaN,
        "Other Operating Expenses": NaN,
        "Research And Development": NaN,
        "Selling General And Administration": NaN,
        "Selling And Marketing Expense": NaN,
        "General And Administrative Expense": NaN,
        "Other Gand A": NaN,
        "Gross Profit": NaN,
        "Cost Of Revenue": NaN,
        "Total Revenue": NaN,
        "Operating Revenue": NaN
    },
    "2023-12-31": {
        "Tax Effect Of Unusual Items": 0.0,
        "Tax Rate For Calcs": 0.17,
        "Normalized EBITDA": 12567000.0,
        "Net Income From Continuing Operation Net Minority Interest": -5031000.0,
        "Reconciled Cost Of Revenue": 87804000.0,
        "EBITDA": 12567000.0,
        "EBIT": 12567000.0,
        "Net Interest Income": 2195000.0,
        "Normalized Income": -5031000.0,
        "Net Income From Continuing And Discontinued Operation": -5031000.0,
        "Total Expenses": 112614000.0,
        "Total Operating Income As Reported": 3740000.0,
        "Diluted Average Shares": NaN,
        "Basic Average Shares": NaN,
        "Diluted EPS": NaN,
        "Basic EPS": NaN,
        "Diluted NI Availto Com Stockholders": -5031000.0,
        "Net Income Common Stockholders": -5031000.0,
        "Net Income": -5031000.0,
        "Net Income Including Noncontrolling Interests": -5031000.0,
        "Net Income Continuous Operations": -5031000.0,
        "Tax Provision": 9950000.0,
        "Pretax Income": 4919000.0,
        "Other Income Expense": 490000.0,
        "Other Non Operating Income Expenses": -2977000.0,
        "Net Non Operating Interest Income Expense": 2195000.0,
        "Total Other Finance Cost": 677000.0,
        "Operating Income": 2234000.0,
        "Operating Expense": 24810000.0,
        "Other Operating Expenses": -2635000.0,
        "Research And Development": 8306000.0,
        "Selling General And Administration": 19139000.0,
        "Selling And Marketing Expense": 2005000.0,
        "General And Administrative Expense": 17134000.0,
        "Other Gand A": 17134000.0,
        "Gross Profit": 27044000.0,
        "Cost Of Revenue": 87804000.0,
        "Total Revenue": 114848000.0,
        "Operating Revenue": 114848000.0
    },
    "2024-03-31": {
        "Tax Effect Of Unusual Items": 0.0,
        "Tax Rate For Calcs": 0.070552,
        "Normalized EBITDA": -1946000.0,
        "Net Income From Continuing Operation Net Minority Interest": 606000.0,
        "Reconciled Cost Of Revenue": 85375000.0,
        "EBITDA": -1946000.0,
        "EBIT": -1946000.0,
        "Net Interest Income": 151000.0,
        "Normalized Income": 606000.0,
        "Net Income From Continuing And Discontinued Operation": 606000.0,
        "Total Expenses": 121452000.0,
        "Total Operating Income As Reported": 501000.0,
        "Diluted Average Shares": 117041000.0,
        "Basic Average Shares": 114843000.0,
        "Diluted EPS": 0.01,
        "Basic EPS": 0.01,
        "Diluted NI Availto Com Stockholders": 606000.0,
        "Net Income Common Stockholders": 606000.0,
        "Net Income": 606000.0,
        "Net Income Including Noncontrolling Interests": 606000.0,
        "Net Income Continuous Operations": 606000.0,
        "Tax Provision": 46000.0,
        "Pretax Income": 652000.0,
        "Other Income Expense": 2447000.0,
        "Other Non Operating Income Expenses": 2447000.0,
        "Net Non Operating Interest Income Expense": 151000.0,
        "Total Other Finance Cost": -151000.0,
        "Operating Income": -1946000.0,
        "Operating Expense": 36077000.0,
        "Other Operating Expenses": -1746000.0,
        "Research And Development": 21164000.0,
        "Selling General And Administration": 16659000.0,
        "Selling And Marketing Expense": 1690000.0,
        "General And Administrative Expense": 14969000.0,
        "Other Gand A": 14969000.0,
        "Gross Profit": 34131000.0,
        "Cost Of Revenue": 85375000.0,
        "Total Revenue": 119506000.0,
        "Operating Revenue": 119506000.0
    },
    "2022-09-30": {
        "Tax Effect Of Unusual Items": NaN,
        "Tax Rate For Calcs": NaN,
        "Normalized EBITDA": NaN,
        "Total Unusual Items": NaN,
        "Total Unusual Items Excluding Goodwill": NaN,
        "Net Income From Continuing Operation Net Minority Interest": NaN,
        "Reconciled Cost Of Revenue": NaN,
        "EBITDA": NaN,
        "EBIT": NaN,
        "Net Interest Income": NaN,
        "Interest Expense": NaN,
        "Normalized Income": NaN,
        "Net Income From Continuing And Discontinued Operation": NaN,
        "Total Expenses": NaN,
        "Total Operating Income As Reported": NaN,
        "Diluted Average Shares": 111288605.0,
        "Basic Average Shares": 111288605.0,
        "Diluted EPS": -0.198915,
        "Basic EPS": -0.198915,
        "Diluted NI Availto Com Stockholders": NaN,
        "Net Income Common Stockholders": NaN,
        "Net Income": NaN,
        "Net Income Including Noncontrolling Interests": NaN,
        "Net Income Continuous Operations": NaN,
        "Tax Provision": NaN,
        "Pretax Income": NaN,
        "Other Income Expense": NaN,
        "Other Non Operating Income Expenses": NaN,
        "Special Income Charges": NaN,
        "Restructuring And Mergern Acquisition": NaN,
        "Net Non Operating Interest Income Expense": NaN,
        "Total Other Finance Cost": NaN,
        "Interest Expense Non Operating": NaN,
        "Operating Income": NaN,
        "Operating Expense": NaN,
        "Other Operating Expenses": NaN,
        "Research And Development": NaN,
        "Selling General And Administration": NaN,
        "Selling And Marketing Expense": NaN,
        "General And Administrative Expense": NaN,
        "Other Gand A": NaN,
        "Gross Profit": NaN,
        "Cost Of Revenue": NaN,
        "Total Revenue": NaN,
        "Operating Revenue": NaN
    },
    "2024-06-30": {
        "Tax Effect Of Unusual Items": 0.0,
        "Tax Rate For Calcs": 0.21,
        "Normalized EBITDA": -237000.0,
        "Net Income From Continuing Operation Net Minority Interest": -17743000.0,
        "Reconciled Cost Of Revenue": 74824000.0,
        "EBITDA": -237000.0,
        "EBIT": -237000.0,
        "Net Interest Income": -44000.0,
        "Normalized Income": -17743000.0,
        "Net Income From Continuing And Discontinued Operation": -17743000.0,
        "Total Expenses": 99466000.0,
        "Total Operating Income As Reported": -15704000.0,
        "Diluted Average Shares": 126530000.0,
        "Basic Average Shares": 126530000.0,
        "Diluted EPS": -0.14,
        "Basic EPS": -0.14,
        "Diluted NI Availto Com Stockholders": -17743000.0,
        "Net Income Common Stockholders": -17743000.0,
        "Net Income": -17743000.0,
        "Net Income Including Noncontrolling Interests": -17743000.0,
        "Net Income Continuous Operations": -17743000.0,
        "Tax Provision": 1995000.0,
        "Pretax Income": -15748000.0,
        "Other Income Expense": -15467000.0,
        "Other Non Operating Income Expenses": -15467000.0,
        "Net Non Operating Interest Income Expense": -44000.0,
        "Total Other Finance Cost": 44000.0,
        "Operating Income": -237000.0,
        "Operating Expense": 24642000.0,
        "Other Operating Expenses": -1431000.0,
        "Research And Development": 8048000.0,
        "Selling General And Administration": 18025000.0,
        "Selling And Marketing Expense": 2173000.0,
        "General And Administrative Expense": 15852000.0,
        "Other Gand A": 15852000.0,
        "Gross Profit": 24405000.0,
        "Cost Of Revenue": 74824000.0,
        "Total Revenue": 99229000.0,
        "Operating Revenue": 99229000.0
    },
    "2024-09-30": {
        "Tax Effect Of Unusual Items": 0.0,
        "Tax Rate For Calcs": 0.069175,
        "Normalized EBITDA": -38908000.0,
        "Net Income From Continuing Operation Net Minority Interest": -50097000.0,
        "Reconciled Cost Of Revenue": 59264000.0,
        "EBITDA": -38908000.0,
        "EBIT": -38908000.0,
        "Net Interest Income": -231000.0,
        "Normalized Income": -50097000.0,
        "Net Income From Continuing And Discontinued Operation": -50097000.0,
        "Total Expenses": 100937000.0,
        "Total Operating Income As Reported": -53589000.0,
        "Diluted Average Shares": 143769000.0,
        "Basic Average Shares": 143769000.0,
        "Diluted EPS": -0.35,
        "Basic EPS": -0.35,
        "Diluted NI Availto Com Stockholders": -50097000.0,
        "Net Income Common Stockholders": -50097000.0,
        "Net Income": -50097000.0,
        "Net Income Including Noncontrolling Interests": -50097000.0,
        "Net Income Continuous Operations": -50097000.0,
        "Tax Provision": -3723000.0,
        "Pretax Income": -53820000.0,
        "Other Income Expense": -14681000.0,
        "Other Non Operating Income Expenses": -14681000.0,
        "Net Non Operating Interest Income Expense": -231000.0,
        "Total Other Finance Cost": 231000.0,
        "Operating Income": -38908000.0,
        "Operating Expense": 41673000.0,
        "Other Operating Expenses": -1220000.0,
        "Research And Development": 24836000.0,
        "Selling General And Administration": 18057000.0,
        "Selling And Marketing Expense": 2229000.0,
        "General And Administrative Expense": 15828000.0,
        "Other Gand A": 15828000.0,
        "Gross Profit": 2765000.0,
        "Cost Of Revenue": 59264000.0,
        "Total Revenue": 62029000.0,
        "Operating Revenue": 62029000.0
    },
    "2024-12-31": {
        "Tax Effect Of Unusual Items": 0.0,
        "Tax Rate For Calcs": 0.001429,
        "Normalized EBITDA": -542582000.0,
        "Net Income From Continuing Operation Net Minority Interest": -531917000.0,
        "Reconciled Cost Of Revenue": 63919000.0,
        "EBITDA": -542582000.0,
        "EBIT": -542582000.0,
        "Net Interest Income": -10226000.0,
        "Normalized Income": -531917000.0,
        "Net Income From Continuing And Discontinued Operation": -531917000.0,
        "Total Expenses": 117299000.0,
        "Total Operating Income As Reported": -520867000.0,
        "Diluted Average Shares": 165427000.0,
        "Basic Average Shares": 165427000.0,
        "Diluted EPS": -3.22,
        "Basic EPS": -3.22,
        "Diluted NI Availto Com Stockholders": -531917000.0,
        "Net Income Common Stockholders": -531917000.0,
        "Net Income": -531917000.0,
        "Net Income Including Noncontrolling Interests": -531917000.0,
        "Net Income Continuous Operations": -531917000.0,
        "Tax Provision": -761000.0,
        "Pretax Income": -532678000.0,
        "Other Income Expense": -474171000.0,
        "Other Non Operating Income Expenses": 27819000.0,
        "Net Non Operating Interest Income Expense": -10226000.0,
        "Total Other Finance Cost": 176000.0,
        "Operating Income": -48281000.0,
        "Operating Expense": 53380000.0,
        "Other Operating Expenses": 10862000.0,
        "Research And Development": 22898000.0,
        "Selling General And Administration": 19620000.0,
        "Selling And Marketing Expense": 1952000.0,
        "General And Administrative Expense": 17668000.0,
        "Other Gand A": 17668000.0,
        "Gross Profit": 5099000.0,
        "Cost Of Revenue": 63919000.0,
        "Total Revenue": 69018000.0,
        "Operating Revenue": 69018000.0
    },
    "2025-03-31": {
        "Tax Effect Of Unusual Items": 0.0,
        "Tax Rate For Calcs": 0.21,
        "Normalized EBITDA": -86810000.0,
        "Net Income From Continuing Operation Net Minority Interest": 409473000.0,
        "Reconciled Cost Of Revenue": 73353000.0,
        "EBITDA": -86810000.0,
        "EBIT": -86810000.0,
        "Net Interest Income": -9343000.0,
        "Normalized Income": 409473000.0,
        "Net Income From Continuing And Discontinued Operation": 409473000.0,
        "Total Expenses": 156938000.0,
        "Total Operating Income As Reported": 416240000.0,
        "Diluted Average Shares": 228561000.0,
        "Basic Average Shares": 190199000.0,
        "Diluted EPS": -0.37,
        "Basic EPS": 2.15,
        "Diluted NI Availto Com Stockholders": 409473000.0,
        "Net Income Common Stockholders": 409473000.0,
        "Net Income": 409473000.0,
        "Net Income Including Noncontrolling Interests": 409473000.0,
        "Net Income Continuous Operations": 409473000.0,
        "Tax Provision": -2576000.0,
        "Pretax Income": 406897000.0,
        "Other Income Expense": 503050000.0,
        "Other Non Operating Income Expenses": 503050000.0,
        "Net Non Operating Interest Income Expense": -9343000.0,
        "Total Other Finance Cost": 9343000.0,
        "Operating Income": -86810000.0,
        "Operating Expense": 83585000.0,
        "Other Operating Expenses": 7789000.0,
        "Research And Development": 59014000.0,
        "Selling General And Administration": 16782000.0,
        "Selling And Marketing Expense": 1393000.0,
        "General And Administrative Expense": 15389000.0,
        "Other Gand A": 15389000.0,
        "Gross Profit": -3225000.0,
        "Cost Of Revenue": 73353000.0,
        "Total Revenue": 70128000.0,
        "Operating Revenue": 70128000.0
    },
    "2025-06-30": {
        "Tax Effect Of Unusual Items": 0.0,
        "Tax Rate For Calcs": 0.001332,
        "Normalized EBITDA": -25786000.0,
        "Net Income From Continuing Operation Net Minority Interest": -147733000.0,
        "Reconciled Cost Of Revenue": 142762000.0,
        "EBITDA": -25786000.0,
        "EBIT": -25786000.0,
        "Net Interest Income": -13693000.0,
        "Normalized Income": -147733000.0,
        "Net Income From Continuing And Discontinued Operation": -147733000.0,
        "Total Expenses": 181368000.0,
        "Total Operating Income As Reported": -134237000.0,
        "Diluted Average Shares": 193970000.0,
        "Basic Average Shares": 193970000.0,
        "Diluted EPS": -0.76,
        "Basic EPS": -0.76,
        "Diluted NI Availto Com Stockholders": -147733000.0,
        "Net Income Common Stockholders": -147733000.0,
        "Net Income": -147733000.0,
        "Net Income Including Noncontrolling Interests": -147733000.0,
        "Net Income Continuous Operations": -147733000.0,
        "Tax Provision": -197000.0,
        "Pretax Income": -147930000.0,
        "Other Income Expense": -108451000.0,
        "Other Non Operating Income Expenses": -108451000.0,
        "Net Non Operating Interest Income Expense": -13693000.0,
        "Total Other Finance Cost": 13693000.0,
        "Operating Income": -25786000.0,
        "Operating Expense": 38606000.0,
        "Other Operating Expenses": -3735000.0,
        "Research And Development": 20577000.0,
        "Selling General And Administration": 21764000.0,
        "Selling And Marketing Expense": 1626000.0,
        "General And Administrative Expense": 20138000.0,
        "Other Gand A": 20138000.0,
        "Gross Profit": 12820000.0,
        "Cost Of Revenue": 142762000.0,
        "Total Revenue": 155582000.0,
        "Operating Revenue": 155582000.0
    }
}