{
    "2024-03-31": {
        "Tax Effect Of Unusual Items": NaN,
        "Tax Rate For Calcs": NaN,
        "Normalized EBITDA": NaN,
        "Total Unusual Items": NaN,
        "Total Unusual Items Excluding Goodwill": NaN,
        "Net Income From Continuing Operation Net Minority Interest": NaN,
        "Reconciled Depreciation": NaN,
        "Reconciled Cost Of Revenue": NaN,
        "EBITDA": NaN,
        "EBIT": NaN,
        "Net Interest Income": NaN,
        "Interest Expense": NaN,
        "Interest Income": NaN,
        "Normalized Income": NaN,
        "Net Income From Continuing And Discontinued Operation": NaN,
        "Total Expenses": NaN,
        "Total Operating Income As Reported": NaN,
        "Diluted Average Shares": NaN,
        "Basic Average Shares": NaN,
        "Diluted EPS": NaN,
        "Basic EPS": NaN,
        "Diluted NI Availto Com Stockholders": NaN,
        "Net Income Common Stockholders": NaN,
        "Net Income": NaN,
        "Minority Interests": NaN,
        "Net Income Including Noncontrolling Interests": NaN,
        "Net Income Continuous Operations": NaN,
        "Tax Provision": NaN,
        "Pretax Income": NaN,
        "Other Income Expense": NaN,
        "Other Non Operating Income Expenses": NaN,
        "Special Income Charges": NaN,
        "Gain On Sale Of Ppe": NaN,
        "Gain On Sale Of Business": NaN,
        "Impairment Of Capital Assets": NaN,
        "Restructuring And Mergern Acquisition": NaN,
        "Earnings From Equity Interest": 2097000.0,
        "Gain On Sale Of Security": NaN,
        "Net Non Operating Interest Income Expense": NaN,
        "Interest Expense Non Operating": NaN,
        "Interest Income Non Operating": NaN,
        "Operating Income": NaN,
        "Operating Expense": NaN,
        "Other Operating Expenses": NaN,
        "Other Taxes": NaN,
        "Selling General And Administration": NaN,
        "General And Administrative Expense": NaN,
        "Other Gand A": NaN,
        "Salaries And Wages": NaN,
        "Gross Profit": NaN,
        "Cost Of Revenue": NaN,
        "Total Revenue": NaN,
        "Operating Revenue": NaN
    },
    "2023-12-31": {
        "Tax Effect Of Unusual Items": NaN,
        "Tax Rate For Calcs": NaN,
        "Normalized EBITDA": NaN,
        "Total Unusual Items": NaN,
        "Total Unusual Items Excluding Goodwill": NaN,
        "Net Income From Continuing Operation Net Minority Interest": NaN,
        "Reconciled Depreciation": NaN,
        "Reconciled Cost Of Revenue": NaN,
        "EBITDA": NaN,
        "EBIT": NaN,
        "Net Interest Income": NaN,
        "Interest Expense": NaN,
        "Interest Income": NaN,
        "Normalized Income": NaN,
        "Net Income From Continuing And Discontinued Operation": NaN,
        "Total Expenses": NaN,
        "Total Operating Income As Reported": NaN,
        "Diluted Average Shares": NaN,
        "Basic Average Shares": NaN,
        "Diluted EPS": NaN,
        "Basic EPS": NaN,
        "Diluted NI Availto Com Stockholders": NaN,
        "Net Income Common Stockholders": NaN,
        "Net Income": NaN,
        "Minority Interests": NaN,
        "Net Income Including Noncontrolling Interests": NaN,
        "Net Income Continuous Operations": NaN,
        "Tax Provision": NaN,
        "Pretax Income": NaN,
        "Other Income Expense": NaN,
        "Other Non Operating Income Expenses": NaN,
        "Special Income Charges": NaN,
        "Gain On Sale Of Ppe": 0.0,
        "Gain On Sale Of Business": NaN,
        "Impairment Of Capital Assets": NaN,
        "Restructuring And Mergern Acquisition": 0.0,
        "Earnings From Equity Interest": 2322000.0,
        "Gain On Sale Of Security": NaN,
        "Net Non Operating Interest Income Expense": NaN,
        "Interest Expense Non Operating": NaN,
        "Interest Income Non Operating": NaN,
        "Operating Income": NaN,
        "Operating Expense": NaN,
        "Other Operating Expenses": NaN,
        "Other Taxes": NaN,
        "Selling General And Administration": NaN,
        "General And Administrative Expense": NaN,
        "Other Gand A": NaN,
        "Salaries And Wages": NaN,
        "Gross Profit": NaN,
        "Cost Of Revenue": NaN,
        "Total Revenue": NaN,
        "Operating Revenue": NaN
    },
    "2023-09-30": {
        "Tax Effect Of Unusual Items": NaN,
        "Tax Rate For Calcs": NaN,
        "Normalized EBITDA": NaN,
        "Total Unusual Items": NaN,
        "Total Unusual Items Excluding Goodwill": NaN,
        "Net Income From Continuing Operation Net Minority Interest": NaN,
        "Reconciled Depreciation": NaN,
        "Reconciled Cost Of Revenue": NaN,
        "EBITDA": NaN,
        "EBIT": NaN,
        "Net Interest Income": NaN,
        "Interest Expense": NaN,
        "Interest Income": NaN,
        "Normalized Income": NaN,
        "Net Income From Continuing And Discontinued Operation": NaN,
        "Total Expenses": NaN,
        "Total Operating Income As Reported": NaN,
        "Diluted Average Shares": NaN,
        "Basic Average Shares": NaN,
        "Diluted EPS": NaN,
        "Basic EPS": NaN,
        "Diluted NI Availto Com Stockholders": NaN,
        "Net Income Common Stockholders": NaN,
        "Net Income": NaN,
        "Minority Interests": NaN,
        "Net Income Including Noncontrolling Interests": NaN,
        "Net Income Continuous Operations": NaN,
        "Tax Provision": NaN,
        "Pretax Income": NaN,
        "Other Income Expense": NaN,
        "Other Non Operating Income Expenses": NaN,
        "Special Income Charges": NaN,
        "Gain On Sale Of Ppe": 0.0,
        "Gain On Sale Of Business": NaN,
        "Impairment Of Capital Assets": NaN,
        "Restructuring And Mergern Acquisition": 5071000.0,
        "Earnings From Equity Interest": NaN,
        "Gain On Sale Of Security": NaN,
        "Net Non Operating Interest Income Expense": NaN,
        "Interest Expense Non Operating": NaN,
        "Interest Income Non Operating": NaN,
        "Operating Income": NaN,
        "Operating Expense": NaN,
        "Other Operating Expenses": NaN,
        "Other Taxes": NaN,
        "Selling General And Administration": NaN,
        "General And Administrative Expense": NaN,
        "Other Gand A": NaN,
        "Salaries And Wages": NaN,
        "Gross Profit": NaN,
        "Cost Of Revenue": NaN,
        "Total Revenue": NaN,
        "Operating Revenue": NaN
    },
    "2023-06-30": {
        "Tax Effect Of Unusual Items": NaN,
        "Tax Rate For Calcs": NaN,
        "Normalized EBITDA": NaN,
        "Total Unusual Items": NaN,
        "Total Unusual Items Excluding Goodwill": NaN,
        "Net Income From Continuing Operation Net Minority Interest": NaN,
        "Reconciled Depreciation": NaN,
        "Reconciled Cost Of Revenue": NaN,
        "EBITDA": NaN,
        "EBIT": NaN,
        "Net Interest Income": NaN,
        "Interest Expense": NaN,
        "Interest Income": NaN,
        "Normalized Income": NaN,
        "Net Income From Continuing And Discontinued Operation": NaN,
        "Total Expenses": NaN,
        "Total Operating Income As Reported": NaN,
        "Diluted Average Shares": NaN,
        "Basic Average Shares": NaN,
        "Diluted EPS": NaN,
        "Basic EPS": NaN,
        "Diluted NI Availto Com Stockholders": NaN,
        "Net Income Common Stockholders": NaN,
        "Net Income": NaN,
        "Minority Interests": NaN,
        "Net Income Including Noncontrolling Interests": NaN,
        "Net Income Continuous Operations": NaN,
        "Tax Provision": NaN,
        "Pretax Income": NaN,
        "Other Income Expense": NaN,
        "Other Non Operating Income Expenses": NaN,
        "Special Income Charges": NaN,
        "Gain On Sale Of Ppe": 0.0,
        "Gain On Sale Of Business": 7009000.0,
        "Impairment Of Capital Assets": NaN,
        "Restructuring And Mergern Acquisition": 7080000.0,
        "Earnings From Equity Interest": 7009000.0,
        "Gain On Sale Of Security": NaN,
        "Net Non Operating Interest Income Expense": NaN,
        "Interest Expense Non Operating": NaN,
        "Interest Income Non Operating": NaN,
        "Operating Income": NaN,
        "Operating Expense": NaN,
        "Other Operating Expenses": NaN,
        "Other Taxes": 1139000.0,
        "Selling General And Administration": NaN,
        "General And Administrative Expense": NaN,
        "Other Gand A": NaN,
        "Salaries And Wages": NaN,
        "Gross Profit": NaN,
        "Cost Of Revenue": NaN,
        "Total Revenue": NaN,
        "Operating Revenue": NaN
    },
    "2023-03-31": {
        "Tax Effect Of Unusual Items": NaN,
        "Tax Rate For Calcs": NaN,
        "Normalized EBITDA": NaN,
        "Total Unusual Items": NaN,
        "Total Unusual Items Excluding Goodwill": NaN,
        "Net Income From Continuing Operation Net Minority Interest": NaN,
        "Reconciled Depreciation": NaN,
        "Reconciled Cost Of Revenue": NaN,
        "EBITDA": NaN,
        "EBIT": NaN,
        "Net Interest Income": NaN,
        "Interest Expense": NaN,
        "Interest Income": NaN,
        "Normalized Income": NaN,
        "Net Income From Continuing And Discontinued Operation": NaN,
        "Total Expenses": NaN,
        "Total Operating Income As Reported": NaN,
        "Diluted Average Shares": NaN,
        "Basic Average Shares": NaN,
        "Diluted EPS": NaN,
        "Basic EPS": NaN,
        "Diluted NI Availto Com Stockholders": NaN,
        "Net Income Common Stockholders": NaN,
        "Net Income": NaN,
        "Minority Interests": NaN,
        "Net Income Including Noncontrolling Interests": NaN,
        "Net Income Continuous Operations": NaN,
        "Tax Provision": NaN,
        "Pretax Income": NaN,
        "Other Income Expense": NaN,
        "Other Non Operating Income Expenses": NaN,
        "Special Income Charges": NaN,
        "Gain On Sale Of Ppe": NaN,
        "Gain On Sale Of Business": 0.0,
        "Impairment Of Capital Assets": NaN,
        "Restructuring And Mergern Acquisition": NaN,
        "Earnings From Equity Interest": 4979000.0,
        "Gain On Sale Of Security": NaN,
        "Net Non Operating Interest Income Expense": NaN,
        "Interest Expense Non Operating": NaN,
        "Interest Income Non Operating": NaN,
        "Operating Income": NaN,
        "Operating Expense": NaN,
        "Other Operating Expenses": NaN,
        "Other Taxes": 1907000.0,
        "Selling General And Administration": NaN,
        "General And Administrative Expense": NaN,
        "Other Gand A": NaN,
        "Salaries And Wages": NaN,
        "Gross Profit": NaN,
        "Cost Of Revenue": NaN,
        "Total Revenue": NaN,
        "Operating Revenue": NaN
    },
    "2022-12-31": {
        "Tax Effect Of Unusual Items": NaN,
        "Tax Rate For Calcs": NaN,
        "Normalized EBITDA": NaN,
        "Total Unusual Items": NaN,
        "Total Unusual Items Excluding Goodwill": NaN,
        "Net Income From Continuing Operation Net Minority Interest": NaN,
        "Reconciled Depreciation": NaN,
        "Reconciled Cost Of Revenue": NaN,
        "EBITDA": NaN,
        "EBIT": NaN,
        "Net Interest Income": NaN,
        "Interest Expense": NaN,
        "Interest Income": NaN,
        "Normalized Income": NaN,
        "Net Income From Continuing And Discontinued Operation": NaN,
        "Total Expenses": NaN,
        "Total Operating Income As Reported": NaN,
        "Diluted Average Shares": NaN,
        "Basic Average Shares": NaN,
        "Diluted EPS": NaN,
        "Basic EPS": NaN,
        "Diluted NI Availto Com Stockholders": NaN,
        "Net Income Common Stockholders": NaN,
        "Net Income": NaN,
        "Minority Interests": NaN,
        "Net Income Including Noncontrolling Interests": NaN,
        "Net Income Continuous Operations": NaN,
        "Tax Provision": NaN,
        "Pretax Income": NaN,
        "Other Income Expense": NaN,
        "Other Non Operating Income Expenses": NaN,
        "Special Income Charges": NaN,
        "Gain On Sale Of Ppe": 0.0,
        "Gain On Sale Of Business": NaN,
        "Impairment Of Capital Assets": NaN,
        "Restructuring And Mergern Acquisition": NaN,
        "Earnings From Equity Interest": NaN,
        "Gain On Sale Of Security": NaN,
        "Net Non Operating Interest Income Expense": NaN,
        "Interest Expense Non Operating": NaN,
        "Interest Income Non Operating": NaN,
        "Operating Income": NaN,
        "Operating Expense": NaN,
        "Other Operating Expenses": NaN,
        "Other Taxes": NaN,
        "Selling General And Administration": NaN,
        "General And Administrative Expense": NaN,
        "Other Gand A": NaN,
        "Salaries And Wages": NaN,
        "Gross Profit": NaN,
        "Cost Of Revenue": NaN,
        "Total Revenue": NaN,
        "Operating Revenue": NaN
    },
    "2022-09-30": {
        "Tax Effect Of Unusual Items": NaN,
        "Tax Rate For Calcs": NaN,
        "Normalized EBITDA": NaN,
        "Total Unusual Items": NaN,
        "Total Unusual Items Excluding Goodwill": NaN,
        "Net Income From Continuing Operation Net Minority Interest": NaN,
        "Reconciled Depreciation": NaN,
        "Reconciled Cost Of Revenue": NaN,
        "EBITDA": NaN,
        "EBIT": NaN,
        "Net Interest Income": NaN,
        "Interest Expense": NaN,
        "Interest Income": NaN,
        "Normalized Income": NaN,
        "Net Income From Continuing And Discontinued Operation": NaN,
        "Total Expenses": NaN,
        "Total Operating Income As Reported": NaN,
        "Diluted Average Shares": NaN,
        "Basic Average Shares": NaN,
        "Diluted EPS": NaN,
        "Basic EPS": NaN,
        "Diluted NI Availto Com Stockholders": NaN,
        "Net Income Common Stockholders": NaN,
        "Net Income": NaN,
        "Minority Interests": NaN,
        "Net Income Including Noncontrolling Interests": NaN,
        "Net Income Continuous Operations": NaN,
        "Tax Provision": NaN,
        "Pretax Income": NaN,
        "Other Income Expense": NaN,
        "Other Non Operating Income Expenses": NaN,
        "Special Income Charges": NaN,
        "Gain On Sale Of Ppe": -2804000.0,
        "Gain On Sale Of Business": NaN,
        "Impairment Of Capital Assets": NaN,
        "Restructuring And Mergern Acquisition": 0.0,
        "Earnings From Equity Interest": NaN,
        "Gain On Sale Of Security": NaN,
        "Net Non Operating Interest Income Expense": NaN,
        "Interest Expense Non Operating": NaN,
        "Interest Income Non Operating": NaN,
        "Operating Income": NaN,
        "Operating Expense": NaN,
        "Other Operating Expenses": NaN,
        "Other Taxes": NaN,
        "Selling General And Administration": NaN,
        "General And Administrative Expense": NaN,
        "Other Gand A": NaN,
        "Salaries And Wages": NaN,
        "Gross Profit": NaN,
        "Cost Of Revenue": NaN,
        "Total Revenue": NaN,
        "Operating Revenue": NaN
    },
    "2024-06-30": {
        "Tax Effect Of Unusual Items": NaN,
        "Tax Rate For Calcs": NaN,
        "Normalized EBITDA": NaN,
        "Total Unusual Items": NaN,
        "Total Unusual Items Excluding Goodwill": NaN,
        "Net Income From Continuing Operation Net Minority Interest": NaN,
        "Reconciled Depreciation": 95008000.0,
        "Reconciled Cost Of Revenue": NaN,
        "EBITDA": NaN,
        "EBIT": NaN,
        "Net Interest Income": NaN,
        "Interest Expense": NaN,
        "Interest Income": NaN,
        "Normalized Income": NaN,
        "Net Income From Continuing And Discontinued Operation": NaN,
        "Total Expenses": NaN,
        "Total Operating Income As Reported": NaN,
        "Diluted Average Shares": NaN,
        "Basic Average Shares": NaN,
        "Diluted EPS": NaN,
        "Basic EPS": NaN,
        "Diluted NI Availto Com Stockholders": NaN,
        "Net Income Common Stockholders": NaN,
        "Net Income": NaN,
        "Minority Interests": NaN,
        "Net Income Including Noncontrolling Interests": NaN,
        "Net Income Continuous Operations": NaN,
        "Tax Provision": NaN,
        "Pretax Income": NaN,
        "Other Income Expense": NaN,
        "Other Non Operating Income Expenses": 12000.0,
        "Special Income Charges": NaN,
        "Gain On Sale Of Ppe": 48662000.0,
        "Gain On Sale Of Business": NaN,
        "Impairment Of Capital Assets": NaN,
        "Restructuring And Mergern Acquisition": 0.0,
        "Earnings From Equity Interest": NaN,
        "Gain On Sale Of Security": NaN,
        "Net Non Operating Interest Income Expense": NaN,
        "Interest Expense Non Operating": NaN,
        "Interest Income Non Operating": NaN,
        "Operating Income": NaN,
        "Operating Expense": NaN,
        "Other Operating Expenses": NaN,
        "Other Taxes": NaN,
        "Selling General And Administration": NaN,
        "General And Administrative Expense": NaN,
        "Other Gand A": NaN,
        "Salaries And Wages": NaN,
        "Gross Profit": NaN,
        "Cost Of Revenue": NaN,
        "Total Revenue": NaN,
        "Operating Revenue": NaN
    },
    "2024-09-30": {
        "Tax Effect Of Unusual Items": -100963350.0,
        "Tax Rate For Calcs": 0.15,
        "Normalized EBITDA": 196412000.0,
        "Total Unusual Items": -673089000.0,
        "Total Unusual Items Excluding Goodwill": -673089000.0,
        "Net Income From Continuing Operation Net Minority Interest": -633757000.0,
        "Reconciled Depreciation": 88051000.0,
        "Reconciled Cost Of Revenue": 313388000.0,
        "EBITDA": -476677000.0,
        "EBIT": -564728000.0,
        "Net Interest Income": -2955000.0,
        "Interest Expense": 6966000.0,
        "Interest Income": 4011000.0,
        "Normalized Income": -61631350.0,
        "Net Income From Continuing And Discontinued Operation": -633757000.0,
        "Total Expenses": 337800000.0,
        "Total Operating Income As Reported": -562181000.0,
        "Diluted Average Shares": 1310994000.0,
        "Basic Average Shares": 1310994000.0,
        "Diluted EPS": -0.48,
        "Basic EPS": -0.48,
        "Diluted NI Availto Com Stockholders": -633757000.0,
        "Net Income Common Stockholders": -633757000.0,
        "Net Income": -633757000.0,
        "Minority Interests": -2725000.0,
        "Net Income Including Noncontrolling Interests": -631032000.0,
        "Net Income Continuous Operations": -631032000.0,
        "Tax Provision": 59338000.0,
        "Pretax Income": -571694000.0,
        "Other Income Expense": -679168000.0,
        "Other Non Operating Income Expenses": -5981000.0,
        "Special Income Charges": -670647000.0,
        "Gain On Sale Of Ppe": 7308000.0,
        "Gain On Sale Of Business": 0.0,
        "Impairment Of Capital Assets": 661160000.0,
        "Restructuring And Mergern Acquisition": 0.0,
        "Earnings From Equity Interest": -98000.0,
        "Gain On Sale Of Security": -2442000.0,
        "Net Non Operating Interest Income Expense": -2955000.0,
        "Interest Expense Non Operating": 6966000.0,
        "Interest Income Non Operating": 4011000.0,
        "Operating Income": 110429000.0,
        "Operating Expense": 24412000.0,
        "Other Operating Expenses": 2707000.0,
        "Other Taxes": 3353000.0,
        "Selling General And Administration": 18352000.0,
        "General And Administrative Expense": 18352000.0,
        "Other Gand A": 13283000.0,
        "Salaries And Wages": 5069000.0,
        "Gross Profit": 134841000.0,
        "Cost Of Revenue": 313388000.0,
        "Total Revenue": 448229000.0,
        "Operating Revenue": 448229000.0
    },
    "2024-12-31": {
        "Tax Effect Of Unusual Items": -273000.0,
        "Tax Rate For Calcs": 0.15,
        "Normalized EBITDA": 214874000.0,
        "Total Unusual Items": -1820000.0,
        "Total Unusual Items Excluding Goodwill": -1820000.0,
        "Net Income From Continuing Operation Net Minority Interest": -11881000.0,
        "Reconciled Depreciation": 93903000.0,
        "Reconciled Cost Of Revenue": 325833000.0,
        "EBITDA": 213054000.0,
        "EBIT": 119151000.0,
        "Net Interest Income": -7249000.0,
        "Interest Expense": 10846000.0,
        "Interest Income": 3597000.0,
        "Normalized Income": -10334000.0,
        "Net Income From Continuing And Discontinued Operation": -11881000.0,
        "Total Expenses": 361709000.0,
        "Total Operating Income As Reported": 128415000.0,
        "Diluted Average Shares": 1313960000.0,
        "Basic Average Shares": 1313960000.0,
        "Diluted EPS": -0.01,
        "Basic EPS": -0.01,
        "Diluted NI Availto Com Stockholders": -11881000.0,
        "Net Income Common Stockholders": -11881000.0,
        "Net Income": -11881000.0,
        "Minority Interests": -2556000.0,
        "Net Income Including Noncontrolling Interests": -9325000.0,
        "Net Income Continuous Operations": -9325000.0,
        "Tax Provision": 117630000.0,
        "Pretax Income": 108305000.0,
        "Other Income Expense": -22525000.0,
        "Other Non Operating Income Expenses": NaN,
        "Special Income Charges": 16822000.0,
        "Gain On Sale Of Ppe": 0.0,
        "Gain On Sale Of Business": 16822000.0,
        "Impairment Of Capital Assets": 0.0,
        "Restructuring And Mergern Acquisition": 0.0,
        "Earnings From Equity Interest": -18773000.0,
        "Gain On Sale Of Security": -18642000.0,
        "Net Non Operating Interest Income Expense": -7249000.0,
        "Interest Expense Non Operating": 10846000.0,
        "Interest Income Non Operating": 3597000.0,
        "Operating Income": 138079000.0,
        "Operating Expense": 35876000.0,
        "Other Operating Expenses": 4060000.0,
        "Other Taxes": 2859000.0,
        "Selling General And Administration": 28957000.0,
        "General And Administrative Expense": 28957000.0,
        "Other Gand A": 19094000.0,
        "Salaries And Wages": 9863000.0,
        "Gross Profit": 173955000.0,
        "Cost Of Revenue": 325833000.0,
        "Total Revenue": 499788000.0,
        "Operating Revenue": 499788000.0
    },
    "2025-03-31": {
        "Tax Effect Of Unusual Items": -10766250.0,
        "Tax Rate For Calcs": 0.15,
        "Normalized EBITDA": 210265000.0,
        "Total Unusual Items": -71775000.0,
        "Total Unusual Items Excluding Goodwill": -71775000.0,
        "Net Income From Continuing Operation Net Minority Interest": 57587000.0,
        "Reconciled Depreciation": NaN,
        "Reconciled Cost Of Revenue": 294357000.0,
        "EBITDA": 138490000.0,
        "EBIT": 138490000.0,
        "Net Interest Income": -2551000.0,
        "Interest Expense": 5723000.0,
        "Interest Income": 3172000.0,
        "Normalized Income": 118595750.0,
        "Net Income From Continuing And Discontinued Operation": 57587000.0,
        "Total Expenses": 326124000.0,
        "Total Operating Income As Reported": 208833000.0,
        "Diluted Average Shares": 1469206000.0,
        "Basic Average Shares": 1318390000.0,
        "Diluted EPS": 0.04,
        "Basic EPS": 0.04,
        "Diluted NI Availto Com Stockholders": 57587000.0,
        "Net Income Common Stockholders": 57587000.0,
        "Net Income": 57587000.0,
        "Minority Interests": -4977000.0,
        "Net Income Including Noncontrolling Interests": 62564000.0,
        "Net Income Continuous Operations": 62564000.0,
        "Tax Provision": 70203000.0,
        "Pretax Income": 132767000.0,
        "Other Income Expense": -70665000.0,
        "Other Non Operating Income Expenses": 356000.0,
        "Special Income Charges": -5118000.0,
        "Gain On Sale Of Ppe": NaN,
        "Gain On Sale Of Business": 0.0,
        "Impairment Of Capital Assets": 5118000.0,
        "Restructuring And Mergern Acquisition": NaN,
        "Earnings From Equity Interest": 754000.0,
        "Gain On Sale Of Security": -66657000.0,
        "Net Non Operating Interest Income Expense": -2551000.0,
        "Interest Expense Non Operating": 5723000.0,
        "Interest Income Non Operating": 3172000.0,
        "Operating Income": 205983000.0,
        "Operating Expense": 31767000.0,
        "Other Operating Expenses": 7250000.0,
        "Other Taxes": 6846000.0,
        "Selling General And Administration": 17671000.0,
        "General And Administrative Expense": 17671000.0,
        "Other Gand A": 11802000.0,
        "Salaries And Wages": 5869000.0,
        "Gross Profit": 237750000.0,
        "Cost Of Revenue": 294357000.0,
        "Total Revenue": 532107000.0,
        "Operating Revenue": 532107000.0
    },
    "2025-06-30": {
        "Tax Effect Of Unusual Items": -4605300.0,
        "Tax Rate For Calcs": 0.15,
        "Normalized EBITDA": 424658000.0,
        "Total Unusual Items": -30702000.0,
        "Total Unusual Items Excluding Goodwill": -30702000.0,
        "Net Income From Continuing Operation Net Minority Interest": 154424000.0,
        "Reconciled Depreciation": 102705000.0,
        "Reconciled Cost Of Revenue": 340769000.0,
        "EBITDA": 393956000.0,
        "EBIT": 291251000.0,
        "Net Interest Income": -1941000.0,
        "Interest Expense": 4854000.0,
        "Interest Income": 2913000.0,
        "Normalized Income": 180520700.0,
        "Net Income From Continuing And Discontinued Operation": 154424000.0,
        "Total Expenses": 374895000.0,
        "Total Operating Income As Reported": 329516000.0,
        "Diluted Average Shares": 1477021000.0,
        "Basic Average Shares": 1321740000.0,
        "Diluted EPS": 0.1,
        "Basic EPS": 0.12,
        "Diluted NI Availto Com Stockholders": 154424000.0,
        "Net Income Common Stockholders": 154424000.0,
        "Net Income": 154424000.0,
        "Minority Interests": -6329000.0,
        "Net Income Including Noncontrolling Interests": 160753000.0,
        "Net Income Continuous Operations": 160753000.0,
        "Tax Provision": 125644000.0,
        "Pretax Income": 286397000.0,
        "Other Income Expense": -28973000.0,
        "Other Non Operating Income Expenses": 1729000.0,
        "Special Income Charges": -576000.0,
        "Gain On Sale Of Ppe": 0.0,
        "Gain On Sale Of Business": -576000.0,
        "Impairment Of Capital Assets": 0.0,
        "Restructuring And Mergern Acquisition": NaN,
        "Earnings From Equity Interest": NaN,
        "Gain On Sale Of Security": -30126000.0,
        "Net Non Operating Interest Income Expense": -1941000.0,
        "Interest Expense Non Operating": 4854000.0,
        "Interest Income Non Operating": 2913000.0,
        "Operating Income": 317311000.0,
        "Operating Expense": 34126000.0,
        "Other Operating Expenses": 4778000.0,
        "Other Taxes": 5431000.0,
        "Selling General And Administration": 23917000.0,
        "General And Administrative Expense": 23917000.0,
        "Other Gand A": 15783000.0,
        "Salaries And Wages": 8134000.0,
        "Gross Profit": 351437000.0,
        "Cost Of Revenue": 340769000.0,
        "Total Revenue": 692206000.0,
        "Operating Revenue": 692206000.0
    },
    "2025-09-30": {
        "Tax Effect Of Unusual Items": -22357950.0,
        "Tax Rate For Calcs": 0.15,
        "Normalized EBITDA": 351570000.0,
        "Total Unusual Items": -149053000.0,
        "Total Unusual Items Excluding Goodwill": -149053000.0,
        "Net Income From Continuing Operation Net Minority Interest": 19313000.0,
        "Reconciled Depreciation": 104665000.0,
        "Reconciled Cost Of Revenue": 392603000.0,
        "EBITDA": 202517000.0,
        "EBIT": 202517000.0,
        "Net Interest Income": -1695000.0,
        "Interest Expense": 4730000.0,
        "Interest Income": 3035000.0,
        "Normalized Income": 146008050.0,
        "Net Income From Continuing And Discontinued Operation": 19313000.0,
        "Total Expenses": 432726000.0,
        "Total Operating Income As Reported": 332867000.0,
        "Diluted Average Shares": 1482386000.0,
        "Basic Average Shares": 1324279000.0,
        "Diluted EPS": 0.01,
        "Basic EPS": 0.01,
        "Diluted NI Availto Com Stockholders": 19313000.0,
        "Net Income Common Stockholders": 19313000.0,
        "Net Income": 19313000.0,
        "Minority Interests": -3810000.0,
        "Net Income Including Noncontrolling Interests": 23123000.0,
        "Net Income Continuous Operations": 23123000.0,
        "Tax Provision": 174664000.0,
        "Pretax Income": 197787000.0,
        "Other Income Expense": -150740000.0,
        "Other Non Operating Income Expenses": 416000.0,
        "Special Income Charges": 0.0,
        "Gain On Sale Of Ppe": 0.0,
        "Gain On Sale Of Business": 0.0,
        "Impairment Of Capital Assets": 0.0,
        "Restructuring And Mergern Acquisition": NaN,
        "Earnings From Equity Interest": -2103000.0,
        "Gain On Sale Of Security": -149053000.0,
        "Net Non Operating Interest Income Expense": -1695000.0,
        "Interest Expense Non Operating": 4730000.0,
        "Interest Income Non Operating": 3035000.0,
        "Operating Income": 350222000.0,
        "Operating Expense": 40123000.0,
        "Other Operating Expenses": 17528000.0,
        "Other Taxes": 380000.0,
        "Selling General And Administration": 22215000.0,
        "General And Administrative Expense": 22215000.0,
        "Other Gand A": 15249000.0,
        "Salaries And Wages": 6966000.0,
        "Gross Profit": 390345000.0,
        "Cost Of Revenue": 392603000.0,
        "Total Revenue": 782948000.0,
        "Operating Revenue": 782948000.0
    }
}