{
    "2024-03-31": {
        "Tax Effect Of Unusual Items": NaN,
        "Tax Rate For Calcs": NaN,
        "Normalized EBITDA": NaN,
        "Total Unusual Items": NaN,
        "Total Unusual Items Excluding Goodwill": NaN,
        "Net Income From Continuing Operation Net Minority Interest": NaN,
        "Reconciled Depreciation": NaN,
        "Reconciled Cost Of Revenue": NaN,
        "EBITDA": NaN,
        "EBIT": NaN,
        "Net Interest Income": NaN,
        "Interest Expense": NaN,
        "Normalized Income": NaN,
        "Net Income From Continuing And Discontinued Operation": NaN,
        "Total Expenses": NaN,
        "Total Operating Income As Reported": NaN,
        "Diluted Average Shares": NaN,
        "Basic Average Shares": NaN,
        "Diluted EPS": NaN,
        "Basic EPS": NaN,
        "Diluted NI Availto Com Stockholders": NaN,
        "Net Income Common Stockholders": NaN,
        "Net Income": NaN,
        "Minority Interests": NaN,
        "Net Income Including Noncontrolling Interests": NaN,
        "Net Income Discontinuous Operations": 9642000.0,
        "Net Income Continuous Operations": NaN,
        "Tax Provision": NaN,
        "Pretax Income": NaN,
        "Other Income Expense": -12726000.0,
        "Special Income Charges": NaN,
        "Other Special Charges": 12726000.0,
        "Impairment Of Capital Assets": NaN,
        "Net Non Operating Interest Income Expense": NaN,
        "Interest Expense Non Operating": NaN,
        "Operating Income": NaN,
        "Operating Expense": NaN,
        "Selling General And Administration": NaN,
        "Gross Profit": NaN,
        "Cost Of Revenue": NaN,
        "Total Revenue": NaN,
        "Operating Revenue": NaN
    },
    "2023-12-31": {
        "Tax Effect Of Unusual Items": NaN,
        "Tax Rate For Calcs": NaN,
        "Normalized EBITDA": NaN,
        "Total Unusual Items": NaN,
        "Total Unusual Items Excluding Goodwill": NaN,
        "Net Income From Continuing Operation Net Minority Interest": NaN,
        "Reconciled Depreciation": NaN,
        "Reconciled Cost Of Revenue": NaN,
        "EBITDA": NaN,
        "EBIT": NaN,
        "Net Interest Income": NaN,
        "Interest Expense": NaN,
        "Normalized Income": NaN,
        "Net Income From Continuing And Discontinued Operation": NaN,
        "Total Expenses": NaN,
        "Total Operating Income As Reported": NaN,
        "Diluted Average Shares": NaN,
        "Basic Average Shares": NaN,
        "Diluted EPS": NaN,
        "Basic EPS": NaN,
        "Diluted NI Availto Com Stockholders": NaN,
        "Net Income Common Stockholders": NaN,
        "Net Income": NaN,
        "Minority Interests": NaN,
        "Net Income Including Noncontrolling Interests": NaN,
        "Net Income Discontinuous Operations": NaN,
        "Net Income Continuous Operations": NaN,
        "Tax Provision": NaN,
        "Pretax Income": NaN,
        "Other Income Expense": NaN,
        "Special Income Charges": NaN,
        "Other Special Charges": NaN,
        "Impairment Of Capital Assets": 0.0,
        "Net Non Operating Interest Income Expense": NaN,
        "Interest Expense Non Operating": NaN,
        "Operating Income": NaN,
        "Operating Expense": NaN,
        "Selling General And Administration": NaN,
        "Gross Profit": NaN,
        "Cost Of Revenue": NaN,
        "Total Revenue": NaN,
        "Operating Revenue": NaN
    },
    "2023-09-30": {
        "Tax Effect Of Unusual Items": NaN,
        "Tax Rate For Calcs": NaN,
        "Normalized EBITDA": NaN,
        "Total Unusual Items": NaN,
        "Total Unusual Items Excluding Goodwill": NaN,
        "Net Income From Continuing Operation Net Minority Interest": NaN,
        "Reconciled Depreciation": NaN,
        "Reconciled Cost Of Revenue": NaN,
        "EBITDA": NaN,
        "EBIT": NaN,
        "Net Interest Income": NaN,
        "Interest Expense": NaN,
        "Normalized Income": NaN,
        "Net Income From Continuing And Discontinued Operation": NaN,
        "Total Expenses": NaN,
        "Total Operating Income As Reported": NaN,
        "Diluted Average Shares": 171190389.0,
        "Basic Average Shares": 171190389.0,
        "Diluted EPS": -0.763314,
        "Basic EPS": -0.763314,
        "Diluted NI Availto Com Stockholders": NaN,
        "Net Income Common Stockholders": NaN,
        "Net Income": NaN,
        "Minority Interests": NaN,
        "Net Income Including Noncontrolling Interests": NaN,
        "Net Income Continuous Operations": NaN,
        "Tax Provision": NaN,
        "Pretax Income": NaN,
        "Other Income Expense": NaN,
        "Special Income Charges": NaN,
        "Other Special Charges": NaN,
        "Impairment Of Capital Assets": NaN,
        "Net Non Operating Interest Income Expense": NaN,
        "Interest Expense Non Operating": NaN,
        "Operating Income": NaN,
        "Operating Expense": NaN,
        "Selling General And Administration": NaN,
        "Gross Profit": NaN,
        "Cost Of Revenue": NaN,
        "Total Revenue": NaN,
        "Operating Revenue": NaN
    },
    "2023-06-30": {
        "Tax Effect Of Unusual Items": NaN,
        "Tax Rate For Calcs": NaN,
        "Normalized EBITDA": NaN,
        "Total Unusual Items": NaN,
        "Total Unusual Items Excluding Goodwill": NaN,
        "Net Income From Continuing Operation Net Minority Interest": NaN,
        "Reconciled Depreciation": NaN,
        "Reconciled Cost Of Revenue": NaN,
        "EBITDA": NaN,
        "EBIT": NaN,
        "Net Interest Income": NaN,
        "Interest Expense": NaN,
        "Normalized Income": NaN,
        "Net Income From Continuing And Discontinued Operation": NaN,
        "Total Expenses": NaN,
        "Total Operating Income As Reported": NaN,
        "Diluted Average Shares": 171190389.0,
        "Basic Average Shares": 171190389.0,
        "Diluted EPS": 0.023296,
        "Basic EPS": 0.023296,
        "Diluted NI Availto Com Stockholders": NaN,
        "Net Income Common Stockholders": NaN,
        "Net Income": NaN,
        "Minority Interests": NaN,
        "Net Income Including Noncontrolling Interests": NaN,
        "Net Income Continuous Operations": NaN,
        "Tax Provision": NaN,
        "Pretax Income": NaN,
        "Other Income Expense": NaN,
        "Special Income Charges": NaN,
        "Other Special Charges": NaN,
        "Impairment Of Capital Assets": NaN,
        "Net Non Operating Interest Income Expense": NaN,
        "Interest Expense Non Operating": NaN,
        "Operating Income": NaN,
        "Operating Expense": NaN,
        "Selling General And Administration": NaN,
        "Gross Profit": NaN,
        "Cost Of Revenue": NaN,
        "Total Revenue": NaN,
        "Operating Revenue": NaN
    },
    "2023-03-31": {
        "Tax Effect Of Unusual Items": NaN,
        "Tax Rate For Calcs": NaN,
        "Normalized EBITDA": NaN,
        "Total Unusual Items": 0.0,
        "Total Unusual Items Excluding Goodwill": 0.0,
        "Net Income From Continuing Operation Net Minority Interest": NaN,
        "Reconciled Depreciation": NaN,
        "Reconciled Cost Of Revenue": NaN,
        "EBITDA": NaN,
        "EBIT": NaN,
        "Net Interest Income": NaN,
        "Interest Expense": NaN,
        "Normalized Income": NaN,
        "Net Income From Continuing And Discontinued Operation": NaN,
        "Total Expenses": NaN,
        "Total Operating Income As Reported": NaN,
        "Diluted Average Shares": 171190389.0,
        "Basic Average Shares": 171190389.0,
        "Diluted EPS": -0.124902,
        "Basic EPS": -0.124902,
        "Diluted NI Availto Com Stockholders": NaN,
        "Net Income Common Stockholders": NaN,
        "Net Income": NaN,
        "Minority Interests": NaN,
        "Net Income Including Noncontrolling Interests": NaN,
        "Net Income Continuous Operations": NaN,
        "Tax Provision": NaN,
        "Pretax Income": NaN,
        "Other Income Expense": NaN,
        "Special Income Charges": 0.0,
        "Other Special Charges": NaN,
        "Impairment Of Capital Assets": NaN,
        "Net Non Operating Interest Income Expense": NaN,
        "Interest Expense Non Operating": NaN,
        "Operating Income": NaN,
        "Operating Expense": NaN,
        "Selling General And Administration": NaN,
        "Gross Profit": NaN,
        "Cost Of Revenue": NaN,
        "Total Revenue": NaN,
        "Operating Revenue": NaN
    },
    "2022-12-31": {
        "Tax Effect Of Unusual Items": NaN,
        "Tax Rate For Calcs": NaN,
        "Normalized EBITDA": NaN,
        "Total Unusual Items": NaN,
        "Total Unusual Items Excluding Goodwill": NaN,
        "Net Income From Continuing Operation Net Minority Interest": NaN,
        "Reconciled Depreciation": NaN,
        "Reconciled Cost Of Revenue": NaN,
        "EBITDA": NaN,
        "EBIT": NaN,
        "Net Interest Income": NaN,
        "Interest Expense": NaN,
        "Normalized Income": NaN,
        "Net Income From Continuing And Discontinued Operation": NaN,
        "Total Expenses": NaN,
        "Total Operating Income As Reported": NaN,
        "Diluted Average Shares": NaN,
        "Basic Average Shares": NaN,
        "Diluted EPS": NaN,
        "Basic EPS": NaN,
        "Diluted NI Availto Com Stockholders": NaN,
        "Net Income Common Stockholders": NaN,
        "Net Income": NaN,
        "Minority Interests": NaN,
        "Net Income Including Noncontrolling Interests": NaN,
        "Net Income Continuous Operations": NaN,
        "Tax Provision": NaN,
        "Pretax Income": NaN,
        "Other Income Expense": -25456000.0,
        "Special Income Charges": NaN,
        "Other Special Charges": NaN,
        "Impairment Of Capital Assets": 25456000.0,
        "Net Non Operating Interest Income Expense": NaN,
        "Interest Expense Non Operating": NaN,
        "Operating Income": NaN,
        "Operating Expense": NaN,
        "Selling General And Administration": NaN,
        "Gross Profit": NaN,
        "Cost Of Revenue": NaN,
        "Total Revenue": NaN,
        "Operating Revenue": NaN
    },
    "2024-06-30": {
        "Tax Effect Of Unusual Items": 0.0,
        "Tax Rate For Calcs": 0.21,
        "Normalized EBITDA": 88724000.0,
        "Total Unusual Items": 0.0,
        "Total Unusual Items Excluding Goodwill": 0.0,
        "Net Income From Continuing Operation Net Minority Interest": 8964000.0,
        "Reconciled Depreciation": 50071000.0,
        "Reconciled Cost Of Revenue": 2126078000.0,
        "EBITDA": 88724000.0,
        "EBIT": 38653000.0,
        "Net Interest Income": -43282000.0,
        "Interest Expense": 43282000.0,
        "Normalized Income": 8964000.0,
        "Net Income From Continuing And Discontinued Operation": 19919000.0,
        "Total Expenses": 2399601000.0,
        "Total Operating Income As Reported": 38653000.0,
        "Diluted Average Shares": 208987000.0,
        "Basic Average Shares": 197515000.0,
        "Diluted EPS": 0.1,
        "Basic EPS": 0.1,
        "Diluted NI Availto Com Stockholders": 19919000.0,
        "Net Income Common Stockholders": 19919000.0,
        "Net Income": 19919000.0,
        "Minority Interests": 478000.0,
        "Net Income Including Noncontrolling Interests": 19441000.0,
        "Net Income Discontinuous Operations": 10955000.0,
        "Net Income Continuous Operations": 8486000.0,
        "Tax Provision": -13115000.0,
        "Pretax Income": -4629000.0,
        "Other Income Expense": NaN,
        "Special Income Charges": 0.0,
        "Other Special Charges": NaN,
        "Impairment Of Capital Assets": NaN,
        "Net Non Operating Interest Income Expense": -43282000.0,
        "Interest Expense Non Operating": 43282000.0,
        "Operating Income": 38653000.0,
        "Operating Expense": 273523000.0,
        "Selling General And Administration": 273523000.0,
        "Gross Profit": 312176000.0,
        "Cost Of Revenue": 2126078000.0,
        "Total Revenue": 2438254000.0,
        "Operating Revenue": 2438254000.0
    },
    "2024-09-30": {
        "Tax Effect Of Unusual Items": 0.0,
        "Tax Rate For Calcs": 0.21,
        "Normalized EBITDA": 107448000.0,
        "Total Unusual Items": 0.0,
        "Total Unusual Items Excluding Goodwill": 0.0,
        "Net Income From Continuing Operation Net Minority Interest": -8230000.0,
        "Reconciled Depreciation": 50608000.0,
        "Reconciled Cost Of Revenue": 2498711000.0,
        "EBITDA": 107448000.0,
        "EBIT": 56840000.0,
        "Net Interest Income": -56061000.0,
        "Interest Expense": 56061000.0,
        "Normalized Income": -8230000.0,
        "Net Income From Continuing And Discontinued Operation": -8230000.0,
        "Total Expenses": 2849983000.0,
        "Total Operating Income As Reported": 56840000.0,
        "Diluted Average Shares": 198491000.0,
        "Basic Average Shares": 198491000.0,
        "Diluted EPS": -0.04,
        "Basic EPS": -0.04,
        "Diluted NI Availto Com Stockholders": -8230000.0,
        "Net Income Common Stockholders": -8230000.0,
        "Net Income": -8230000.0,
        "Minority Interests": 751000.0,
        "Net Income Including Noncontrolling Interests": -8981000.0,
        "Net Income Discontinuous Operations": NaN,
        "Net Income Continuous Operations": -8981000.0,
        "Tax Provision": 9760000.0,
        "Pretax Income": 779000.0,
        "Other Income Expense": NaN,
        "Special Income Charges": 0.0,
        "Other Special Charges": NaN,
        "Impairment Of Capital Assets": NaN,
        "Net Non Operating Interest Income Expense": -56061000.0,
        "Interest Expense Non Operating": 56061000.0,
        "Operating Income": 56840000.0,
        "Operating Expense": 351272000.0,
        "Selling General And Administration": 351272000.0,
        "Gross Profit": 408112000.0,
        "Cost Of Revenue": 2498711000.0,
        "Total Revenue": 2906823000.0,
        "Operating Revenue": 2906823000.0
    },
    "2024-12-31": {
        "Tax Effect Of Unusual Items": 0.0,
        "Tax Rate For Calcs": 0.363129,
        "Normalized EBITDA": 133934000.0,
        "Total Unusual Items": 0.0,
        "Total Unusual Items Excluding Goodwill": 0.0,
        "Net Income From Continuing Operation Net Minority Interest": 15999000.0,
        "Reconciled Depreciation": 54881000.0,
        "Reconciled Cost Of Revenue": 2630902000.0,
        "EBITDA": 133934000.0,
        "EBIT": 79053000.0,
        "Net Interest Income": -54866000.0,
        "Interest Expense": 54866000.0,
        "Normalized Income": 15999000.0,
        "Net Income From Continuing And Discontinued Operation": 15999000.0,
        "Total Expenses": 2973748000.0,
        "Total Operating Income As Reported": 79053000.0,
        "Diluted Average Shares": 213160000.0,
        "Basic Average Shares": 200312000.0,
        "Diluted EPS": 0.08,
        "Basic EPS": 0.08,
        "Diluted NI Availto Com Stockholders": 15999000.0,
        "Net Income Common Stockholders": 15999000.0,
        "Net Income": 15999000.0,
        "Minority Interests": 595000.0,
        "Net Income Including Noncontrolling Interests": 15404000.0,
        "Net Income Discontinuous Operations": NaN,
        "Net Income Continuous Operations": 15404000.0,
        "Tax Provision": 8783000.0,
        "Pretax Income": 24187000.0,
        "Other Income Expense": 0.0,
        "Special Income Charges": 0.0,
        "Other Special Charges": 0.0,
        "Impairment Of Capital Assets": NaN,
        "Net Non Operating Interest Income Expense": -54866000.0,
        "Interest Expense Non Operating": 54866000.0,
        "Operating Income": 79053000.0,
        "Operating Expense": 342846000.0,
        "Selling General And Administration": 342846000.0,
        "Gross Profit": 421899000.0,
        "Cost Of Revenue": 2630902000.0,
        "Total Revenue": 3052801000.0,
        "Operating Revenue": 3052801000.0
    },
    "2025-03-31": {
        "Tax Effect Of Unusual Items": 0.0,
        "Tax Rate For Calcs": 0.21,
        "Normalized EBITDA": 92900000.0,
        "Total Unusual Items": 0.0,
        "Total Unusual Items Excluding Goodwill": 0.0,
        "Net Income From Continuing Operation Net Minority Interest": 9748000.0,
        "Reconciled Depreciation": 42161000.0,
        "Reconciled Cost Of Revenue": 2539760000.0,
        "EBITDA": 92900000.0,
        "EBIT": 50739000.0,
        "Net Interest Income": -41763000.0,
        "Interest Expense": 41763000.0,
        "Normalized Income": 9748000.0,
        "Net Income From Continuing And Discontinued Operation": 29542000.0,
        "Total Expenses": 2827390000.0,
        "Total Operating Income As Reported": 50739000.0,
        "Diluted Average Shares": 214927000.0,
        "Basic Average Shares": 201005000.0,
        "Diluted EPS": 0.14,
        "Basic EPS": 0.15,
        "Diluted NI Availto Com Stockholders": 29542000.0,
        "Net Income Common Stockholders": 29542000.0,
        "Net Income": 29542000.0,
        "Minority Interests": 532000.0,
        "Net Income Including Noncontrolling Interests": 29010000.0,
        "Net Income Discontinuous Operations": 19794000.0,
        "Net Income Continuous Operations": 9216000.0,
        "Tax Provision": -240000.0,
        "Pretax Income": 8976000.0,
        "Other Income Expense": NaN,
        "Special Income Charges": 0.0,
        "Other Special Charges": NaN,
        "Impairment Of Capital Assets": NaN,
        "Net Non Operating Interest Income Expense": -41763000.0,
        "Interest Expense Non Operating": 41763000.0,
        "Operating Income": 50739000.0,
        "Operating Expense": 287630000.0,
        "Selling General And Administration": 287630000.0,
        "Gross Profit": 338369000.0,
        "Cost Of Revenue": 2539760000.0,
        "Total Revenue": 2878129000.0,
        "Operating Revenue": 2878129000.0
    },
    "2025-06-30": {
        "Tax Effect Of Unusual Items": 0.0,
        "Tax Rate For Calcs": 0.127,
        "Normalized EBITDA": 90396000.0,
        "Total Unusual Items": 0.0,
        "Total Unusual Items Excluding Goodwill": 0.0,
        "Net Income From Continuing Operation Net Minority Interest": 9207000.0,
        "Reconciled Depreciation": 41839000.0,
        "Reconciled Cost Of Revenue": 2772846000.0,
        "EBITDA": 90396000.0,
        "EBIT": 48557000.0,
        "Net Interest Income": -38778000.0,
        "Interest Expense": 38778000.0,
        "Normalized Income": 9207000.0,
        "Net Income From Continuing And Discontinued Operation": 28208000.0,
        "Total Expenses": 3099141000.0,
        "Total Operating Income As Reported": 48557000.0,
        "Diluted Average Shares": 216336000.0,
        "Basic Average Shares": 201807000.0,
        "Diluted EPS": 0.13,
        "Basic EPS": 0.14,
        "Diluted NI Availto Com Stockholders": 28208000.0,
        "Net Income Common Stockholders": 28208000.0,
        "Net Income": 28208000.0,
        "Minority Interests": 666000.0,
        "Net Income Including Noncontrolling Interests": 27542000.0,
        "Net Income Discontinuous Operations": 19001000.0,
        "Net Income Continuous Operations": 8541000.0,
        "Tax Provision": 1238000.0,
        "Pretax Income": 9779000.0,
        "Other Income Expense": NaN,
        "Special Income Charges": 0.0,
        "Other Special Charges": NaN,
        "Impairment Of Capital Assets": NaN,
        "Net Non Operating Interest Income Expense": -38778000.0,
        "Interest Expense Non Operating": 38778000.0,
        "Operating Income": 48557000.0,
        "Operating Expense": 326295000.0,
        "Selling General And Administration": 326295000.0,
        "Gross Profit": 374852000.0,
        "Cost Of Revenue": 2772846000.0,
        "Total Revenue": 3147698000.0,
        "Operating Revenue": 3147698000.0
    }
}