{
    "2023-06-30": {
        "Tax Effect Of Unusual Items": NaN,
        "Tax Rate For Calcs": NaN,
        "Normalized EBITDA": NaN,
        "Total Unusual Items": NaN,
        "Total Unusual Items Excluding Goodwill": NaN,
        "Net Income From Continuing Operation Net Minority Interest": NaN,
        "Reconciled Depreciation": NaN,
        "Reconciled Cost Of Revenue": NaN,
        "EBITDA": NaN,
        "EBIT": NaN,
        "Net Interest Income": NaN,
        "Interest Expense": NaN,
        "Interest Income": NaN,
        "Normalized Income": NaN,
        "Net Income From Continuing And Discontinued Operation": NaN,
        "Total Expenses": NaN,
        "Total Operating Income As Reported": NaN,
        "Diluted Average Shares": NaN,
        "Basic Average Shares": NaN,
        "Diluted EPS": NaN,
        "Basic EPS": NaN,
        "Diluted NI Availto Com Stockholders": NaN,
        "Average Dilution Earnings": NaN,
        "Net Income Common Stockholders": NaN,
        "Net Income": NaN,
        "Minority Interests": NaN,
        "Net Income Including Noncontrolling Interests": NaN,
        "Net Income Discontinuous Operations": NaN,
        "Net Income Continuous Operations": NaN,
        "Tax Provision": NaN,
        "Pretax Income": NaN,
        "Other Income Expense": NaN,
        "Other Non Operating Income Expenses": 9700000.0,
        "Special Income Charges": NaN,
        "Gain On Sale Of Ppe": NaN,
        "Other Special Charges": NaN,
        "Write Off": NaN,
        "Restructuring And Mergern Acquisition": NaN,
        "Earnings From Equity Interest": NaN,
        "Net Non Operating Interest Income Expense": NaN,
        "Interest Expense Non Operating": NaN,
        "Interest Income Non Operating": NaN,
        "Operating Income": NaN,
        "Operating Expense": NaN,
        "Other Operating Expenses": NaN,
        "Depreciation Amortization Depletion Income Statement": NaN,
        "Selling General And Administration": NaN,
        "Gross Profit": NaN,
        "Cost Of Revenue": NaN,
        "Total Revenue": NaN,
        "Operating Revenue": NaN
    },
    "2023-03-31": {
        "Tax Effect Of Unusual Items": NaN,
        "Tax Rate For Calcs": NaN,
        "Normalized EBITDA": NaN,
        "Total Unusual Items": NaN,
        "Total Unusual Items Excluding Goodwill": NaN,
        "Net Income From Continuing Operation Net Minority Interest": NaN,
        "Reconciled Depreciation": NaN,
        "Reconciled Cost Of Revenue": NaN,
        "EBITDA": NaN,
        "EBIT": NaN,
        "Net Interest Income": NaN,
        "Interest Expense": NaN,
        "Interest Income": NaN,
        "Normalized Income": NaN,
        "Net Income From Continuing And Discontinued Operation": NaN,
        "Total Expenses": NaN,
        "Total Operating Income As Reported": NaN,
        "Diluted Average Shares": NaN,
        "Basic Average Shares": NaN,
        "Diluted EPS": NaN,
        "Basic EPS": NaN,
        "Diluted NI Availto Com Stockholders": NaN,
        "Average Dilution Earnings": NaN,
        "Net Income Common Stockholders": NaN,
        "Net Income": NaN,
        "Minority Interests": NaN,
        "Net Income Including Noncontrolling Interests": NaN,
        "Net Income Discontinuous Operations": NaN,
        "Net Income Continuous Operations": NaN,
        "Tax Provision": NaN,
        "Pretax Income": NaN,
        "Other Income Expense": NaN,
        "Other Non Operating Income Expenses": 9700000.0,
        "Special Income Charges": NaN,
        "Gain On Sale Of Ppe": NaN,
        "Other Special Charges": NaN,
        "Write Off": NaN,
        "Restructuring And Mergern Acquisition": NaN,
        "Earnings From Equity Interest": NaN,
        "Net Non Operating Interest Income Expense": NaN,
        "Interest Expense Non Operating": NaN,
        "Interest Income Non Operating": NaN,
        "Operating Income": NaN,
        "Operating Expense": NaN,
        "Other Operating Expenses": NaN,
        "Depreciation Amortization Depletion Income Statement": NaN,
        "Selling General And Administration": NaN,
        "Gross Profit": NaN,
        "Cost Of Revenue": NaN,
        "Total Revenue": NaN,
        "Operating Revenue": NaN
    },
    "2022-12-31": {
        "Tax Effect Of Unusual Items": NaN,
        "Tax Rate For Calcs": NaN,
        "Normalized EBITDA": NaN,
        "Total Unusual Items": NaN,
        "Total Unusual Items Excluding Goodwill": NaN,
        "Net Income From Continuing Operation Net Minority Interest": NaN,
        "Reconciled Depreciation": NaN,
        "Reconciled Cost Of Revenue": NaN,
        "EBITDA": NaN,
        "EBIT": NaN,
        "Net Interest Income": NaN,
        "Interest Expense": NaN,
        "Interest Income": NaN,
        "Normalized Income": NaN,
        "Net Income From Continuing And Discontinued Operation": NaN,
        "Total Expenses": NaN,
        "Total Operating Income As Reported": NaN,
        "Diluted Average Shares": NaN,
        "Basic Average Shares": NaN,
        "Diluted EPS": NaN,
        "Basic EPS": NaN,
        "Diluted NI Availto Com Stockholders": NaN,
        "Average Dilution Earnings": 2600000.0,
        "Net Income Common Stockholders": NaN,
        "Net Income": NaN,
        "Minority Interests": NaN,
        "Net Income Including Noncontrolling Interests": NaN,
        "Net Income Discontinuous Operations": NaN,
        "Net Income Continuous Operations": NaN,
        "Tax Provision": NaN,
        "Pretax Income": NaN,
        "Other Income Expense": NaN,
        "Other Non Operating Income Expenses": NaN,
        "Special Income Charges": NaN,
        "Gain On Sale Of Ppe": NaN,
        "Other Special Charges": NaN,
        "Write Off": NaN,
        "Impairment Of Capital Assets": 9500000.0,
        "Restructuring And Mergern Acquisition": NaN,
        "Earnings From Equity Interest": NaN,
        "Net Non Operating Interest Income Expense": NaN,
        "Interest Expense Non Operating": NaN,
        "Interest Income Non Operating": NaN,
        "Operating Income": NaN,
        "Operating Expense": NaN,
        "Other Operating Expenses": NaN,
        "Depreciation Amortization Depletion Income Statement": NaN,
        "Selling General And Administration": NaN,
        "Gross Profit": NaN,
        "Cost Of Revenue": NaN,
        "Total Revenue": NaN,
        "Operating Revenue": NaN
    },
    "2022-09-30": {
        "Tax Effect Of Unusual Items": NaN,
        "Tax Rate For Calcs": NaN,
        "Normalized EBITDA": NaN,
        "Total Unusual Items": NaN,
        "Total Unusual Items Excluding Goodwill": NaN,
        "Net Income From Continuing Operation Net Minority Interest": NaN,
        "Reconciled Depreciation": NaN,
        "Reconciled Cost Of Revenue": NaN,
        "EBITDA": NaN,
        "EBIT": NaN,
        "Net Interest Income": NaN,
        "Interest Expense": NaN,
        "Interest Income": NaN,
        "Normalized Income": NaN,
        "Net Income From Continuing And Discontinued Operation": NaN,
        "Total Expenses": NaN,
        "Total Operating Income As Reported": NaN,
        "Diluted Average Shares": NaN,
        "Basic Average Shares": NaN,
        "Diluted EPS": NaN,
        "Basic EPS": NaN,
        "Diluted NI Availto Com Stockholders": NaN,
        "Average Dilution Earnings": 2600000.0,
        "Net Income Common Stockholders": NaN,
        "Net Income": NaN,
        "Minority Interests": NaN,
        "Net Income Including Noncontrolling Interests": NaN,
        "Net Income Discontinuous Operations": NaN,
        "Net Income Continuous Operations": NaN,
        "Tax Provision": NaN,
        "Pretax Income": NaN,
        "Other Income Expense": NaN,
        "Other Non Operating Income Expenses": NaN,
        "Special Income Charges": NaN,
        "Gain On Sale Of Ppe": NaN,
        "Other Special Charges": NaN,
        "Write Off": NaN,
        "Impairment Of Capital Assets": 1700000.0,
        "Restructuring And Mergern Acquisition": NaN,
        "Earnings From Equity Interest": NaN,
        "Net Non Operating Interest Income Expense": NaN,
        "Interest Expense Non Operating": NaN,
        "Interest Income Non Operating": NaN,
        "Operating Income": NaN,
        "Operating Expense": NaN,
        "Other Operating Expenses": NaN,
        "Depreciation Amortization Depletion Income Statement": NaN,
        "Selling General And Administration": NaN,
        "Gross Profit": NaN,
        "Cost Of Revenue": NaN,
        "Total Revenue": NaN,
        "Operating Revenue": NaN
    },
    "2022-06-30": {
        "Tax Effect Of Unusual Items": 275414.103171,
        "Tax Rate For Calcs": 0.026739,
        "Normalized EBITDA": 523700000.0,
        "Total Unusual Items": 10300000.0,
        "Total Unusual Items Excluding Goodwill": 10300000.0,
        "Net Income From Continuing Operation Net Minority Interest": 410200000.0,
        "Reconciled Depreciation": 73800000.0,
        "Reconciled Cost Of Revenue": 825600000.0,
        "EBITDA": 534000000.0,
        "EBIT": 460200000.0,
        "Net Interest Income": -36700000.0,
        "Interest Expense": 37600000.0,
        "Interest Income": 900000.0,
        "Normalized Income": 400175414.103171,
        "Net Income From Continuing And Discontinued Operation": 409500000.0,
        "Total Expenses": 933900000.0,
        "Total Operating Income As Reported": 449300000.0,
        "Diluted Average Shares": 161900000.0,
        "Basic Average Shares": 144000000.0,
        "Diluted EPS": 2.54,
        "Basic EPS": 2.84,
        "Diluted NI Availto Com Stockholders": 409500000.0,
        "Average Dilution Earnings": NaN,
        "Net Income Common Stockholders": 409500000.0,
        "Net Income": 409500000.0,
        "Minority Interests": -1100000.0,
        "Net Income Including Noncontrolling Interests": 410600000.0,
        "Net Income Discontinuous Operations": -700000.0,
        "Net Income Continuous Operations": 411300000.0,
        "Tax Provision": 11300000.0,
        "Pretax Income": 422600000.0,
        "Other Income Expense": 71300000.0,
        "Other Non Operating Income Expenses": 12300000.0,
        "Special Income Charges": 10300000.0,
        "Gain On Sale Of Ppe": 12800000.0,
        "Other Special Charges": 2300000.0,
        "Write Off": NaN,
        "Impairment Of Capital Assets": NaN,
        "Restructuring And Mergern Acquisition": 200000.0,
        "Earnings From Equity Interest": 48700000.0,
        "Net Non Operating Interest Income Expense": -36700000.0,
        "Interest Expense Non Operating": 37600000.0,
        "Interest Income Non Operating": 900000.0,
        "Operating Income": 388000000.0,
        "Operating Expense": 108300000.0,
        "Other Operating Expenses": 12700000.0,
        "Depreciation Amortization Depletion Income Statement": 73800000.0,
        "Selling General And Administration": 21800000.0,
        "Gross Profit": 496300000.0,
        "Cost Of Revenue": 825600000.0,
        "Total Revenue": 1321900000.0,
        "Operating Revenue": 1321900000.0
    },
    "2022-03-31": {
        "Diluted EPS": -0.88,
        "Total Revenue": 691,
        "Gross Profit": -8,
        "Operating Income": -71,
        "EBIT": 2,
        "Net Income": -120
    },
    "2021-12-31": {
        "Diluted EPS": 4.69,
        "Total Revenue": NaN,
        "Gross Profit": 555,
        "Operating Income": 521,
        "EBIT": 606,
        "Net Income": 513
    },
    "2021-09-30": {
        "Diluted EPS": -0.38,
        "Total Revenue": 679,
        "Gross Profit": 30,
        "Operating Income": -44,
        "EBIT": 34,
        "Net Income": -44
    },
    "2021-06-30": {
        "Diluted EPS": -0.28,
        "Total Revenue": 723,
        "Gross Profit": 112,
        "Operating Income": -4,
        "EBIT": 73,
        "Net Income": -29
    },
    "2021-03-31": {
        "Diluted EPS": -0.81,
        "Total Revenue": 651,
        "Gross Profit": 69,
        "Operating Income": -41,
        "EBIT": 28,
        "Net Income": -80
    },
    "2020-12-31": {
        "Diluted EPS": -1.34,
        "Total Revenue": 737,
        "Gross Profit": 99,
        "Operating Income": -108,
        "EBIT": -29,
        "Net Income": -129
    },
    "2020-09-30": {
        "Diluted EPS": -0.69,
        "Total Revenue": 671,
        "Gross Profit": 120,
        "Operating Income": -16,
        "EBIT": 56,
        "Net Income": -67
    },
    "2020-06-30": {
        "Diluted EPS": -15.78,
        "Total Revenue": 627,
        "Gross Profit": 70,
        "Operating Income": NaN,
        "EBIT": NaN,
        "Net Income": NaN
    },
    "2020-03-31": {
        "Diluted EPS": -1.33,
        "Total Revenue": 846,
        "Gross Profit": 67,
        "Operating Income": -94,
        "EBIT": 13,
        "Net Income": -130
    },
    "2019-12-31": {
        "Diluted EPS": -2.69,
        "Total Revenue": NaN,
        "Gross Profit": 292,
        "Operating Income": -166,
        "EBIT": -44,
        "Net Income": -290
    },
    "2019-09-30": {
        "Diluted EPS": -0.81,
        "Total Revenue": NaN,
        "Gross Profit": 201,
        "Operating Income": -37,
        "EBIT": 105,
        "Net Income": -83
    },
    "2019-06-30": {
        "Diluted EPS": 0.34,
        "Total Revenue": NaN,
        "Gross Profit": 291,
        "Operating Income": 80,
        "EBIT": 245,
        "Net Income": 37
    },
    "2019-03-31": {
        "Diluted EPS": 1.12,
        "Total Revenue": NaN,
        "Gross Profit": 302,
        "Operating Income": 185,
        "EBIT": 357,
        "Net Income": 124
    },
    "2018-12-31": {
        "Diluted EPS": 2.12,
        "Total Revenue": NaN,
        "Gross Profit": 377,
        "Operating Income": 127,
        "EBIT": 303,
        "Net Income": 253
    },
    "2018-09-30": {
        "Diluted EPS": 0.59,
        "Total Revenue": NaN,
        "Gross Profit": 365,
        "Operating Income": 130,
        "EBIT": 300,
        "Net Income": 72
    },
    "2018-06-30": {
        "Diluted EPS": 0.9,
        "Total Revenue": NaN,
        "Gross Profit": 363,
        "Operating Income": 165,
        "EBIT": 329,
        "Net Income": 114
    },
    "2018-03-31": {
        "Diluted EPS": 0.82,
        "Total Revenue": NaN,
        "Gross Profit": 406,
        "Operating Income": 239,
        "EBIT": 409,
        "Net Income": 107
    },
    "2017-12-31": {
        "Diluted EPS": -2.74,
        "Total Revenue": NaN,
        "Gross Profit": 439,
        "Operating Income": 302,
        "EBIT": 481,
        "Net Income": 193
    },
    "2017-09-30": {
        "Diluted EPS": 1.47,
        "Total Revenue": NaN,
        "Gross Profit": 438,
        "Operating Income": 210,
        "EBIT": 404,
        "Net Income": 201
    },
    "2017-06-30": {
        "Diluted EPS": -3.64,
        "Total Revenue": NaN,
        "Gross Profit": 330,
        "Operating Income": 153,
        "EBIT": 301,
        "Net Income": -352
    },
    "2017-03-31": {
        "Diluted EPS": 6.21,
        "Total Revenue": NaN,
        "Gross Profit": 376,
        "Operating Income": 213,
        "EBIT": 332,
        "Net Income": 115
    },
    "2016-12-31": {
        "Diluted EPS": -10.53,
        "Total Revenue": NaN,
        "Gross Profit": 352,
        "Operating Income": 12,
        "EBIT": 132,
        "Net Income": -193
    },
    "2016-09-30": {
        "Diluted EPS": -7.53,
        "Total Revenue": NaN,
        "Gross Profit": 142,
        "Operating Income": -22,
        "EBIT": 96,
        "Net Income": -138
    },
    "2016-06-30": {
        "Diluted EPS": -12.46,
        "Total Revenue": NaN,
        "Gross Profit": 44,
        "Operating Income": -108,
        "EBIT": 8,
        "Net Income": -228
    },
    "2016-03-31": {
        "Diluted EPS": -9.35,
        "Total Revenue": NaN,
        "Gross Profit": 107,
        "Operating Income": -103,
        "EBIT": 9,
        "Net Income": -171
    },
    "2015-12-31": {
        "Diluted EPS": -24.16,
        "Total Revenue": NaN,
        "Gross Profit": 80,
        "Operating Income": -471,
        "EBIT": -329,
        "Net Income": -439
    },
    "2015-09-30": {
        "Diluted EPS": -16.73,
        "Total Revenue": NaN,
        "Gross Profit": 165,
        "Operating Income": -20,
        "EBIT": 116,
        "Net Income": -305
    },
    "2015-06-30": {
        "Diluted EPS": -57.59,
        "Total Revenue": NaN,
        "Gross Profit": 141,
        "Operating Income": -976,
        "EBIT": -829,
        "Net Income": NaN
    },
    "2015-03-31": {
        "Diluted EPS": -9.81,
        "Total Revenue": NaN,
        "Gross Profit": 216,
        "Operating Income": 2,
        "EBIT": 150,
        "Net Income": -177
    },
    "2014-12-31": {
        "Diluted EPS": -32.19,
        "Total Revenue": NaN,
        "Gross Profit": 283,
        "Operating Income": -207,
        "EBIT": -35,
        "Net Income": -462
    },
    "2014-09-30": {
        "Diluted EPS": -8.44,
        "Total Revenue": NaN,
        "Gross Profit": 270,
        "Operating Income": 36,
        "EBIT": 200,
        "Net Income": -151
    },
    "2014-06-30": {
        "Diluted EPS": -0.27,
        "Total Revenue": NaN,
        "Gross Profit": 290,
        "Operating Income": 33,
        "EBIT": 196,
        "Net Income": -73
    },
    "2014-03-31": {
        "Diluted EPS": -0.18,
        "Total Revenue": NaN,
        "Gross Profit": 232,
        "Operating Income": 3,
        "EBIT": 160,
        "Net Income": -49
    },
    "2013-12-31": {
        "Diluted EPS": -29.67,
        "Total Revenue": NaN,
        "Gross Profit": 272,
        "Operating Income": -552,
        "EBIT": -355,
        "Net Income": -566
    },
    "2013-09-30": {
        "Diluted EPS": -0.1,
        "Total Revenue": NaN,
        "Gross Profit": 366,
        "Operating Income": 112,
        "EBIT": 299,
        "Net Income": -26
    },
    "2013-06-30": {
        "Diluted EPS": 0.33,
        "Total Revenue": NaN,
        "Gross Profit": 288,
        "Operating Income": 26,
        "EBIT": 212,
        "Net Income": 90
    },
    "2013-03-31": {
        "Diluted EPS": -0.09,
        "Total Revenue": NaN,
        "Gross Profit": 359,
        "Operating Income": 89,
        "EBIT": 260,
        "Net Income": -24
    },
    "2012-12-31": {
        "Diluted EPS": -3.73,
        "Total Revenue": NaN,
        "Gross Profit": 473,
        "Operating Income": -722,
        "EBIT": -529,
        "Net Income": NaN
    },
    "2012-09-30": {
        "Diluted EPS": 0.16,
        "Total Revenue": NaN,
        "Gross Profit": 558,
        "Operating Income": 267,
        "EBIT": 439,
        "Net Income": 43
    },
    "2012-06-30": {
        "Diluted EPS": 0.75,
        "Total Revenue": NaN,
        "Gross Profit": 515,
        "Operating Income": 277,
        "EBIT": 432,
        "Net Income": 203
    },
    "2012-03-31": {
        "Diluted EPS": 0.63,
        "Total Revenue": NaN,
        "Gross Profit": 599,
        "Operating Income": 351,
        "EBIT": 494,
        "Net Income": 172
    },
    "2011-12-31": {
        "Diluted EPS": 0.82,
        "Total Revenue": NaN,
        "Gross Profit": 706,
        "Operating Income": 417,
        "EBIT": 573,
        "Net Income": 220
    },
    "2011-09-30": {
        "Diluted EPS": 1.0,
        "Total Revenue": NaN,
        "Gross Profit": 581,
        "Operating Income": 386,
        "EBIT": 491,
        "Net Income": 274
    },
    "2011-06-30": {
        "Diluted EPS": 1.05,
        "Total Revenue": NaN,
        "Gross Profit": 635,
        "Operating Income": 479,
        "EBIT": 583,
        "Net Income": 283
    },
    "2011-03-31": {
        "Diluted EPS": 0.65,
        "Total Revenue": NaN,
        "Gross Profit": 496,
        "Operating Income": 314,
        "EBIT": 422,
        "Net Income": 176
    },
    "2010-12-31": {
        "Diluted EPS": 0.75,
        "Total Revenue": NaN,
        "Gross Profit": 516,
        "Operating Income": 340,
        "EBIT": 442,
        "Net Income": 209
    },
    "2010-09-30": {
        "Diluted EPS": 0.83,
        "Total Revenue": NaN,
        "Gross Profit": 621,
        "Operating Income": 445,
        "EBIT": 561,
        "Net Income": 222
    },
    "2010-06-30": {
        "Diluted EPS": 0.76,
        "Total Revenue": NaN,
        "Gross Profit": 487,
        "Operating Income": 324,
        "EBIT": 430,
        "Net Income": 205
    },
    "2010-03-31": {
        "Diluted EPS": 0.5,
        "Total Revenue": NaN,
        "Gross Profit": 407,
        "Operating Income": 242,
        "EBIT": 348,
        "Net Income": 133
    },
    "2009-12-31": {
        "Diluted EPS": 0.34,
        "Total Revenue": NaN,
        "Gross Profit": 363,
        "Operating Income": 167,
        "EBIT": 262,
        "Net Income": 92
    },
    "2009-09-30": {
        "Diluted EPS": 0.4,
        "Total Revenue": NaN,
        "Gross Profit": 405,
        "Operating Income": 220,
        "EBIT": 328,
        "Net Income": 106
    },
    "2009-06-30": {
        "Diluted EPS": 0.29,
        "Total Revenue": NaN,
        "Gross Profit": 368,
        "Operating Income": 215,
        "EBIT": 315,
        "Net Income": 79
    },
    "2009-03-31": {
        "Diluted EPS": 0.63,
        "Total Revenue": NaN,
        "Gross Profit": 372,
        "Operating Income": 220,
        "EBIT": 318,
        "Net Income": 169
    },
    "2023-09-30": {
        "Tax Effect Of Unusual Items": NaN,
        "Tax Rate For Calcs": NaN,
        "Normalized EBITDA": NaN,
        "Total Unusual Items": NaN,
        "Total Unusual Items Excluding Goodwill": NaN,
        "Net Income From Continuing Operation Net Minority Interest": NaN,
        "Reconciled Depreciation": NaN,
        "Reconciled Cost Of Revenue": NaN,
        "EBITDA": NaN,
        "EBIT": NaN,
        "Net Interest Income": NaN,
        "Interest Expense": NaN,
        "Interest Income": NaN,
        "Normalized Income": NaN,
        "Net Income From Continuing And Discontinued Operation": NaN,
        "Total Expenses": NaN,
        "Total Operating Income As Reported": NaN,
        "Diluted Average Shares": NaN,
        "Basic Average Shares": NaN,
        "Diluted EPS": NaN,
        "Basic EPS": NaN,
        "Diluted NI Availto Com Stockholders": NaN,
        "Average Dilution Earnings": 3000000.0,
        "Net Income Common Stockholders": NaN,
        "Net Income": NaN,
        "Minority Interests": NaN,
        "Net Income Including Noncontrolling Interests": NaN,
        "Net Income Discontinuous Operations": NaN,
        "Net Income Continuous Operations": NaN,
        "Tax Provision": NaN,
        "Pretax Income": NaN,
        "Other Income Expense": NaN,
        "Other Non Operating Income Expenses": 10000000.0,
        "Special Income Charges": NaN,
        "Gain On Sale Of Ppe": NaN,
        "Other Special Charges": -10000000.0,
        "Write Off": NaN,
        "Restructuring And Mergern Acquisition": NaN,
        "Earnings From Equity Interest": NaN,
        "Net Non Operating Interest Income Expense": NaN,
        "Total Other Finance Cost": NaN,
        "Interest Expense Non Operating": NaN,
        "Interest Income Non Operating": NaN,
        "Operating Income": NaN,
        "Operating Expense": NaN,
        "Other Operating Expenses": NaN,
        "Depreciation Amortization Depletion Income Statement": NaN,
        "Selling General And Administration": NaN,
        "Gross Profit": NaN,
        "Cost Of Revenue": NaN,
        "Total Revenue": NaN,
        "Operating Revenue": NaN
    },
    "2023-12-31": {
        "Tax Effect Of Unusual Items": NaN,
        "Tax Rate For Calcs": NaN,
        "Normalized EBITDA": NaN,
        "Total Unusual Items": NaN,
        "Total Unusual Items Excluding Goodwill": NaN,
        "Net Income From Continuing Operation Net Minority Interest": NaN,
        "Reconciled Depreciation": NaN,
        "Reconciled Cost Of Revenue": NaN,
        "EBITDA": NaN,
        "EBIT": NaN,
        "Net Interest Income": NaN,
        "Interest Expense": NaN,
        "Interest Income": NaN,
        "Normalized Income": NaN,
        "Net Income From Continuing And Discontinued Operation": NaN,
        "Total Expenses": NaN,
        "Total Operating Income As Reported": NaN,
        "Diluted Average Shares": NaN,
        "Basic Average Shares": NaN,
        "Diluted EPS": NaN,
        "Basic EPS": NaN,
        "Diluted NI Availto Com Stockholders": NaN,
        "Average Dilution Earnings": 3100000.0,
        "Net Income Common Stockholders": NaN,
        "Net Income": NaN,
        "Minority Interests": NaN,
        "Net Income Including Noncontrolling Interests": NaN,
        "Net Income Discontinuous Operations": NaN,
        "Net Income Continuous Operations": NaN,
        "Tax Provision": NaN,
        "Pretax Income": NaN,
        "Other Income Expense": NaN,
        "Other Non Operating Income Expenses": 12500000.0,
        "Special Income Charges": NaN,
        "Gain On Sale Of Ppe": NaN,
        "Other Special Charges": 0.0,
        "Write Off": 0.0,
        "Restructuring And Mergern Acquisition": NaN,
        "Earnings From Equity Interest": NaN,
        "Net Non Operating Interest Income Expense": NaN,
        "Total Other Finance Cost": NaN,
        "Interest Expense Non Operating": NaN,
        "Interest Income Non Operating": NaN,
        "Operating Income": NaN,
        "Operating Expense": NaN,
        "Other Operating Expenses": NaN,
        "Depreciation Amortization Depletion Income Statement": NaN,
        "Selling General And Administration": NaN,
        "Gross Profit": NaN,
        "Cost Of Revenue": NaN,
        "Total Revenue": NaN,
        "Operating Revenue": NaN
    },
    "2024-03-31": {
        "Tax Effect Of Unusual Items": 610942.24924,
        "Tax Rate For Calcs": 0.305471,
        "Normalized EBITDA": 157100000.0,
        "Total Unusual Items": 2000000.0,
        "Total Unusual Items Excluding Goodwill": 2000000.0,
        "Net Income From Continuing Operation Net Minority Interest": 40300000.0,
        "Reconciled Depreciation": 79800000.0,
        "Reconciled Cost Of Revenue": 814200000.0,
        "EBITDA": 159100000.0,
        "EBIT": 79300000.0,
        "Net Interest Income": 4500000.0,
        "Interest Expense": 13500000.0,
        "Interest Income": 19200000.0,
        "Normalized Income": 38910942.24924,
        "Net Income From Continuing And Discontinued Operation": 39600000.0,
        "Total Expenses": 930700000.0,
        "Total Operating Income As Reported": 51200000.0,
        "Diluted Average Shares": 144900000.0,
        "Basic Average Shares": 125800000.0,
        "Diluted EPS": 0.29,
        "Basic EPS": 0.314785,
        "Diluted NI Availto Com Stockholders": 39600000.0,
        "Average Dilution Earnings": NaN,
        "Net Income Common Stockholders": 39600000.0,
        "Net Income": 39600000.0,
        "Minority Interests": -5400000.0,
        "Net Income Including Noncontrolling Interests": 45000000.0,
        "Net Income Discontinuous Operations": -700000.0,
        "Net Income Continuous Operations": 45700000.0,
        "Tax Provision": 20100000.0,
        "Pretax Income": 65800000.0,
        "Other Income Expense": 8400000.0,
        "Other Non Operating Income Expenses": 10100000.0,
        "Special Income Charges": 2000000.0,
        "Gain On Sale Of Ppe": 2100000.0,
        "Other Special Charges": NaN,
        "Write Off": 0.0,
        "Restructuring And Mergern Acquisition": 100000.0,
        "Earnings From Equity Interest": -3700000.0,
        "Net Non Operating Interest Income Expense": 4500000.0,
        "Total Other Finance Cost": 1200000.0,
        "Interest Expense Non Operating": 13500000.0,
        "Interest Income Non Operating": 19200000.0,
        "Operating Income": 52900000.0,
        "Operating Expense": 116500000.0,
        "Other Operating Expenses": 14700000.0,
        "Depreciation Amortization Depletion Income Statement": 79800000.0,
        "Selling General And Administration": 22000000.0,
        "Gross Profit": 169400000.0,
        "Cost Of Revenue": 814200000.0,
        "Total Revenue": 983600000.0,
        "Operating Revenue": 983600000.0
    },
    "2024-06-30": {
        "Tax Effect Of Unusual Items": 18408713.029576,
        "Tax Rate For Calcs": 0.157474,
        "Normalized EBITDA": 226900000.0,
        "Total Unusual Items": 116900000.0,
        "Total Unusual Items Excluding Goodwill": 116900000.0,
        "Net Income From Continuing Operation Net Minority Interest": 201000000.0,
        "Reconciled Depreciation": 82900000.0,
        "Reconciled Cost Of Revenue": 803900000.0,
        "EBITDA": 343800000.0,
        "EBIT": 260900000.0,
        "Net Interest Income": 6100000.0,
        "Interest Expense": 10700000.0,
        "Interest Income": 16800000.0,
        "Normalized Income": 102508713.029576,
        "Net Income From Continuing And Discontinued Operation": 199400000.0,
        "Total Expenses": 923700000.0,
        "Total Operating Income As Reported": 233900000.0,
        "Diluted Average Shares": 144900000.0,
        "Basic Average Shares": 125900000.0,
        "Diluted EPS": 1.42,
        "Basic EPS": 1.583797,
        "Diluted NI Availto Com Stockholders": 199400000.0,
        "Average Dilution Earnings": NaN,
        "Net Income Common Stockholders": 199400000.0,
        "Net Income": 199400000.0,
        "Minority Interests": -9800000.0,
        "Net Income Including Noncontrolling Interests": 209200000.0,
        "Net Income Discontinuous Operations": -1600000.0,
        "Net Income Continuous Operations": 210800000.0,
        "Tax Provision": 39400000.0,
        "Pretax Income": 250200000.0,
        "Other Income Expense": 125800000.0,
        "Other Non Operating Income Expenses": 10200000.0,
        "Special Income Charges": 116900000.0,
        "Gain On Sale Of Ppe": 7500000.0,
        "Other Special Charges": -109500000.0,
        "Write Off": 0.0,
        "Restructuring And Mergern Acquisition": 100000.0,
        "Earnings From Equity Interest": -1300000.0,
        "Net Non Operating Interest Income Expense": 6100000.0,
        "Total Other Finance Cost": NaN,
        "Interest Expense Non Operating": 10700000.0,
        "Interest Income Non Operating": 16800000.0,
        "Operating Income": 118300000.0,
        "Operating Expense": 119800000.0,
        "Other Operating Expenses": 14800000.0,
        "Depreciation Amortization Depletion Income Statement": 82900000.0,
        "Selling General And Administration": 22100000.0,
        "Gross Profit": 238100000.0,
        "Cost Of Revenue": 803900000.0,
        "Total Revenue": 1042000000.0,
        "Operating Revenue": 1042000000.0
    },
    "2024-09-30": {
        "Tax Effect Of Unusual Items": 1543487.698987,
        "Tax Rate For Calcs": 0.185962,
        "Normalized EBITDA": 224300000.0,
        "Total Unusual Items": 8300000.0,
        "Total Unusual Items Excluding Goodwill": 8300000.0,
        "Net Income From Continuing Operation Net Minority Interest": 102300000.0,
        "Reconciled Depreciation": 84700000.0,
        "Reconciled Cost Of Revenue": 845800000.0,
        "EBITDA": 232600000.0,
        "EBIT": 147900000.0,
        "Net Interest Income": 8000000.0,
        "Interest Expense": 9700000.0,
        "Interest Income": 17700000.0,
        "Normalized Income": 95543487.698987,
        "Net Income From Continuing And Discontinued Operation": 101300000.0,
        "Total Expenses": 964000000.0,
        "Total Operating Income As Reported": 120100000.0,
        "Diluted Average Shares": 141600000.0,
        "Basic Average Shares": 121400000.0,
        "Diluted EPS": 0.74,
        "Basic EPS": 0.834432,
        "Diluted NI Availto Com Stockholders": 104400000.0,
        "Average Dilution Earnings": 3100000.0,
        "Net Income Common Stockholders": 101300000.0,
        "Net Income": 101300000.0,
        "Minority Interests": -10200000.0,
        "Net Income Including Noncontrolling Interests": 111500000.0,
        "Net Income Discontinuous Operations": -1000000.0,
        "Net Income Continuous Operations": 112500000.0,
        "Tax Provision": 25700000.0,
        "Pretax Income": 138200000.0,
        "Other Income Expense": 6200000.0,
        "Other Non Operating Income Expenses": NaN,
        "Special Income Charges": 8300000.0,
        "Gain On Sale Of Ppe": 100000.0,
        "Other Special Charges": -10100000.0,
        "Write Off": 0.0,
        "Restructuring And Mergern Acquisition": 1900000.0,
        "Earnings From Equity Interest": -2100000.0,
        "Net Non Operating Interest Income Expense": 8000000.0,
        "Total Other Finance Cost": NaN,
        "Interest Expense Non Operating": 9700000.0,
        "Interest Income Non Operating": 17700000.0,
        "Operating Income": 124000000.0,
        "Operating Expense": 118200000.0,
        "Other Operating Expenses": 12900000.0,
        "Depreciation Amortization Depletion Income Statement": 84700000.0,
        "Selling General And Administration": 20600000.0,
        "Gross Profit": 242200000.0,
        "Cost Of Revenue": 845800000.0,
        "Total Revenue": 1088000000.0,
        "Operating Revenue": 1088000000.0
    },
    "2024-12-31": {
        "Tax Effect Of Unusual Items": -16356058.15832,
        "Tax Rate For Calcs": 0.38126,
        "Normalized EBITDA": 206800000.0,
        "Total Unusual Items": -42900000.0,
        "Total Unusual Items Excluding Goodwill": -42900000.0,
        "Net Income From Continuing Operation Net Minority Interest": 31100000.0,
        "Reconciled Depreciation": 95600000.0,
        "Reconciled Cost Of Revenue": 957000000.0,
        "EBITDA": 163900000.0,
        "EBIT": 68300000.0,
        "Net Interest Income": 5500000.0,
        "Interest Expense": 6400000.0,
        "Interest Income": 17300000.0,
        "Normalized Income": 57643941.84168,
        "Net Income From Continuing And Discontinued Operation": 30600000.0,
        "Total Expenses": 1089100000.0,
        "Total Operating Income As Reported": 40100000.0,
        "Diluted Average Shares": 138400000.0,
        "Basic Average Shares": 121400000.0,
        "Diluted EPS": 0.25,
        "Basic EPS": 0.252059,
        "Diluted NI Availto Com Stockholders": 33600000.0,
        "Average Dilution Earnings": 3000000.0,
        "Net Income Common Stockholders": 30600000.0,
        "Net Income": 30600000.0,
        "Minority Interests": -7200000.0,
        "Net Income Including Noncontrolling Interests": 37800000.0,
        "Net Income Discontinuous Operations": -500000.0,
        "Net Income Continuous Operations": 38300000.0,
        "Tax Provision": 23600000.0,
        "Pretax Income": 61900000.0,
        "Other Income Expense": 22400000.0,
        "Other Non Operating Income Expenses": NaN,
        "Special Income Charges": -42900000.0,
        "Gain On Sale Of Ppe": 100000.0,
        "Other Special Charges": 30400000.0,
        "Write Off": 0.0,
        "Restructuring And Mergern Acquisition": 12600000.0,
        "Earnings From Equity Interest": 18600000.0,
        "Net Non Operating Interest Income Expense": 5500000.0,
        "Total Other Finance Cost": NaN,
        "Interest Expense Non Operating": 6400000.0,
        "Interest Income Non Operating": 17300000.0,
        "Operating Income": 34000000.0,
        "Operating Expense": 132100000.0,
        "Other Operating Expenses": 10200000.0,
        "Depreciation Amortization Depletion Income Statement": 95600000.0,
        "Selling General And Administration": 26300000.0,
        "Gross Profit": 166100000.0,
        "Cost Of Revenue": 957000000.0,
        "Total Revenue": 1123100000.0,
        "Operating Revenue": 1123100000.0
    },
    "2025-03-31": {
        "Tax Effect Of Unusual Items": 124768.518519,
        "Tax Rate For Calcs": 0.113426,
        "Normalized EBITDA": 144300000.0,
        "Total Unusual Items": 1100000.0,
        "Total Unusual Items Excluding Goodwill": 1100000.0,
        "Net Income From Continuing Operation Net Minority Interest": 34700000.0,
        "Reconciled Depreciation": 92100000.0,
        "Reconciled Cost Of Revenue": 770200000.0,
        "EBITDA": 145400000.0,
        "EBIT": 53300000.0,
        "Net Interest Income": 3900000.0,
        "Interest Expense": 10100000.0,
        "Interest Income": 15400000.0,
        "Normalized Income": 33724768.518519,
        "Net Income From Continuing And Discontinued Operation": 34400000.0,
        "Total Expenses": 899500000.0,
        "Total Operating Income As Reported": 31900000.0,
        "Diluted Average Shares": 138700000.0,
        "Basic Average Shares": 121700000.0,
        "Diluted EPS": 0.27,
        "Basic EPS": 0.28,
        "Diluted NI Availto Com Stockholders": 34400000.0,
        "Average Dilution Earnings": NaN,
        "Net Income Common Stockholders": 34400000.0,
        "Net Income": 34400000.0,
        "Minority Interests": -3600000.0,
        "Net Income Including Noncontrolling Interests": 38000000.0,
        "Net Income Discontinuous Operations": -300000.0,
        "Net Income Continuous Operations": 38300000.0,
        "Tax Provision": 4900000.0,
        "Pretax Income": 43200000.0,
        "Other Income Expense": 1800000.0,
        "Other Non Operating Income Expenses": 7400000.0,
        "Special Income Charges": 1100000.0,
        "Gain On Sale Of Ppe": 5200000.0,
        "Other Special Charges": NaN,
        "Write Off": NaN,
        "Restructuring And Mergern Acquisition": 4100000.0,
        "Earnings From Equity Interest": -6700000.0,
        "Net Non Operating Interest Income Expense": 3900000.0,
        "Total Other Finance Cost": 1400000.0,
        "Interest Expense Non Operating": 10100000.0,
        "Interest Income Non Operating": 15400000.0,
        "Operating Income": 37500000.0,
        "Operating Expense": 129300000.0,
        "Other Operating Expenses": 13600000.0,
        "Depreciation Amortization Depletion Income Statement": 92100000.0,
        "Selling General And Administration": 23600000.0,
        "Gross Profit": 166800000.0,
        "Cost Of Revenue": 770200000.0,
        "Total Revenue": 937000000.0,
        "Operating Revenue": 937000000.0
    }
}