{
    "2023-03-31": {
        "Tax Effect Of Unusual Items": NaN,
        "Tax Rate For Calcs": NaN,
        "Normalized EBITDA": NaN,
        "Total Unusual Items": NaN,
        "Total Unusual Items Excluding Goodwill": NaN,
        "Net Income From Continuing Operation Net Minority Interest": NaN,
        "Reconciled Cost Of Revenue": NaN,
        "EBITDA": NaN,
        "EBIT": NaN,
        "Net Interest Income": NaN,
        "Interest Expense": NaN,
        "Interest Income": NaN,
        "Normalized Income": NaN,
        "Net Income From Continuing And Discontinued Operation": NaN,
        "Total Expenses": NaN,
        "Total Operating Income As Reported": NaN,
        "Diluted Average Shares": NaN,
        "Basic Average Shares": NaN,
        "Diluted EPS": NaN,
        "Basic EPS": NaN,
        "Diluted NI Availto Com Stockholders": NaN,
        "Net Income Common Stockholders": NaN,
        "Net Income": NaN,
        "Minority Interests": NaN,
        "Net Income Including Noncontrolling Interests": NaN,
        "Net Income Continuous Operations": NaN,
        "Tax Provision": NaN,
        "Pretax Income": NaN,
        "Other Income Expense": NaN,
        "Other Non Operating Income Expenses": NaN,
        "Special Income Charges": NaN,
        "Gain On Sale Of Business": NaN,
        "Other Special Charges": 46000000.0,
        "Write Off": 46000000.0,
        "Restructuring And Mergern Acquisition": NaN,
        "Earnings From Equity Interest": NaN,
        "Gain On Sale Of Security": NaN,
        "Net Non Operating Interest Income Expense": NaN,
        "Total Other Finance Cost": NaN,
        "Interest Expense Non Operating": NaN,
        "Interest Income Non Operating": NaN,
        "Operating Income": NaN,
        "Operating Expense": NaN,
        "Other Operating Expenses": NaN,
        "Selling General And Administration": NaN,
        "Gross Profit": NaN,
        "Cost Of Revenue": NaN,
        "Total Revenue": NaN,
        "Operating Revenue": NaN
    },
    "2022-12-31": {
        "Tax Effect Of Unusual Items": NaN,
        "Tax Rate For Calcs": NaN,
        "Normalized EBITDA": NaN,
        "Total Unusual Items": NaN,
        "Total Unusual Items Excluding Goodwill": NaN,
        "Net Income From Continuing Operation Net Minority Interest": NaN,
        "Reconciled Cost Of Revenue": NaN,
        "EBITDA": NaN,
        "EBIT": NaN,
        "Net Interest Income": NaN,
        "Interest Expense": NaN,
        "Interest Income": NaN,
        "Normalized Income": NaN,
        "Net Income From Continuing And Discontinued Operation": NaN,
        "Total Expenses": NaN,
        "Total Operating Income As Reported": NaN,
        "Diluted Average Shares": NaN,
        "Basic Average Shares": NaN,
        "Diluted EPS": NaN,
        "Basic EPS": NaN,
        "Diluted NI Availto Com Stockholders": NaN,
        "Net Income Common Stockholders": NaN,
        "Net Income": NaN,
        "Minority Interests": NaN,
        "Net Income Including Noncontrolling Interests": NaN,
        "Net Income Continuous Operations": NaN,
        "Tax Provision": NaN,
        "Pretax Income": NaN,
        "Other Income Expense": NaN,
        "Other Non Operating Income Expenses": -3000000.0,
        "Special Income Charges": NaN,
        "Gain On Sale Of Business": 72000000.0,
        "Other Special Charges": -342000000.0,
        "Write Off": NaN,
        "Restructuring And Mergern Acquisition": 48000000.0,
        "Earnings From Equity Interest": NaN,
        "Gain On Sale Of Security": NaN,
        "Net Non Operating Interest Income Expense": NaN,
        "Total Other Finance Cost": NaN,
        "Interest Expense Non Operating": NaN,
        "Interest Income Non Operating": NaN,
        "Operating Income": NaN,
        "Operating Expense": NaN,
        "Other Operating Expenses": NaN,
        "Selling General And Administration": NaN,
        "Gross Profit": NaN,
        "Cost Of Revenue": NaN,
        "Total Revenue": NaN,
        "Operating Revenue": NaN
    },
    "2022-09-30": {
        "Tax Effect Of Unusual Items": NaN,
        "Tax Rate For Calcs": NaN,
        "Normalized EBITDA": NaN,
        "Total Unusual Items": NaN,
        "Total Unusual Items Excluding Goodwill": NaN,
        "Net Income From Continuing Operation Net Minority Interest": NaN,
        "Reconciled Cost Of Revenue": NaN,
        "EBITDA": NaN,
        "EBIT": NaN,
        "Net Interest Income": NaN,
        "Interest Expense": NaN,
        "Interest Income": NaN,
        "Normalized Income": NaN,
        "Net Income From Continuing And Discontinued Operation": NaN,
        "Total Expenses": NaN,
        "Total Operating Income As Reported": 4055000000.0,
        "Diluted Average Shares": NaN,
        "Basic Average Shares": NaN,
        "Diluted EPS": NaN,
        "Basic EPS": NaN,
        "Diluted NI Availto Com Stockholders": NaN,
        "Net Income Common Stockholders": NaN,
        "Net Income": NaN,
        "Minority Interests": NaN,
        "Net Income Including Noncontrolling Interests": NaN,
        "Net Income Continuous Operations": NaN,
        "Tax Provision": NaN,
        "Pretax Income": NaN,
        "Other Income Expense": NaN,
        "Other Non Operating Income Expenses": -1000000.0,
        "Special Income Charges": NaN,
        "Gain On Sale Of Business": -149000000.0,
        "Other Special Charges": NaN,
        "Write Off": NaN,
        "Restructuring And Mergern Acquisition": 13000000.0,
        "Earnings From Equity Interest": NaN,
        "Gain On Sale Of Security": NaN,
        "Net Non Operating Interest Income Expense": NaN,
        "Total Other Finance Cost": NaN,
        "Interest Expense Non Operating": NaN,
        "Interest Income Non Operating": NaN,
        "Operating Income": NaN,
        "Operating Expense": NaN,
        "Other Operating Expenses": NaN,
        "Selling General And Administration": NaN,
        "Gross Profit": NaN,
        "Cost Of Revenue": NaN,
        "Total Revenue": NaN,
        "Operating Revenue": NaN
    },
    "2022-06-30": {
        "Tax Effect Of Unusual Items": -128331606.217617,
        "Tax Rate For Calcs": 0.248705,
        "Normalized EBITDA": 4537000000.0,
        "Total Unusual Items": -516000000.0,
        "Total Unusual Items Excluding Goodwill": -516000000.0,
        "Net Income From Continuing Operation Net Minority Interest": 1597000000.0,
        "Reconciled Cost Of Revenue": 6795000000.0,
        "EBITDA": 4021000000.0,
        "EBIT": 4021000000.0,
        "Net Interest Income": -675000000.0,
        "Interest Expense": 1126000000.0,
        "Interest Income": 149000000.0,
        "Normalized Income": 1984668393.782383,
        "Net Income From Continuing And Discontinued Operation": 1597000000.0,
        "Total Expenses": 10982000000.0,
        "Total Operating Income As Reported": 3706000000.0,
        "Diluted Average Shares": 2012000000.0,
        "Basic Average Shares": 2012000000.0,
        "Diluted EPS": 0.79,
        "Basic EPS": 0.79,
        "Diluted NI Availto Com Stockholders": 1597000000.0,
        "Net Income Common Stockholders": 1597000000.0,
        "Net Income": 1597000000.0,
        "Minority Interests": -378000000.0,
        "Net Income Including Noncontrolling Interests": 2175000000.0,
        "Net Income Continuous Operations": 2175000000.0,
        "Tax Provision": 720000000.0,
        "Pretax Income": 2895000000.0,
        "Other Income Expense": -442000000.0,
        "Special Income Charges": 118000000.0,
        "Other Special Charges": -163000000.0,
        "Earnings From Equity Interest": 74000000.0,
        "Gain On Sale Of Security": -634000000.0,
        "Net Non Operating Interest Income Expense": -675000000.0,
        "Total Other Finance Cost": -302000000.0,
        "Interest Expense Non Operating": 1126000000.0,
        "Interest Income Non Operating": 149000000.0,
        "Operating Income": 4010000000.0,
        "Operating Expense": 4187000000.0,
        "Other Operating Expenses": -314000000.0,
        "Selling General And Administration": 4501000000.0,
        "Gross Profit": 8197000000.0,
        "Cost Of Revenue": 6795000000.0,
        "Total Revenue": 14792000000.0,
        "Operating Revenue": 14792000000.0
    },
    "2023-06-30": {
        "Tax Effect Of Unusual Items": NaN,
        "Tax Rate For Calcs": NaN,
        "Normalized EBITDA": NaN,
        "Total Unusual Items": NaN,
        "Total Unusual Items Excluding Goodwill": NaN,
        "Net Income From Continuing Operation Net Minority Interest": NaN,
        "Reconciled Cost Of Revenue": NaN,
        "EBITDA": NaN,
        "EBIT": NaN,
        "Net Interest Income": NaN,
        "Interest Expense": NaN,
        "Interest Income": NaN,
        "Normalized Income": NaN,
        "Net Income From Continuing And Discontinued Operation": NaN,
        "Total Expenses": NaN,
        "Total Operating Income As Reported": NaN,
        "Diluted Average Shares": NaN,
        "Basic Average Shares": NaN,
        "Diluted EPS": NaN,
        "Basic EPS": NaN,
        "Diluted NI Availto Com Stockholders": NaN,
        "Net Income Common Stockholders": NaN,
        "Net Income": NaN,
        "Minority Interests": NaN,
        "Net Income Including Noncontrolling Interests": NaN,
        "Net Income Continuous Operations": NaN,
        "Tax Provision": NaN,
        "Pretax Income": NaN,
        "Other Income Expense": NaN,
        "Other Non Operating Income Expenses": -60000000.0,
        "Special Income Charges": NaN,
        "Gain On Sale Of Business": -19000000.0,
        "Other Special Charges": 19000000.0,
        "Write Off": NaN,
        "Restructuring And Mergern Acquisition": 22000000.0,
        "Earnings From Equity Interest": NaN,
        "Gain On Sale Of Security": NaN,
        "Net Non Operating Interest Income Expense": NaN,
        "Total Other Finance Cost": NaN,
        "Interest Expense Non Operating": NaN,
        "Interest Income Non Operating": NaN,
        "Operating Income": NaN,
        "Operating Expense": NaN,
        "Other Operating Expenses": NaN,
        "Selling General And Administration": NaN,
        "Gross Profit": NaN,
        "Cost Of Revenue": NaN,
        "Total Revenue": NaN,
        "Operating Revenue": NaN
    },
    "2022-03-31": {
        "Diluted EPS": 0.05,
        "Total Revenue": NaN,
        "Gross Profit": NaN,
        "Operating Income": NaN,
        "EBIT": NaN,
        "Net Income": 95
    },
    "2021-12-31": {
        "Diluted EPS": 0.93,
        "Total Revenue": NaN,
        "Gross Profit": NaN,
        "Operating Income": NaN,
        "EBIT": NaN,
        "Net Income": NaN
    },
    "2021-09-30": {
        "Diluted EPS": 0.12,
        "Total Revenue": NaN,
        "Gross Profit": NaN,
        "Operating Income": NaN,
        "EBIT": NaN,
        "Net Income": 250
    },
    "2021-06-30": {
        "Diluted EPS": 0.93,
        "Total Revenue": NaN,
        "Gross Profit": NaN,
        "Operating Income": NaN,
        "EBIT": NaN,
        "Net Income": NaN
    },
    "2021-03-31": {
        "Diluted EPS": 0.3,
        "Total Revenue": NaN,
        "Gross Profit": NaN,
        "Operating Income": NaN,
        "EBIT": NaN,
        "Net Income": 595
    },
    "2020-12-31": {
        "Diluted EPS": 1.12,
        "Total Revenue": NaN,
        "Gross Profit": NaN,
        "Operating Income": NaN,
        "EBIT": NaN,
        "Net Income": NaN
    },
    "2020-09-30": {
        "Diluted EPS": 0.52,
        "Total Revenue": NaN,
        "Gross Profit": NaN,
        "Operating Income": NaN,
        "EBIT": NaN,
        "Net Income": NaN
    },
    "2020-06-30": {
        "Diluted EPS": 0.18,
        "Total Revenue": NaN,
        "Gross Profit": NaN,
        "Operating Income": NaN,
        "EBIT": NaN,
        "Net Income": 351
    },
    "2020-03-31": {
        "Diluted EPS": -1.13,
        "Total Revenue": NaN,
        "Gross Profit": NaN,
        "Operating Income": NaN,
        "EBIT": NaN,
        "Net Income": NaN
    },
    "2019-12-31": {
        "Diluted EPS": -0.03,
        "Total Revenue": NaN,
        "Gross Profit": NaN,
        "Operating Income": NaN,
        "EBIT": NaN,
        "Net Income": 113
    },
    "2019-09-30": {
        "Diluted EPS": 1.51,
        "Total Revenue": NaN,
        "Gross Profit": NaN,
        "Operating Income": NaN,
        "EBIT": NaN,
        "Net Income": NaN
    },
    "2019-06-30": {
        "Diluted EPS": 1.25,
        "Total Revenue": NaN,
        "Gross Profit": NaN,
        "Operating Income": NaN,
        "EBIT": NaN,
        "Net Income": NaN
    },
    "2019-03-31": {
        "Diluted EPS": 1.8,
        "Total Revenue": NaN,
        "Gross Profit": NaN,
        "Operating Income": NaN,
        "EBIT": NaN,
        "Net Income": NaN
    },
    "2018-12-31": {
        "Diluted EPS": 0.18,
        "Total Revenue": NaN,
        "Gross Profit": NaN,
        "Operating Income": NaN,
        "EBIT": NaN,
        "Net Income": 457
    },
    "2018-09-30": {
        "Diluted EPS": 0.49,
        "Total Revenue": NaN,
        "Gross Profit": NaN,
        "Operating Income": NaN,
        "EBIT": NaN,
        "Net Income": 959
    },
    "2018-06-30": {
        "Diluted EPS": 0.98,
        "Total Revenue": NaN,
        "Gross Profit": NaN,
        "Operating Income": NaN,
        "EBIT": NaN,
        "Net Income": NaN
    },
    "2018-03-31": {
        "Diluted EPS": 0.52,
        "Total Revenue": NaN,
        "Gross Profit": NaN,
        "Operating Income": NaN,
        "EBIT": NaN,
        "Net Income": NaN
    },
    "2017-12-31": {
        "Diluted EPS": 1.47,
        "Total Revenue": NaN,
        "Gross Profit": NaN,
        "Operating Income": NaN,
        "EBIT": NaN,
        "Net Income": NaN
    },
    "2017-09-30": {
        "Diluted EPS": 1.04,
        "Total Revenue": NaN,
        "Gross Profit": NaN,
        "Operating Income": NaN,
        "EBIT": NaN,
        "Net Income": NaN
    },
    "2017-06-30": {
        "Diluted EPS": 0.76,
        "Total Revenue": NaN,
        "Gross Profit": NaN,
        "Operating Income": NaN,
        "EBIT": NaN,
        "Net Income": NaN
    },
    "2017-03-31": {
        "Diluted EPS": 0.71,
        "Total Revenue": NaN,
        "Gross Profit": NaN,
        "Operating Income": NaN,
        "EBIT": NaN,
        "Net Income": NaN
    },
    "2016-12-31": {
        "Diluted EPS": 0.2,
        "Total Revenue": NaN,
        "Gross Profit": NaN,
        "Operating Income": NaN,
        "EBIT": NaN,
        "Net Income": 400
    },
    "2016-09-30": {
        "Diluted EPS": 0.34,
        "Total Revenue": NaN,
        "Gross Profit": NaN,
        "Operating Income": NaN,
        "EBIT": NaN,
        "Net Income": 557
    },
    "2016-06-30": {
        "Diluted EPS": 0.09,
        "Total Revenue": NaN,
        "Gross Profit": NaN,
        "Operating Income": NaN,
        "EBIT": NaN,
        "Net Income": 152
    },
    "2016-03-31": {
        "Diluted EPS": 0.08,
        "Total Revenue": NaN,
        "Gross Profit": NaN,
        "Operating Income": NaN,
        "EBIT": NaN,
        "Net Income": 132
    },
    "2015-12-31": {
        "Diluted EPS": 1.31,
        "Total Revenue": NaN,
        "Gross Profit": NaN,
        "Operating Income": NaN,
        "EBIT": NaN,
        "Net Income": NaN
    },
    "2015-09-30": {
        "Diluted EPS": 0.84,
        "Total Revenue": NaN,
        "Gross Profit": NaN,
        "Operating Income": NaN,
        "EBIT": NaN,
        "Net Income": NaN
    },
    "2015-06-30": {
        "Diluted EPS": 1.18,
        "Total Revenue": NaN,
        "Gross Profit": NaN,
        "Operating Income": NaN,
        "EBIT": NaN,
        "Net Income": NaN
    },
    "2015-03-31": {
        "Diluted EPS": 1.63,
        "Total Revenue": NaN,
        "Gross Profit": NaN,
        "Operating Income": NaN,
        "EBIT": NaN,
        "Net Income": NaN
    },
    "2014-09-30": {
        "Diluted EPS": 1.53,
        "Total Revenue": NaN,
        "Gross Profit": NaN,
        "Operating Income": NaN,
        "EBIT": NaN,
        "Net Income": NaN
    },
    "2014-06-30": {
        "Diluted EPS": 1.73,
        "Total Revenue": NaN,
        "Gross Profit": NaN,
        "Operating Income": NaN,
        "EBIT": NaN,
        "Net Income": NaN
    },
    "2013-06-30": {
        "Diluted EPS": 0.93,
        "Total Revenue": NaN,
        "Gross Profit": NaN,
        "Operating Income": NaN,
        "EBIT": NaN,
        "Net Income": NaN
    },
    "2012-06-30": {
        "Diluted EPS": 1.21,
        "Total Revenue": NaN,
        "Gross Profit": NaN,
        "Operating Income": NaN,
        "EBIT": NaN,
        "Net Income": NaN
    },
    "2012-03-31": {
        "Diluted EPS": 1.06,
        "Total Revenue": NaN,
        "Gross Profit": NaN,
        "Operating Income": NaN,
        "EBIT": NaN,
        "Net Income": NaN
    },
    "2011-12-31": {
        "Diluted EPS": 1.16,
        "Total Revenue": NaN,
        "Gross Profit": NaN,
        "Operating Income": NaN,
        "EBIT": NaN,
        "Net Income": NaN
    },
    "2011-09-30": {
        "Diluted EPS": 1.0,
        "Total Revenue": NaN,
        "Gross Profit": NaN,
        "Operating Income": NaN,
        "EBIT": NaN,
        "Net Income": NaN
    },
    "2011-06-30": {
        "Diluted EPS": 0.9,
        "Total Revenue": NaN,
        "Gross Profit": NaN,
        "Operating Income": NaN,
        "EBIT": NaN,
        "Net Income": NaN
    },
    "2011-03-31": {
        "Diluted EPS": 0.61,
        "Total Revenue": NaN,
        "Gross Profit": NaN,
        "Operating Income": NaN,
        "EBIT": NaN,
        "Net Income": 964
    },
    "2010-12-31": {
        "Diluted EPS": 0.61,
        "Total Revenue": NaN,
        "Gross Profit": NaN,
        "Operating Income": NaN,
        "EBIT": NaN,
        "Net Income": 968
    },
    "2010-09-30": {
        "Diluted EPS": 0.9,
        "Total Revenue": NaN,
        "Gross Profit": NaN,
        "Operating Income": NaN,
        "EBIT": NaN,
        "Net Income": NaN
    },
    "2010-06-30": {
        "Diluted EPS": 0.72,
        "Total Revenue": NaN,
        "Gross Profit": NaN,
        "Operating Income": NaN,
        "EBIT": NaN,
        "Net Income": NaN
    },
    "2010-03-31": {
        "Diluted EPS": 0.3,
        "Total Revenue": NaN,
        "Gross Profit": NaN,
        "Operating Income": NaN,
        "EBIT": NaN,
        "Net Income": 475
    },
    "2009-12-31": {
        "Diluted EPS": 0.81,
        "Total Revenue": NaN,
        "Gross Profit": NaN,
        "Operating Income": NaN,
        "EBIT": NaN,
        "Net Income": NaN
    },
    "2009-09-30": {
        "Diluted EPS": 0.98,
        "Total Revenue": NaN,
        "Gross Profit": NaN,
        "Operating Income": NaN,
        "EBIT": NaN,
        "Net Income": NaN
    },
    "2009-06-30": {
        "Diluted EPS": 0.68,
        "Total Revenue": NaN,
        "Gross Profit": NaN,
        "Operating Income": NaN,
        "EBIT": NaN,
        "Net Income": NaN
    },
    "2009-03-31": {
        "Diluted EPS": 0.45,
        "Total Revenue": NaN,
        "Gross Profit": NaN,
        "Operating Income": NaN,
        "EBIT": NaN,
        "Net Income": 716
    },
    "2023-09-30": {
        "Tax Effect Of Unusual Items": NaN,
        "Tax Rate For Calcs": NaN,
        "Normalized EBITDA": NaN,
        "Total Unusual Items": NaN,
        "Total Unusual Items Excluding Goodwill": NaN,
        "Net Income From Continuing Operation Net Minority Interest": NaN,
        "Reconciled Cost Of Revenue": NaN,
        "EBITDA": NaN,
        "EBIT": NaN,
        "Net Interest Income": NaN,
        "Interest Expense": NaN,
        "Interest Income": NaN,
        "Normalized Income": NaN,
        "Net Income From Continuing And Discontinued Operation": NaN,
        "Total Expenses": NaN,
        "Total Operating Income As Reported": 4027000000.0,
        "Diluted Average Shares": NaN,
        "Basic Average Shares": NaN,
        "Diluted EPS": NaN,
        "Basic EPS": NaN,
        "Diluted NI Availto Com Stockholders": NaN,
        "Net Income Common Stockholders": NaN,
        "Net Income": NaN,
        "Minority Interests": NaN,
        "Net Income Including Noncontrolling Interests": NaN,
        "Net Income Continuous Operations": NaN,
        "Tax Provision": NaN,
        "Pretax Income": NaN,
        "Other Income Expense": NaN,
        "Other Non Operating Income Expenses": NaN,
        "Special Income Charges": NaN,
        "Gain On Sale Of Business": NaN,
        "Other Special Charges": NaN,
        "Write Off": NaN,
        "Restructuring And Mergern Acquisition": NaN,
        "Earnings From Equity Interest": NaN,
        "Gain On Sale Of Security": NaN,
        "Net Non Operating Interest Income Expense": NaN,
        "Total Other Finance Cost": NaN,
        "Interest Expense Non Operating": NaN,
        "Interest Income Non Operating": NaN,
        "Operating Income": NaN,
        "Operating Expense": NaN,
        "Other Operating Expenses": NaN,
        "Selling General And Administration": NaN,
        "Gross Profit": NaN,
        "Cost Of Revenue": NaN,
        "Total Revenue": NaN,
        "Operating Revenue": NaN
    },
    "2023-12-31": {
        "Tax Effect Of Unusual Items": NaN,
        "Tax Rate For Calcs": NaN,
        "Normalized EBITDA": NaN,
        "Total Unusual Items": NaN,
        "Total Unusual Items Excluding Goodwill": NaN,
        "Net Income From Continuing Operation Net Minority Interest": NaN,
        "Reconciled Cost Of Revenue": NaN,
        "EBITDA": NaN,
        "EBIT": NaN,
        "Net Interest Income": NaN,
        "Interest Expense": NaN,
        "Interest Income": NaN,
        "Normalized Income": NaN,
        "Net Income From Continuing And Discontinued Operation": NaN,
        "Total Expenses": NaN,
        "Total Operating Income As Reported": NaN,
        "Diluted Average Shares": NaN,
        "Basic Average Shares": NaN,
        "Diluted EPS": NaN,
        "Basic EPS": NaN,
        "Diluted NI Availto Com Stockholders": NaN,
        "Net Income Common Stockholders": NaN,
        "Net Income": NaN,
        "Minority Interests": NaN,
        "Net Income Including Noncontrolling Interests": NaN,
        "Net Income Continuous Operations": NaN,
        "Tax Provision": NaN,
        "Pretax Income": NaN,
        "Other Income Expense": NaN,
        "Other Non Operating Income Expenses": -12000000.0,
        "Special Income Charges": NaN,
        "Gain On Sale Of Business": NaN,
        "Other Special Charges": -143000000.0,
        "Write Off": NaN,
        "Restructuring And Mergern Acquisition": NaN,
        "Earnings From Equity Interest": NaN,
        "Gain On Sale Of Security": NaN,
        "Net Non Operating Interest Income Expense": NaN,
        "Total Other Finance Cost": NaN,
        "Interest Expense Non Operating": NaN,
        "Interest Income Non Operating": NaN,
        "Operating Income": NaN,
        "Operating Expense": NaN,
        "Other Operating Expenses": NaN,
        "Selling General And Administration": NaN,
        "Gross Profit": NaN,
        "Cost Of Revenue": NaN,
        "Total Revenue": NaN,
        "Operating Revenue": NaN
    },
    "2024-03-31": {
        "Tax Effect Of Unusual Items": NaN,
        "Tax Rate For Calcs": NaN,
        "Normalized EBITDA": NaN,
        "Total Unusual Items": NaN,
        "Total Unusual Items Excluding Goodwill": NaN,
        "Net Income From Continuing Operation Net Minority Interest": NaN,
        "Reconciled Cost Of Revenue": NaN,
        "EBITDA": NaN,
        "EBIT": NaN,
        "Net Interest Income": -1496000000.0,
        "Interest Expense": 927000000.0,
        "Interest Income": 36000000.0,
        "Normalized Income": NaN,
        "Net Income From Continuing And Discontinued Operation": NaN,
        "Total Expenses": NaN,
        "Total Operating Income As Reported": NaN,
        "Diluted Average Shares": 2007000000.0,
        "Basic Average Shares": 2007000000.0,
        "Diluted EPS": 0.54,
        "Basic EPS": 0.54,
        "Diluted NI Availto Com Stockholders": NaN,
        "Net Income Common Stockholders": NaN,
        "Net Income": NaN,
        "Minority Interests": NaN,
        "Net Income Including Noncontrolling Interests": NaN,
        "Net Income Continuous Operations": NaN,
        "Tax Provision": 794000000.0,
        "Pretax Income": NaN,
        "Other Income Expense": NaN,
        "Other Non Operating Income Expenses": NaN,
        "Special Income Charges": NaN,
        "Gain On Sale Of Business": NaN,
        "Other Special Charges": -104000000.0,
        "Write Off": 29000000.0,
        "Restructuring And Mergern Acquisition": NaN,
        "Earnings From Equity Interest": 57000000.0,
        "Gain On Sale Of Security": -243000000.0,
        "Net Non Operating Interest Income Expense": -1496000000.0,
        "Total Other Finance Cost": 605000000.0,
        "Interest Expense Non Operating": 927000000.0,
        "Interest Income Non Operating": 36000000.0,
        "Operating Income": NaN,
        "Operating Expense": NaN,
        "Other Operating Expenses": NaN,
        "Selling General And Administration": NaN,
        "Gross Profit": NaN,
        "Cost Of Revenue": NaN,
        "Total Revenue": NaN,
        "Operating Revenue": NaN
    },
    "2024-06-30": {
        "Tax Effect Of Unusual Items": -96410000.0,
        "Tax Rate For Calcs": 0.31,
        "Normalized EBITDA": 3775000000.0,
        "Total Unusual Items": -311000000.0,
        "Total Unusual Items Excluding Goodwill": -311000000.0,
        "Net Income From Continuing Operation Net Minority Interest": 1472000000.0,
        "Reconciled Cost Of Revenue": 6766000000.0,
        "EBITDA": 3463000000.0,
        "EBIT": 3464000000.0,
        "Net Interest Income": -1170000000.0,
        "Interest Expense": 960000000.0,
        "Interest Income": 25000000.0,
        "Normalized Income": 1687590000.0,
        "Net Income From Continuing And Discontinued Operation": 1473000000.0,
        "Total Expenses": 11428000000.0,
        "Total Operating Income As Reported": 3905000000.0,
        "Diluted Average Shares": 2005000000.0,
        "Basic Average Shares": 2005000000.0,
        "Diluted EPS": 0.73,
        "Basic EPS": 0.73,
        "Diluted NI Availto Com Stockholders": 1472000000.0,
        "Net Income Common Stockholders": 1473000000.0,
        "Net Income": 1472000000.0,
        "Minority Interests": -279000000.0,
        "Net Income Including Noncontrolling Interests": 1752000000.0,
        "Net Income Continuous Operations": 1752000000.0,
        "Tax Provision": 752000000.0,
        "Pretax Income": 2504000000.0,
        "Other Income Expense": -231000000.0,
        "Other Non Operating Income Expenses": -90000000.0,
        "Special Income Charges": -47000000.0,
        "Gain On Sale Of Business": -62000000.0,
        "Other Special Charges": -43000000.0,
        "Write Off": NaN,
        "Restructuring And Mergern Acquisition": 28000000.0,
        "Earnings From Equity Interest": 79000000.0,
        "Gain On Sale Of Security": -264000000.0,
        "Net Non Operating Interest Income Expense": -1170000000.0,
        "Total Other Finance Cost": 235000000.0,
        "Interest Expense Non Operating": 960000000.0,
        "Interest Income Non Operating": 25000000.0,
        "Operating Income": 3905000000.0,
        "Operating Expense": 4662000000.0,
        "Other Operating Expenses": -151000000.0,
        "Selling General And Administration": 4813000000.0,
        "Gross Profit": 8567000000.0,
        "Cost Of Revenue": 6766000000.0,
        "Total Revenue": 15333000000.0,
        "Operating Revenue": 15333000000.0
    },
    "2024-09-30": {
        "Tax Effect Of Unusual Items": 25904556.650246,
        "Tax Rate For Calcs": 0.233374,
        "Normalized EBITDA": 4041000000.0,
        "Total Unusual Items": 111000000.0,
        "Total Unusual Items Excluding Goodwill": 111000000.0,
        "Net Income From Continuing Operation Net Minority Interest": 2071000000.0,
        "Reconciled Cost Of Revenue": 6680000000.0,
        "EBITDA": 4152000000.0,
        "EBIT": 4152000000.0,
        "Net Interest Income": -1043000000.0,
        "Interest Expense": 904000000.0,
        "Interest Income": 34000000.0,
        "Normalized Income": 1985904556.650246,
        "Net Income From Continuing And Discontinued Operation": 2071000000.0,
        "Total Expenses": 10955000000.0,
        "Total Operating Income As Reported": 4091000000.0,
        "Diluted Average Shares": 2004000000.0,
        "Basic Average Shares": 2004000000.0,
        "Diluted EPS": 1.03,
        "Basic EPS": 1.03,
        "Diluted NI Availto Com Stockholders": 2071000000.0,
        "Net Income Common Stockholders": 2071000000.0,
        "Net Income": 2071000000.0,
        "Minority Interests": -418000000.0,
        "Net Income Including Noncontrolling Interests": 2490000000.0,
        "Net Income Continuous Operations": 2490000000.0,
        "Tax Provision": 758000000.0,
        "Pretax Income": 3248000000.0,
        "Other Income Expense": 200000000.0,
        "Other Non Operating Income Expenses": NaN,
        "Special Income Charges": -125000000.0,
        "Gain On Sale Of Business": -87000000.0,
        "Other Special Charges": NaN,
        "Write Off": NaN,
        "Restructuring And Mergern Acquisition": 38000000.0,
        "Earnings From Equity Interest": 89000000.0,
        "Gain On Sale Of Security": 236000000.0,
        "Net Non Operating Interest Income Expense": -1043000000.0,
        "Total Other Finance Cost": 173000000.0,
        "Interest Expense Non Operating": 904000000.0,
        "Interest Income Non Operating": 34000000.0,
        "Operating Income": 4091000000.0,
        "Operating Expense": 4275000000.0,
        "Other Operating Expenses": -215000000.0,
        "Selling General And Administration": 4490000000.0,
        "Gross Profit": 8366000000.0,
        "Cost Of Revenue": 6680000000.0,
        "Total Revenue": 15046000000.0,
        "Operating Revenue": 15046000000.0
    },
    "2024-12-31": {
        "Tax Effect Of Unusual Items": -294578968.097676,
        "Tax Rate For Calcs": 0.33399,
        "Normalized EBITDA": 4814000000.0,
        "Total Unusual Items": -882000000.0,
        "Total Unusual Items Excluding Goodwill": -882000000.0,
        "Net Income From Continuing Operation Net Minority Interest": 1220000000.0,
        "Reconciled Cost Of Revenue": 6644000000.0,
        "EBITDA": 3932000000.0,
        "EBIT": 3932000000.0,
        "Net Interest Income": -422000000.0,
        "Interest Expense": 1393000000.0,
        "Interest Income": 638000000.0,
        "Normalized Income": 1807421031.902324,
        "Net Income From Continuing And Discontinued Operation": 1220000000.0,
        "Total Expenses": 11329000000.0,
        "Total Operating Income As Reported": 3849000000.0,
        "Diluted Average Shares": 2003000000.0,
        "Basic Average Shares": 2003000000.0,
        "Diluted EPS": 0.61,
        "Basic EPS": 0.61,
        "Diluted NI Availto Com Stockholders": 1220000000.0,
        "Net Income Common Stockholders": 1220000000.0,
        "Net Income": 1220000000.0,
        "Minority Interests": -471000000.0,
        "Net Income Including Noncontrolling Interests": 1691000000.0,
        "Net Income Continuous Operations": 1691000000.0,
        "Tax Provision": 848000000.0,
        "Pretax Income": 2539000000.0,
        "Other Income Expense": -553000000.0,
        "Other Non Operating Income Expenses": NaN,
        "Special Income Charges": 517000000.0,
        "Gain On Sale Of Business": 330000000.0,
        "Other Special Charges": -206000000.0,
        "Write Off": NaN,
        "Restructuring And Mergern Acquisition": 41000000.0,
        "Earnings From Equity Interest": 103000000.0,
        "Gain On Sale Of Security": -1399000000.0,
        "Net Non Operating Interest Income Expense": -422000000.0,
        "Total Other Finance Cost": -333000000.0,
        "Interest Expense Non Operating": 1393000000.0,
        "Interest Income Non Operating": 638000000.0,
        "Operating Income": 3512000000.0,
        "Operating Expense": 4685000000.0,
        "Other Operating Expenses": 132000000.0,
        "Selling General And Administration": 4602000000.0,
        "Gross Profit": 8197000000.0,
        "Cost Of Revenue": 6644000000.0,
        "Total Revenue": 14841000000.0,
        "Operating Revenue": 14841000000.0
    },
    "2025-03-31": {
        "Tax Effect Of Unusual Items": -10290000.0,
        "Tax Rate For Calcs": 0.21,
        "Normalized EBITDA": 3636000000.0,
        "Total Unusual Items": -49000000.0,
        "Total Unusual Items Excluding Goodwill": -49000000.0,
        "Net Income From Continuing Operation Net Minority Interest": 2148000000.0,
        "Reconciled Cost Of Revenue": 6044000000.0,
        "EBITDA": 3587000000.0,
        "EBIT": 3587000000.0,
        "Net Interest Income": -984000000.0,
        "Interest Expense": 818000000.0,
        "Interest Income": 30000000.0,
        "Normalized Income": 2186710000.0,
        "Net Income From Continuing And Discontinued Operation": 2148000000.0,
        "Total Expenses": 10040000000.0,
        "Total Operating Income As Reported": 3538000000.0,
        "Diluted Average Shares": 1994000000.0,
        "Basic Average Shares": 1994000000.0,
        "Diluted EPS": 1.08,
        "Basic EPS": 1.08,
        "Diluted NI Availto Com Stockholders": 2148000000.0,
        "Net Income Common Stockholders": 2148000000.0,
        "Net Income": 2148000000.0,
        "Minority Interests": -396000000.0,
        "Net Income Including Noncontrolling Interests": 3538000000.0,
        "Net Income Continuous Operations": 3538000000.0,
        "Tax Provision": 664000000.0,
        "Pretax Income": 3538000000.0,
        "Other Income Expense": -49000000.0,
        "Other Non Operating Income Expenses": NaN,
        "Special Income Charges": -49000000.0,
        "Gain On Sale Of Business": -37000000.0,
        "Other Special Charges": NaN,
        "Write Off": NaN,
        "Restructuring And Mergern Acquisition": 12000000.0,
        "Earnings From Equity Interest": 52000000.0,
        "Gain On Sale Of Security": 602000000.0,
        "Net Non Operating Interest Income Expense": -984000000.0,
        "Total Other Finance Cost": 196000000.0,
        "Interest Expense Non Operating": 818000000.0,
        "Interest Income Non Operating": 30000000.0,
        "Operating Income": 3587000000.0,
        "Operating Expense": 3996000000.0,
        "Other Operating Expenses": -192000000.0,
        "Selling General And Administration": 4188000000.0,
        "Gross Profit": 7583000000.0,
        "Cost Of Revenue": 6044000000.0,
        "Total Revenue": 13628000000.0,
        "Operating Revenue": 13628000000.0
    },
    "2025-06-30": {
        "Tax Effect Of Unusual Items": 8250000.0,
        "Tax Rate For Calcs": 0.25,
        "Normalized EBITDA": 4292000000.0,
        "Total Unusual Items": 33000000.0,
        "Total Unusual Items Excluding Goodwill": 33000000.0,
        "Net Income From Continuing Operation Net Minority Interest": 1676000000.0,
        "Reconciled Cost Of Revenue": 6558000000.0,
        "EBITDA": 4325000000.0,
        "EBIT": 4325000000.0,
        "Net Interest Income": NaN,
        "Interest Expense": NaN,
        "Interest Income": NaN,
        "Normalized Income": 1651250000.0,
        "Net Income From Continuing And Discontinued Operation": 1676000000.0,
        "Total Expenses": 10991000000.0,
        "Total Operating Income As Reported": 3968000000.0,
        "Diluted Average Shares": NaN,
        "Basic Average Shares": NaN,
        "Diluted EPS": NaN,
        "Basic EPS": NaN,
        "Diluted NI Availto Com Stockholders": 1676000000.0,
        "Net Income Common Stockholders": 1676000000.0,
        "Net Income": 1676000000.0,
        "Minority Interests": -348000000.0,
        "Net Income Including Noncontrolling Interests": 1030000000.0,
        "Net Income Continuous Operations": 1030000000.0,
        "Tax Provision": NaN,
        "Pretax Income": 2434000000.0,
        "Other Income Expense": 168000000.0,
        "Other Non Operating Income Expenses": NaN,
        "Special Income Charges": -7000000.0,
        "Gain On Sale Of Business": -10000000.0,
        "Other Special Charges": NaN,
        "Write Off": NaN,
        "Restructuring And Mergern Acquisition": 35000000.0,
        "Earnings From Equity Interest": NaN,
        "Gain On Sale Of Security": NaN,
        "Net Non Operating Interest Income Expense": NaN,
        "Total Other Finance Cost": NaN,
        "Interest Expense Non Operating": NaN,
        "Interest Income Non Operating": NaN,
        "Operating Income": 4013000000.0,
        "Operating Expense": 4433000000.0,
        "Other Operating Expenses": -191000000.0,
        "Selling General And Administration": 4624000000.0,
        "Gross Profit": 8446000000.0,
        "Cost Of Revenue": 6558000000.0,
        "Total Revenue": 15004000000.0,
        "Operating Revenue": 15004000000.0
    }
}