{
    "2023-04-30": {
        "Tax Effect Of Unusual Items": NaN,
        "Tax Rate For Calcs": NaN,
        "Normalized EBITDA": NaN,
        "Total Unusual Items": NaN,
        "Total Unusual Items Excluding Goodwill": NaN,
        "Net Income From Continuing Operation Net Minority Interest": NaN,
        "Reconciled Depreciation": NaN,
        "Reconciled Cost Of Revenue": NaN,
        "EBITDA": NaN,
        "EBIT": NaN,
        "Net Interest Income": NaN,
        "Interest Expense": NaN,
        "Normalized Income": NaN,
        "Net Income From Continuing And Discontinued Operation": NaN,
        "Total Expenses": NaN,
        "Diluted Average Shares": NaN,
        "Basic Average Shares": NaN,
        "Diluted EPS": NaN,
        "Basic EPS": NaN,
        "Diluted NI Availto Com Stockholders": NaN,
        "Net Income Common Stockholders": NaN,
        "Net Income": NaN,
        "Net Income Including Noncontrolling Interests": NaN,
        "Net Income Continuous Operations": NaN,
        "Tax Provision": NaN,
        "Pretax Income": NaN,
        "Other Income Expense": NaN,
        "Other Non Operating Income Expenses": NaN,
        "Special Income Charges": NaN,
        "Other Special Charges": 24644000.0,
        "Impairment Of Capital Assets": NaN,
        "Net Non Operating Interest Income Expense": NaN,
        "Total Other Finance Cost": NaN,
        "Interest Expense Non Operating": NaN,
        "Operating Income": NaN,
        "Operating Expense": NaN,
        "Depreciation Amortization Depletion Income Statement": NaN,
        "Depreciation And Amortization In Income Statement": NaN,
        "Selling General And Administration": NaN,
        "Selling And Marketing Expense": 14500000.0,
        "General And Administrative Expense": 741128000.0,
        "Other Gand A": 741128000.0,
        "Gross Profit": NaN,
        "Cost Of Revenue": NaN,
        "Total Revenue": NaN,
        "Operating Revenue": NaN
    },
    "2023-01-31": {
        "Tax Effect Of Unusual Items": NaN,
        "Tax Rate For Calcs": NaN,
        "Normalized EBITDA": NaN,
        "Total Unusual Items": NaN,
        "Total Unusual Items Excluding Goodwill": NaN,
        "Net Income From Continuing Operation Net Minority Interest": NaN,
        "Reconciled Depreciation": NaN,
        "Reconciled Cost Of Revenue": NaN,
        "EBITDA": NaN,
        "EBIT": NaN,
        "Net Interest Income": NaN,
        "Interest Expense": NaN,
        "Normalized Income": NaN,
        "Net Income From Continuing And Discontinued Operation": NaN,
        "Total Expenses": NaN,
        "Diluted Average Shares": NaN,
        "Basic Average Shares": NaN,
        "Diluted EPS": NaN,
        "Basic EPS": NaN,
        "Diluted NI Availto Com Stockholders": NaN,
        "Net Income Common Stockholders": NaN,
        "Net Income": NaN,
        "Net Income Including Noncontrolling Interests": NaN,
        "Net Income Continuous Operations": NaN,
        "Tax Provision": NaN,
        "Pretax Income": NaN,
        "Other Income Expense": NaN,
        "Other Non Operating Income Expenses": NaN,
        "Special Income Charges": NaN,
        "Other Special Charges": 0.0,
        "Impairment Of Capital Assets": NaN,
        "Net Non Operating Interest Income Expense": NaN,
        "Total Other Finance Cost": NaN,
        "Interest Expense Non Operating": NaN,
        "Operating Income": NaN,
        "Operating Expense": NaN,
        "Depreciation Amortization Depletion Income Statement": NaN,
        "Depreciation And Amortization In Income Statement": NaN,
        "Selling General And Administration": NaN,
        "Selling And Marketing Expense": 13900000.0,
        "General And Administrative Expense": 770700000.0,
        "Other Gand A": 770700000.0,
        "Gross Profit": NaN,
        "Cost Of Revenue": NaN,
        "Total Revenue": NaN,
        "Operating Revenue": NaN
    },
    "2022-10-31": {
        "Tax Effect Of Unusual Items": NaN,
        "Tax Rate For Calcs": NaN,
        "Normalized EBITDA": NaN,
        "Total Unusual Items": NaN,
        "Total Unusual Items Excluding Goodwill": NaN,
        "Net Income From Continuing Operation Net Minority Interest": NaN,
        "Reconciled Depreciation": NaN,
        "Reconciled Cost Of Revenue": NaN,
        "EBITDA": NaN,
        "EBIT": NaN,
        "Net Interest Income": NaN,
        "Interest Expense": NaN,
        "Normalized Income": NaN,
        "Net Income From Continuing And Discontinued Operation": NaN,
        "Total Expenses": NaN,
        "Diluted Average Shares": 65504000.0,
        "Basic Average Shares": 65362000.0,
        "Diluted EPS": 0.26,
        "Basic EPS": 0.26,
        "Diluted NI Availto Com Stockholders": NaN,
        "Net Income Common Stockholders": NaN,
        "Net Income": NaN,
        "Net Income Including Noncontrolling Interests": NaN,
        "Net Income Continuous Operations": NaN,
        "Tax Provision": NaN,
        "Pretax Income": NaN,
        "Other Income Expense": NaN,
        "Other Non Operating Income Expenses": NaN,
        "Special Income Charges": NaN,
        "Other Special Charges": NaN,
        "Impairment Of Capital Assets": NaN,
        "Net Non Operating Interest Income Expense": NaN,
        "Total Other Finance Cost": NaN,
        "Interest Expense Non Operating": NaN,
        "Operating Income": NaN,
        "Operating Expense": NaN,
        "Depreciation Amortization Depletion Income Statement": NaN,
        "Depreciation And Amortization In Income Statement": NaN,
        "Selling General And Administration": NaN,
        "Selling And Marketing Expense": 12500000.0,
        "General And Administrative Expense": 714426000.0,
        "Other Gand A": 714426000.0,
        "Gross Profit": NaN,
        "Cost Of Revenue": NaN,
        "Total Revenue": NaN,
        "Operating Revenue": NaN
    },
    "2022-07-31": {
        "Tax Effect Of Unusual Items": -1103750.0,
        "Tax Rate For Calcs": 0.25,
        "Normalized EBITDA": 103777000.0,
        "Total Unusual Items": -4415000.0,
        "Total Unusual Items Excluding Goodwill": -4415000.0,
        "Net Income From Continuing Operation Net Minority Interest": 11966000.0,
        "Reconciled Depreciation": 67970000.0,
        "Reconciled Cost Of Revenue": 1211268000.0,
        "EBITDA": 99362000.0,
        "EBIT": 31392000.0,
        "Net Interest Income": -15435000.0,
        "Interest Expense": 15435000.0,
        "Normalized Income": 15277250.0,
        "Net Income From Continuing And Discontinued Operation": 11966000.0,
        "Total Expenses": 1964742000.0,
        "Diluted Average Shares": 65962000.0,
        "Basic Average Shares": 65803000.0,
        "Diluted EPS": 0.18,
        "Basic EPS": 0.18,
        "Diluted NI Availto Com Stockholders": 11966000.0,
        "Net Income Common Stockholders": 11966000.0,
        "Net Income": 11966000.0,
        "Net Income Including Noncontrolling Interests": 11966000.0,
        "Net Income Continuous Operations": 11966000.0,
        "Tax Provision": 3991000.0,
        "Pretax Income": 15957000.0,
        "Other Income Expense": 8193000.0,
        "Other Non Operating Income Expenses": 12608000.0,
        "Special Income Charges": -4415000.0,
        "Other Special Charges": NaN,
        "Impairment Of Capital Assets": 4415000.0,
        "Net Non Operating Interest Income Expense": -15435000.0,
        "Total Other Finance Cost": NaN,
        "Interest Expense Non Operating": 15435000.0,
        "Operating Income": 23199000.0,
        "Operating Expense": 753474000.0,
        "Depreciation Amortization Depletion Income Statement": 67970000.0,
        "Depreciation And Amortization In Income Statement": 67970000.0,
        "Selling General And Administration": 685504000.0,
        "Selling And Marketing Expense": NaN,
        "General And Administrative Expense": NaN,
        "Other Gand A": NaN,
        "Gross Profit": 776673000.0,
        "Cost Of Revenue": 1211268000.0,
        "Total Revenue": 1987941000.0,
        "Operating Revenue": 1983889000.0
    },
    "2022-04-30": {
        "Diluted EPS": 0.24,
        "Total Revenue": NaN,
        "Gross Profit": 793,
        "Operating Income": 47,
        "EBIT": 114,
        "Net Income": 16
    },
    "2022-01-31": {
        "Diluted EPS": 1.79,
        "Total Revenue": NaN,
        "Gross Profit": NaN,
        "Operating Income": 231,
        "EBIT": 299,
        "Net Income": 122
    },
    "2021-10-31": {
        "Diluted EPS": 0.2,
        "Total Revenue": NaN,
        "Gross Profit": 956,
        "Operating Income": 134,
        "EBIT": 199,
        "Net Income": 14
    },
    "2021-07-31": {
        "Diluted EPS": 1.5,
        "Total Revenue": NaN,
        "Gross Profit": 936,
        "Operating Income": 173,
        "EBIT": 237,
        "Net Income": 103
    },
    "2021-04-30": {
        "Diluted EPS": 2.51,
        "Total Revenue": NaN,
        "Gross Profit": 951,
        "Operating Income": 231,
        "EBIT": 289,
        "Net Income": 171
    },
    "2021-01-31": {
        "Diluted EPS": 2.4,
        "Total Revenue": NaN,
        "Gross Profit": 973,
        "Operating Income": 215,
        "EBIT": 274,
        "Net Income": 156
    },
    "2020-10-31": {
        "Diluted EPS": 0.12,
        "Total Revenue": NaN,
        "Gross Profit": 751,
        "Operating Income": 51,
        "EBIT": 107,
        "Net Income": 8
    },
    "2020-07-31": {
        "Diluted EPS": -0.71,
        "Total Revenue": NaN,
        "Gross Profit": 465,
        "Operating Income": -81,
        "EBIT": -26,
        "Net Income": -47
    },
    "2020-04-30": {
        "Diluted EPS": -5.09,
        "Total Revenue": 802,
        "Gross Profit": 19,
        "Operating Income": -524,
        "EBIT": -469,
        "Net Income": -334
    },
    "2020-01-31": {
        "Diluted EPS": 3.06,
        "Total Revenue": NaN,
        "Gross Profit": 935,
        "Operating Income": 283,
        "EBIT": 339,
        "Net Income": 206
    },
    "2019-10-31": {
        "Diluted EPS": 1.44,
        "Total Revenue": NaN,
        "Gross Profit": 759,
        "Operating Income": 132,
        "EBIT": 185,
        "Net Income": 96
    },
    "2019-07-31": {
        "Diluted EPS": 1.26,
        "Total Revenue": NaN,
        "Gross Profit": 692,
        "Operating Income": 109,
        "EBIT": 162,
        "Net Income": 85
    },
    "2019-04-30": {
        "Diluted EPS": 1.15,
        "Total Revenue": NaN,
        "Gross Profit": 673,
        "Operating Income": 107,
        "EBIT": 158,
        "Net Income": 78
    },
    "2019-01-31": {
        "Diluted EPS": 2.69,
        "Total Revenue": NaN,
        "Gross Profit": 842,
        "Operating Income": 249,
        "EBIT": 306,
        "Net Income": 184
    },
    "2018-10-31": {
        "Diluted EPS": 1.12,
        "Total Revenue": NaN,
        "Gross Profit": 699,
        "Operating Income": 107,
        "EBIT": 161,
        "Net Income": 77
    },
    "2018-07-31": {
        "Diluted EPS": 1.03,
        "Total Revenue": NaN,
        "Gross Profit": 627,
        "Operating Income": 95,
        "EBIT": 153,
        "Net Income": 71
    },
    "2018-04-30": {
        "Diluted EPS": 1.2,
        "Total Revenue": NaN,
        "Gross Profit": 632,
        "Operating Income": 115,
        "EBIT": 166,
        "Net Income": 83
    },
    "2018-01-31": {
        "Diluted EPS": 3.44,
        "Total Revenue": NaN,
        "Gross Profit": 821,
        "Operating Income": 241,
        "EBIT": 295,
        "Net Income": 241
    },
    "2017-10-31": {
        "Diluted EPS": 0.65,
        "Total Revenue": NaN,
        "Gross Profit": 613,
        "Operating Income": 83,
        "EBIT": 135,
        "Net Income": 45
    },
    "2017-07-31": {
        "Diluted EPS": 0.66,
        "Total Revenue": NaN,
        "Gross Profit": 561,
        "Operating Income": 78,
        "EBIT": 127,
        "Net Income": 47
    },
    "2017-04-30": {
        "Diluted EPS": 0.73,
        "Total Revenue": NaN,
        "Gross Profit": 556,
        "Operating Income": 89,
        "EBIT": 137,
        "Net Income": 52
    },
    "2017-01-31": {
        "Diluted EPS": 1.76,
        "Total Revenue": NaN,
        "Gross Profit": 711,
        "Operating Income": 203,
        "EBIT": 251,
        "Net Income": 126
    },
    "2016-10-31": {
        "Diluted EPS": 0.45,
        "Total Revenue": NaN,
        "Gross Profit": 559,
        "Operating Income": 63,
        "EBIT": 110,
        "Net Income": 32
    },
    "2016-07-31": {
        "Diluted EPS": 0.28,
        "Total Revenue": NaN,
        "Gross Profit": 503,
        "Operating Income": 52,
        "EBIT": 97,
        "Net Income": 20
    },
    "2016-04-30": {
        "Diluted EPS": 0.52,
        "Total Revenue": NaN,
        "Gross Profit": 520,
        "Operating Income": 75,
        "EBIT": 121,
        "Net Income": 38
    },
    "2016-01-31": {
        "Diluted EPS": 1.31,
        "Total Revenue": NaN,
        "Gross Profit": 639,
        "Operating Income": 169,
        "EBIT": 215,
        "Net Income": 99
    },
    "2015-10-31": {
        "Diluted EPS": 0.2,
        "Total Revenue": NaN,
        "Gross Profit": 497,
        "Operating Income": 39,
        "EBIT": 83,
        "Net Income": 15
    },
    "2015-07-31": {
        "Diluted EPS": 0.14,
        "Total Revenue": NaN,
        "Gross Profit": 456,
        "Operating Income": 33,
        "EBIT": 76,
        "Net Income": 11
    },
    "2015-04-30": {
        "Diluted EPS": 0.34,
        "Total Revenue": NaN,
        "Gross Profit": 478,
        "Operating Income": 57,
        "EBIT": 100,
        "Net Income": 26
    },
    "2015-01-31": {
        "Diluted EPS": 1.26,
        "Total Revenue": NaN,
        "Gross Profit": 638,
        "Operating Income": 170,
        "EBIT": 214,
        "Net Income": 95
    },
    "2014-10-31": {
        "Diluted EPS": -0.46,
        "Total Revenue": NaN,
        "Gross Profit": 468,
        "Operating Income": 29,
        "EBIT": 72,
        "Net Income": -34
    },
    "2014-07-31": {
        "Diluted EPS": -0.09,
        "Total Revenue": NaN,
        "Gross Profit": 406,
        "Operating Income": 15,
        "EBIT": 57,
        "Net Income": -6
    },
    "2014-04-30": {
        "Diluted EPS": 0.16,
        "Total Revenue": NaN,
        "Gross Profit": 437,
        "Operating Income": 50,
        "EBIT": 93,
        "Net Income": 12
    },
    "2014-01-31": {
        "Diluted EPS": 0.18,
        "Total Revenue": NaN,
        "Gross Profit": 566,
        "Operating Income": 148,
        "EBIT": 192,
        "Net Income": 64
    },
    "2013-10-31": {
        "Diluted EPS": -0.12,
        "Total Revenue": NaN,
        "Gross Profit": 423,
        "Operating Income": 8,
        "EBIT": 52,
        "Net Income": -45
    },
    "2013-07-31": {
        "Diluted EPS": -0.22,
        "Total Revenue": 971,
        "Gross Profit": 371,
        "Operating Income": -5,
        "EBIT": 38,
        "Net Income": -67
    },
    "2013-04-30": {
        "Diluted EPS": -0.09,
        "Total Revenue": NaN,
        "Gross Profit": 405,
        "Operating Income": 26,
        "EBIT": 72,
        "Net Income": -47
    },
    "2013-01-31": {
        "Diluted EPS": 0.0,
        "Total Revenue": NaN,
        "Gross Profit": NaN,
        "Operating Income": NaN,
        "EBIT": NaN,
        "Net Income": NaN
    },
    "2012-10-31": {
        "Diluted EPS": -0.09,
        "Total Revenue": 976,
        "Gross Profit": 381,
        "Operating Income": 6,
        "EBIT": 6,
        "Net Income": -44
    },
    "2012-01-31": {
        "Diluted EPS": 0.0,
        "Total Revenue": NaN,
        "Gross Profit": NaN,
        "Operating Income": NaN,
        "EBIT": NaN,
        "Net Income": NaN
    },
    "2011-01-31": {
        "Diluted EPS": 0.0,
        "Total Revenue": NaN,
        "Gross Profit": NaN,
        "Operating Income": NaN,
        "EBIT": NaN,
        "Net Income": NaN
    },
    "2023-07-31": {
        "Tax Effect Of Unusual Items": NaN,
        "Tax Rate For Calcs": NaN,
        "Normalized EBITDA": NaN,
        "Total Unusual Items": NaN,
        "Total Unusual Items Excluding Goodwill": NaN,
        "Net Income From Continuing Operation Net Minority Interest": NaN,
        "Reconciled Depreciation": NaN,
        "Reconciled Cost Of Revenue": NaN,
        "EBITDA": NaN,
        "EBIT": NaN,
        "Net Interest Income": NaN,
        "Interest Expense": NaN,
        "Normalized Income": NaN,
        "Net Income From Continuing And Discontinued Operation": NaN,
        "Total Expenses": NaN,
        "Diluted Average Shares": NaN,
        "Basic Average Shares": NaN,
        "Diluted EPS": NaN,
        "Basic EPS": NaN,
        "Diluted NI Availto Com Stockholders": NaN,
        "Net Income Common Stockholders": NaN,
        "Net Income": NaN,
        "Net Income Including Noncontrolling Interests": NaN,
        "Net Income Continuous Operations": NaN,
        "Tax Provision": NaN,
        "Pretax Income": NaN,
        "Other Income Expense": NaN,
        "Other Non Operating Income Expenses": NaN,
        "Special Income Charges": NaN,
        "Other Special Charges": 97000.0,
        "Impairment Of Capital Assets": NaN,
        "Net Non Operating Interest Income Expense": NaN,
        "Total Other Finance Cost": 97000.0,
        "Interest Expense Non Operating": NaN,
        "Operating Income": NaN,
        "Operating Expense": NaN,
        "Depreciation Amortization Depletion Income Statement": NaN,
        "Depreciation And Amortization In Income Statement": NaN,
        "Selling General And Administration": NaN,
        "Selling And Marketing Expense": 12400000.0,
        "General And Administrative Expense": 762885000.0,
        "Other Gand A": 762885000.0,
        "Gross Profit": NaN,
        "Cost Of Revenue": NaN,
        "Total Revenue": NaN,
        "Operating Revenue": NaN
    },
    "2023-10-31": {
        "Tax Effect Of Unusual Items": NaN,
        "Tax Rate For Calcs": NaN,
        "Normalized EBITDA": NaN,
        "Total Unusual Items": NaN,
        "Total Unusual Items Excluding Goodwill": NaN,
        "Net Income From Continuing Operation Net Minority Interest": NaN,
        "Reconciled Depreciation": NaN,
        "Reconciled Cost Of Revenue": NaN,
        "EBITDA": NaN,
        "EBIT": NaN,
        "Net Interest Income": NaN,
        "Interest Expense": NaN,
        "Normalized Income": NaN,
        "Net Income From Continuing And Discontinued Operation": NaN,
        "Total Expenses": NaN,
        "Diluted Average Shares": NaN,
        "Basic Average Shares": NaN,
        "Diluted EPS": NaN,
        "Basic EPS": NaN,
        "Diluted NI Availto Com Stockholders": NaN,
        "Net Income Common Stockholders": NaN,
        "Net Income": NaN,
        "Net Income Including Noncontrolling Interests": NaN,
        "Net Income Continuous Operations": NaN,
        "Tax Provision": NaN,
        "Pretax Income": NaN,
        "Other Income Expense": NaN,
        "Other Non Operating Income Expenses": NaN,
        "Special Income Charges": NaN,
        "Other Special Charges": 13630000.0,
        "Impairment Of Capital Assets": NaN,
        "Net Non Operating Interest Income Expense": NaN,
        "Interest Expense Non Operating": NaN,
        "Operating Income": NaN,
        "Operating Expense": NaN,
        "Depreciation Amortization Depletion Income Statement": NaN,
        "Depreciation And Amortization In Income Statement": NaN,
        "Selling General And Administration": NaN,
        "Selling And Marketing Expense": 12600000.0,
        "General And Administrative Expense": 814222000.0,
        "Other Gand A": 814222000.0,
        "Gross Profit": NaN,
        "Cost Of Revenue": NaN,
        "Total Revenue": NaN,
        "Operating Revenue": NaN
    },
    "2024-01-31": {
        "Tax Effect Of Unusual Items": NaN,
        "Tax Rate For Calcs": NaN,
        "Normalized EBITDA": NaN,
        "Total Unusual Items": NaN,
        "Total Unusual Items Excluding Goodwill": NaN,
        "Net Income From Continuing Operation Net Minority Interest": NaN,
        "Reconciled Depreciation": NaN,
        "Reconciled Cost Of Revenue": NaN,
        "EBITDA": NaN,
        "EBIT": NaN,
        "Net Interest Income": NaN,
        "Interest Expense": NaN,
        "Normalized Income": NaN,
        "Net Income From Continuing And Discontinued Operation": NaN,
        "Total Expenses": NaN,
        "Diluted Average Shares": NaN,
        "Basic Average Shares": NaN,
        "Diluted EPS": NaN,
        "Basic EPS": NaN,
        "Diluted NI Availto Com Stockholders": NaN,
        "Net Income Common Stockholders": NaN,
        "Net Income": NaN,
        "Net Income Including Noncontrolling Interests": NaN,
        "Net Income Continuous Operations": NaN,
        "Tax Provision": NaN,
        "Pretax Income": NaN,
        "Other Income Expense": NaN,
        "Other Non Operating Income Expenses": NaN,
        "Special Income Charges": NaN,
        "Other Special Charges": 0.0,
        "Impairment Of Capital Assets": NaN,
        "Net Non Operating Interest Income Expense": NaN,
        "Interest Expense Non Operating": NaN,
        "Operating Income": NaN,
        "Operating Expense": NaN,
        "Depreciation Amortization Depletion Income Statement": NaN,
        "Depreciation And Amortization In Income Statement": NaN,
        "Selling General And Administration": NaN,
        "Selling And Marketing Expense": 88800000.0,
        "General And Administrative Expense": 841779000.0,
        "Other Gand A": 841779000.0,
        "Gross Profit": NaN,
        "Cost Of Revenue": NaN,
        "Total Revenue": NaN,
        "Operating Revenue": NaN
    },
    "2024-04-30": {
        "Tax Effect Of Unusual Items": -2331640.0,
        "Tax Rate For Calcs": 0.284,
        "Normalized EBITDA": 216463000.0,
        "Total Unusual Items": -8210000.0,
        "Total Unusual Items Excluding Goodwill": -8210000.0,
        "Net Income From Continuing Operation Net Minority Interest": 78514000.0,
        "Reconciled Depreciation": 81965000.0,
        "Reconciled Cost Of Revenue": 1330726000.0,
        "EBITDA": 208253000.0,
        "EBIT": 126288000.0,
        "Net Interest Income": -16649000.0,
        "Interest Expense": 16649000.0,
        "Normalized Income": 84392360.0,
        "Net Income From Continuing And Discontinued Operation": 78514000.0,
        "Total Expenses": 2237917000.0,
        "Diluted Average Shares": 64267000.0,
        "Basic Average Shares": 63826021.0,
        "Diluted EPS": 1.22,
        "Basic EPS": 1.229381,
        "Diluted NI Availto Com Stockholders": 78514000.0,
        "Net Income Common Stockholders": 78514000.0,
        "Net Income": 78514000.0,
        "Net Income Including Noncontrolling Interests": 78514000.0,
        "Net Income Continuous Operations": 78514000.0,
        "Tax Provision": 31125000.0,
        "Pretax Income": 109639000.0,
        "Other Income Expense": 2652000.0,
        "Other Non Operating Income Expenses": 10862000.0,
        "Special Income Charges": -8210000.0,
        "Other Special Charges": NaN,
        "Impairment Of Capital Assets": 8210000.0,
        "Net Non Operating Interest Income Expense": -16649000.0,
        "Interest Expense Non Operating": 16649000.0,
        "Operating Income": 123636000.0,
        "Operating Expense": 907191000.0,
        "Depreciation Amortization Depletion Income Statement": 81965000.0,
        "Depreciation And Amortization In Income Statement": 81965000.0,
        "Selling General And Administration": 825226000.0,
        "Selling And Marketing Expense": NaN,
        "General And Administrative Expense": NaN,
        "Other Gand A": NaN,
        "Gross Profit": 1030827000.0,
        "Cost Of Revenue": 1330726000.0,
        "Total Revenue": 2361553000.0,
        "Operating Revenue": 2357318000.0
    },
    "2024-07-31": {
        "Tax Effect Of Unusual Items": 0.0,
        "Tax Rate For Calcs": 0.259936,
        "Normalized EBITDA": 202908000.0,
        "Total Unusual Items": 0.0,
        "Total Unusual Items Excluding Goodwill": 0.0,
        "Net Income From Continuing Operation Net Minority Interest": 73760000.0,
        "Reconciled Depreciation": 86659000.0,
        "Reconciled Cost Of Revenue": 1408120000.0,
        "EBITDA": 202908000.0,
        "EBIT": 116249000.0,
        "Net Interest Income": -16582000.0,
        "Interest Expense": 16582000.0,
        "Normalized Income": 73760000.0,
        "Net Income From Continuing And Discontinued Operation": 73760000.0,
        "Total Expenses": 2358760000.0,
        "Diluted Average Shares": 64328000.0,
        "Basic Average Shares": 63734000.0,
        "Diluted EPS": 1.15,
        "Basic EPS": 1.16,
        "Diluted NI Availto Com Stockholders": 73760000.0,
        "Net Income Common Stockholders": 73760000.0,
        "Net Income": 73760000.0,
        "Net Income Including Noncontrolling Interests": 73760000.0,
        "Net Income Continuous Operations": 73760000.0,
        "Tax Provision": 25907000.0,
        "Pretax Income": 99667000.0,
        "Other Income Expense": 9492000.0,
        "Other Non Operating Income Expenses": 9492000.0,
        "Special Income Charges": 0.0,
        "Other Special Charges": NaN,
        "Impairment Of Capital Assets": 0.0,
        "Net Non Operating Interest Income Expense": -16582000.0,
        "Interest Expense Non Operating": 16582000.0,
        "Operating Income": 106757000.0,
        "Operating Expense": 950640000.0,
        "Depreciation Amortization Depletion Income Statement": 86659000.0,
        "Depreciation And Amortization In Income Statement": 86659000.0,
        "Selling General And Administration": 863981000.0,
        "Selling And Marketing Expense": NaN,
        "General And Administrative Expense": NaN,
        "Other Gand A": NaN,
        "Gross Profit": 1057397000.0,
        "Cost Of Revenue": 1408120000.0,
        "Total Revenue": 2465517000.0,
        "Operating Revenue": 2461193000.0
    },
    "2024-10-31": {
        "Tax Effect Of Unusual Items": -2090088.0,
        "Tax Rate For Calcs": 0.232,
        "Normalized EBITDA": 232286000.0,
        "Total Unusual Items": -9009000.0,
        "Total Unusual Items Excluding Goodwill": -9009000.0,
        "Net Income From Continuing Operation Net Minority Interest": 90597000.0,
        "Reconciled Depreciation": 87470000.0,
        "Reconciled Cost Of Revenue": 1418143000.0,
        "EBITDA": 223277000.0,
        "EBIT": 135807000.0,
        "Net Interest Income": -17769000.0,
        "Interest Expense": 17769000.0,
        "Normalized Income": 97515912.0,
        "Net Income From Continuing And Discontinued Operation": 90597000.0,
        "Total Expenses": 2398705000.0,
        "Diluted Average Shares": 64619000.0,
        "Basic Average Shares": 63563000.0,
        "Diluted EPS": 1.4,
        "Basic EPS": 1.43,
        "Diluted NI Availto Com Stockholders": 90597000.0,
        "Net Income Common Stockholders": 90597000.0,
        "Net Income": 90597000.0,
        "Net Income Including Noncontrolling Interests": 90597000.0,
        "Net Income Continuous Operations": 90597000.0,
        "Tax Provision": 27441000.0,
        "Pretax Income": 118038000.0,
        "Other Income Expense": 3816000.0,
        "Other Non Operating Income Expenses": 12825000.0,
        "Special Income Charges": -9009000.0,
        "Other Special Charges": 5965000.0,
        "Impairment Of Capital Assets": 3044000.0,
        "Net Non Operating Interest Income Expense": -17769000.0,
        "Interest Expense Non Operating": 17769000.0,
        "Operating Income": 131991000.0,
        "Operating Expense": 980562000.0,
        "Depreciation Amortization Depletion Income Statement": 87470000.0,
        "Depreciation And Amortization In Income Statement": 87470000.0,
        "Selling General And Administration": 893092000.0,
        "Selling And Marketing Expense": NaN,
        "General And Administrative Expense": NaN,
        "Other Gand A": NaN,
        "Gross Profit": 1112553000.0,
        "Cost Of Revenue": 1418143000.0,
        "Total Revenue": 2530696000.0,
        "Operating Revenue": 2526174000.0
    },
    "2025-01-31": {
        "Tax Effect Of Unusual Items": -415956.007713,
        "Tax Rate For Calcs": 0.249524,
        "Normalized EBITDA": 459140000.0,
        "Total Unusual Items": -1667000.0,
        "Total Unusual Items Excluding Goodwill": -1667000.0,
        "Net Income From Continuing Operation Net Minority Interest": 260768000.0,
        "Reconciled Depreciation": 91481000.0,
        "Reconciled Cost Of Revenue": 1868283000.0,
        "EBITDA": 457473000.0,
        "EBIT": 365992000.0,
        "Net Interest Income": -18522000.0,
        "Interest Expense": 18522000.0,
        "Normalized Income": 262019043.992287,
        "Net Income From Continuing And Discontinued Operation": 260768000.0,
        "Total Expenses": 2924432000.0,
        "Diluted Average Shares": 64814000.0,
        "Basic Average Shares": 63284385.0,
        "Diluted EPS": 4.02,
        "Basic EPS": 4.107796,
        "Diluted NI Availto Com Stockholders": 260768000.0,
        "Net Income Common Stockholders": 260768000.0,
        "Net Income": 260768000.0,
        "Net Income Including Noncontrolling Interests": 260768000.0,
        "Net Income Continuous Operations": 260768000.0,
        "Tax Provision": 86702000.0,
        "Pretax Income": 347470000.0,
        "Other Income Expense": 13367000.0,
        "Other Non Operating Income Expenses": 15034000.0,
        "Special Income Charges": -1667000.0,
        "Other Special Charges": 0.0,
        "Impairment Of Capital Assets": 1667000.0,
        "Net Non Operating Interest Income Expense": -18522000.0,
        "Interest Expense Non Operating": 18522000.0,
        "Operating Income": 352625000.0,
        "Operating Expense": 1056149000.0,
        "Depreciation Amortization Depletion Income Statement": 91481000.0,
        "Depreciation And Amortization In Income Statement": 91481000.0,
        "Selling General And Administration": 964668000.0,
        "Selling And Marketing Expense": NaN,
        "General And Administrative Expense": NaN,
        "Other Gand A": NaN,
        "Gross Profit": 1408774000.0,
        "Cost Of Revenue": 1868283000.0,
        "Total Revenue": 3277057000.0,
        "Operating Revenue": 3272058000.0
    },
    "2025-04-30": {
        "Tax Effect Of Unusual Items": -151348.0,
        "Tax Rate For Calcs": 0.241,
        "Normalized EBITDA": 241093000.0,
        "Total Unusual Items": -628000.0,
        "Total Unusual Items Excluding Goodwill": -628000.0,
        "Net Income From Continuing Operation Net Minority Interest": 100833000.0,
        "Reconciled Depreciation": 91783000.0,
        "Reconciled Cost Of Revenue": 1405091000.0,
        "EBITDA": 240465000.0,
        "EBIT": 148682000.0,
        "Net Interest Income": -15810000.0,
        "Interest Expense": 15810000.0,
        "Normalized Income": 101309652.0,
        "Net Income From Continuing And Discontinued Operation": 100833000.0,
        "Total Expenses": 2364932000.0,
        "Diluted Average Shares": 64005000.0,
        "Basic Average Shares": 63088000.0,
        "Diluted EPS": 1.58,
        "Basic EPS": 1.6,
        "Diluted NI Availto Com Stockholders": 100833000.0,
        "Net Income Common Stockholders": 100833000.0,
        "Net Income": 100833000.0,
        "Net Income Including Noncontrolling Interests": 100833000.0,
        "Net Income Continuous Operations": 100833000.0,
        "Tax Provision": 32039000.0,
        "Pretax Income": 132872000.0,
        "Other Income Expense": 9594000.0,
        "Other Non Operating Income Expenses": 10222000.0,
        "Special Income Charges": -628000.0,
        "Other Special Charges": 112000.0,
        "Impairment Of Capital Assets": 516000.0,
        "Net Non Operating Interest Income Expense": -15810000.0,
        "Interest Expense Non Operating": 15810000.0,
        "Operating Income": 139088000.0,
        "Operating Expense": 959841000.0,
        "Depreciation Amortization Depletion Income Statement": 91783000.0,
        "Depreciation And Amortization In Income Statement": 91783000.0,
        "Selling General And Administration": 868058000.0,
        "Selling And Marketing Expense": NaN,
        "General And Administrative Expense": NaN,
        "Other Gand A": NaN,
        "Gross Profit": 1098929000.0,
        "Cost Of Revenue": 1405091000.0,
        "Total Revenue": 2504020000.0,
        "Operating Revenue": 2500075000.0
    },
    "2025-07-31": {
        "Tax Effect Of Unusual Items": -411231.3468,
        "Tax Rate For Calcs": 0.260273,
        "Normalized EBITDA": 241141000.0,
        "Total Unusual Items": -1580000.0,
        "Total Unusual Items Excluding Goodwill": -1580000.0,
        "Net Income From Continuing Operation Net Minority Interest": 94185000.0,
        "Reconciled Depreciation": 94810000.0,
        "Reconciled Cost Of Revenue": 1519629000.0,
        "EBITDA": 239561000.0,
        "EBIT": 144751000.0,
        "Net Interest Income": -17427000.0,
        "Interest Expense": 17427000.0,
        "Normalized Income": 95353768.6532,
        "Net Income From Continuing And Discontinued Operation": 94185000.0,
        "Total Expenses": 2564370000.0,
        "Diluted Average Shares": 63893000.0,
        "Basic Average Shares": 63061000.0,
        "Diluted EPS": 1.47,
        "Basic EPS": 1.49,
        "Diluted NI Availto Com Stockholders": 94185000.0,
        "Net Income Common Stockholders": 94185000.0,
        "Net Income": 94185000.0,
        "Net Income Including Noncontrolling Interests": 94185000.0,
        "Net Income Continuous Operations": 94185000.0,
        "Tax Provision": 33139000.0,
        "Pretax Income": 127324000.0,
        "Other Income Expense": 4050000.0,
        "Other Non Operating Income Expenses": 5630000.0,
        "Special Income Charges": -1580000.0,
        "Other Special Charges": NaN,
        "Impairment Of Capital Assets": 1580000.0,
        "Net Non Operating Interest Income Expense": -17427000.0,
        "Interest Expense Non Operating": 17427000.0,
        "Operating Income": 140701000.0,
        "Operating Expense": 1044741000.0,
        "Depreciation Amortization Depletion Income Statement": 94810000.0,
        "Depreciation And Amortization In Income Statement": 94810000.0,
        "Selling General And Administration": 949931000.0,
        "Selling And Marketing Expense": NaN,
        "General And Administrative Expense": NaN,
        "Other Gand A": NaN,
        "Gross Profit": 1185442000.0,
        "Cost Of Revenue": 1519629000.0,
        "Total Revenue": 2705071000.0,
        "Operating Revenue": 2701026000.0
    }
}