{
    "2023-03-31": {
        "Tax Effect Of Unusual Items": NaN,
        "Tax Rate For Calcs": NaN,
        "Normalized EBITDA": NaN,
        "Total Unusual Items": 0.0,
        "Total Unusual Items Excluding Goodwill": 0.0,
        "Net Income From Continuing Operation Net Minority Interest": NaN,
        "Reconciled Depreciation": NaN,
        "Reconciled Cost Of Revenue": NaN,
        "EBITDA": NaN,
        "EBIT": NaN,
        "Net Interest Income": NaN,
        "Interest Expense": NaN,
        "Normalized Income": NaN,
        "Net Income From Continuing And Discontinued Operation": NaN,
        "Total Expenses": NaN,
        "Total Operating Income As Reported": NaN,
        "Diluted Average Shares": 93475000.0,
        "Basic Average Shares": 93475000.0,
        "Diluted EPS": -0.23,
        "Basic EPS": -0.23,
        "Diluted NI Availto Com Stockholders": NaN,
        "Net Income Common Stockholders": NaN,
        "Preferred Stock Dividends": NaN,
        "Net Income": NaN,
        "Net Income Including Noncontrolling Interests": NaN,
        "Net Income Continuous Operations": NaN,
        "Tax Provision": NaN,
        "Pretax Income": NaN,
        "Other Income Expense": NaN,
        "Other Non Operating Income Expenses": NaN,
        "Special Income Charges": 0.0,
        "Gain On Sale Of Business": 0.0,
        "Net Non Operating Interest Income Expense": NaN,
        "Interest Expense Non Operating": NaN,
        "Operating Income": NaN,
        "Operating Expense": NaN,
        "Depreciation Amortization Depletion Income Statement": NaN,
        "Depreciation And Amortization In Income Statement": NaN,
        "Amortization": NaN,
        "Amortization Of Intangibles Income Statement": NaN,
        "Selling General And Administration": NaN,
        "Gross Profit": NaN,
        "Cost Of Revenue": NaN,
        "Total Revenue": NaN,
        "Operating Revenue": NaN
    },
    "2022-12-31": {
        "Tax Effect Of Unusual Items": NaN,
        "Tax Rate For Calcs": NaN,
        "Normalized EBITDA": NaN,
        "Total Unusual Items": NaN,
        "Total Unusual Items Excluding Goodwill": NaN,
        "Net Income From Continuing Operation Net Minority Interest": NaN,
        "Reconciled Depreciation": NaN,
        "Reconciled Cost Of Revenue": NaN,
        "EBITDA": NaN,
        "EBIT": NaN,
        "Net Interest Income": NaN,
        "Interest Expense": NaN,
        "Normalized Income": NaN,
        "Net Income From Continuing And Discontinued Operation": NaN,
        "Total Expenses": NaN,
        "Total Operating Income As Reported": NaN,
        "Diluted Average Shares": 93252000.0,
        "Basic Average Shares": 93252000.0,
        "Diluted EPS": -0.2,
        "Basic EPS": -0.2,
        "Diluted NI Availto Com Stockholders": NaN,
        "Net Income Common Stockholders": NaN,
        "Preferred Stock Dividends": NaN,
        "Net Income": NaN,
        "Net Income Including Noncontrolling Interests": NaN,
        "Net Income Continuous Operations": NaN,
        "Tax Provision": NaN,
        "Pretax Income": NaN,
        "Other Income Expense": NaN,
        "Other Non Operating Income Expenses": NaN,
        "Special Income Charges": NaN,
        "Gain On Sale Of Business": NaN,
        "Net Non Operating Interest Income Expense": NaN,
        "Interest Expense Non Operating": NaN,
        "Operating Income": NaN,
        "Operating Expense": NaN,
        "Depreciation Amortization Depletion Income Statement": NaN,
        "Depreciation And Amortization In Income Statement": NaN,
        "Amortization": NaN,
        "Amortization Of Intangibles Income Statement": NaN,
        "Selling General And Administration": NaN,
        "Gross Profit": NaN,
        "Cost Of Revenue": NaN,
        "Total Revenue": NaN,
        "Operating Revenue": NaN
    },
    "2022-09-30": {
        "Tax Effect Of Unusual Items": 0.0,
        "Tax Rate For Calcs": 0.278302,
        "Normalized EBITDA": 52800000.0,
        "Net Income From Continuing Operation Net Minority Interest": 15300000.0,
        "Reconciled Depreciation": 12800000.0,
        "Reconciled Cost Of Revenue": 534800000.0,
        "EBITDA": 52800000.0,
        "EBIT": 40000000.0,
        "Net Interest Income": -18800000.0,
        "Interest Expense": 18800000.0,
        "Normalized Income": 15300000.0,
        "Net Income From Continuing And Discontinued Operation": 15300000.0,
        "Total Expenses": 683000000.0,
        "Total Operating Income As Reported": 40400000.0,
        "Diluted Average Shares": 93000000.0,
        "Basic Average Shares": 93000000.0,
        "Diluted EPS": 0.16,
        "Basic EPS": 0.16,
        "Diluted NI Availto Com Stockholders": 15300000.0,
        "Net Income Common Stockholders": 15300000.0,
        "Net Income": 15300000.0,
        "Net Income Including Noncontrolling Interests": 15300000.0,
        "Net Income Continuous Operations": 15300000.0,
        "Tax Provision": 5900000.0,
        "Pretax Income": 21200000.0,
        "Other Income Expense": -400000.0,
        "Other Non Operating Income Expenses": -400000.0,
        "Net Non Operating Interest Income Expense": -18800000.0,
        "Interest Expense Non Operating": 18800000.0,
        "Operating Income": 40400000.0,
        "Operating Expense": 148200000.0,
        "Depreciation Amortization Depletion Income Statement": 12800000.0,
        "Depreciation And Amortization In Income Statement": 12800000.0,
        "Amortization": 12800000.0,
        "Amortization Of Intangibles Income Statement": 12800000.0,
        "Selling General And Administration": 135400000.0,
        "Gross Profit": 188600000.0,
        "Cost Of Revenue": 534800000.0,
        "Total Revenue": 723400000.0,
        "Operating Revenue": 723400000.0
    },
    "2022-06-30": {
        "Tax Effect Of Unusual Items": 0.0,
        "Tax Rate For Calcs": 0.294,
        "Normalized EBITDA": 69000000.0,
        "Net Income From Continuing Operation Net Minority Interest": 10800000.0,
        "Reconciled Depreciation": 38900000.0,
        "Reconciled Cost Of Revenue": 532500000.0,
        "EBITDA": 69000000.0,
        "EBIT": 30100000.0,
        "Net Interest Income": -14800000.0,
        "Interest Expense": 14800000.0,
        "Normalized Income": 10800000.0,
        "Net Income From Continuing And Discontinued Operation": 10800000.0,
        "Total Expenses": 702700000.0,
        "Total Operating Income As Reported": 44700000.0,
        "Diluted Average Shares": 93436000.0,
        "Basic Average Shares": 93207000.0,
        "Diluted EPS": 0.12,
        "Basic EPS": 0.12,
        "Diluted NI Availto Com Stockholders": 10800000.0,
        "Net Income Common Stockholders": 10800000.0,
        "Net Income": 10800000.0,
        "Net Income Including Noncontrolling Interests": 10800000.0,
        "Net Income Continuous Operations": 10800000.0,
        "Tax Provision": 4500000.0,
        "Pretax Income": 15300000.0,
        "Other Income Expense": -14600000.0,
        "Other Non Operating Income Expenses": -14600000.0,
        "Net Non Operating Interest Income Expense": -14800000.0,
        "Interest Expense Non Operating": 14800000.0,
        "Operating Income": 44700000.0,
        "Operating Expense": 144500000.0,
        "Depreciation Amortization Depletion Income Statement": 13200000.0,
        "Depreciation And Amortization In Income Statement": 13200000.0,
        "Amortization": 13200000.0,
        "Amortization Of Intangibles Income Statement": 13200000.0,
        "Selling General And Administration": 131300000.0,
        "Gross Profit": 189200000.0,
        "Cost Of Revenue": 558200000.0,
        "Total Revenue": 747400000.0,
        "Operating Revenue": 747400000.0
    },
    "2023-06-30": {
        "Tax Effect Of Unusual Items": NaN,
        "Tax Rate For Calcs": NaN,
        "Normalized EBITDA": NaN,
        "Total Unusual Items": 0.0,
        "Total Unusual Items Excluding Goodwill": 0.0,
        "Net Income From Continuing Operation Net Minority Interest": NaN,
        "Reconciled Depreciation": NaN,
        "Reconciled Cost Of Revenue": NaN,
        "EBITDA": NaN,
        "EBIT": NaN,
        "Net Interest Income": NaN,
        "Interest Expense": NaN,
        "Normalized Income": NaN,
        "Net Income From Continuing And Discontinued Operation": NaN,
        "Total Expenses": NaN,
        "Total Operating Income As Reported": NaN,
        "Diluted Average Shares": 94001000.0,
        "Basic Average Shares": 93504000.0,
        "Diluted EPS": 0.18,
        "Basic EPS": 0.18,
        "Diluted NI Availto Com Stockholders": NaN,
        "Net Income Common Stockholders": NaN,
        "Preferred Stock Dividends": NaN,
        "Net Income": NaN,
        "Net Income Including Noncontrolling Interests": NaN,
        "Net Income Continuous Operations": NaN,
        "Tax Provision": NaN,
        "Pretax Income": NaN,
        "Other Income Expense": NaN,
        "Other Non Operating Income Expenses": NaN,
        "Special Income Charges": 0.0,
        "Gain On Sale Of Business": 0.0,
        "Net Non Operating Interest Income Expense": NaN,
        "Interest Expense Non Operating": NaN,
        "Operating Income": NaN,
        "Operating Expense": NaN,
        "Depreciation Amortization Depletion Income Statement": NaN,
        "Depreciation And Amortization In Income Statement": NaN,
        "Amortization": NaN,
        "Amortization Of Intangibles Income Statement": NaN,
        "Selling General And Administration": NaN,
        "Gross Profit": NaN,
        "Cost Of Revenue": NaN,
        "Total Revenue": NaN,
        "Operating Revenue": NaN
    },
    "2023-09-30": {
        "Tax Effect Of Unusual Items": 0.0,
        "Tax Rate For Calcs": 0.381132,
        "Normalized EBITDA": 80700000.0,
        "Total Unusual Items": NaN,
        "Total Unusual Items Excluding Goodwill": NaN,
        "Net Income From Continuing Operation Net Minority Interest": 16400000.0,
        "Reconciled Depreciation": 35100000.0,
        "Reconciled Cost Of Revenue": 533800000.0,
        "EBITDA": 80700000.0,
        "EBIT": 45600000.0,
        "Net Interest Income": -19100000.0,
        "Interest Expense": 19100000.0,
        "Normalized Income": 16400000.0,
        "Net Income From Continuing And Discontinued Operation": 16400000.0,
        "Total Expenses": 689300000.0,
        "Total Operating Income As Reported": 54400000.0,
        "Diluted Average Shares": NaN,
        "Basic Average Shares": NaN,
        "Diluted EPS": NaN,
        "Basic EPS": NaN,
        "Diluted NI Availto Com Stockholders": 16400000.0,
        "Net Income Common Stockholders": 16400000.0,
        "Preferred Stock Dividends": NaN,
        "Net Income": 16400000.0,
        "Net Income Including Noncontrolling Interests": 16400000.0,
        "Net Income Continuous Operations": 16400000.0,
        "Tax Provision": 10100000.0,
        "Pretax Income": 26500000.0,
        "Other Income Expense": -8800000.0,
        "Other Non Operating Income Expenses": -8800000.0,
        "Special Income Charges": NaN,
        "Gain On Sale Of Business": NaN,
        "Net Non Operating Interest Income Expense": -19100000.0,
        "Interest Expense Non Operating": 19100000.0,
        "Operating Income": 54400000.0,
        "Operating Expense": 131200000.0,
        "Depreciation Amortization Depletion Income Statement": 10800000.0,
        "Depreciation And Amortization In Income Statement": 10800000.0,
        "Amortization": 10800000.0,
        "Amortization Of Intangibles Income Statement": 10800000.0,
        "Selling General And Administration": 120400000.0,
        "Gross Profit": 185600000.0,
        "Cost Of Revenue": 558100000.0,
        "Total Revenue": 743700000.0,
        "Operating Revenue": 743700000.0
    },
    "2023-12-31": {
        "Tax Effect Of Unusual Items": 0.0,
        "Tax Rate For Calcs": 0.257919,
        "Normalized EBITDA": 30700000.0,
        "Total Unusual Items": NaN,
        "Total Unusual Items Excluding Goodwill": NaN,
        "Net Income From Continuing Operation Net Minority Interest": -16400000.0,
        "Reconciled Depreciation": 35700000.0,
        "Reconciled Cost Of Revenue": 467300000.0,
        "EBITDA": 30700000.0,
        "EBIT": -5000000.0,
        "Net Interest Income": -17100000.0,
        "Interest Expense": 17100000.0,
        "Normalized Income": -16400000.0,
        "Net Income From Continuing And Discontinued Operation": -16400000.0,
        "Total Expenses": 632900000.0,
        "Total Operating Income As Reported": -6200000.0,
        "Diluted Average Shares": 93986000.0,
        "Basic Average Shares": 93986000.0,
        "Diluted EPS": -0.27,
        "Basic EPS": -0.27,
        "Diluted NI Availto Com Stockholders": -25300000.0,
        "Net Income Common Stockholders": -25300000.0,
        "Preferred Stock Dividends": 8900000.0,
        "Net Income": -16400000.0,
        "Net Income Including Noncontrolling Interests": -16400000.0,
        "Net Income Continuous Operations": -16400000.0,
        "Tax Provision": -5700000.0,
        "Pretax Income": -22100000.0,
        "Other Income Expense": 1200000.0,
        "Other Non Operating Income Expenses": 1200000.0,
        "Special Income Charges": NaN,
        "Gain On Sale Of Business": NaN,
        "Net Non Operating Interest Income Expense": -17100000.0,
        "Interest Expense Non Operating": 17100000.0,
        "Operating Income": -6200000.0,
        "Operating Expense": 140000000.0,
        "Depreciation Amortization Depletion Income Statement": 10100000.0,
        "Depreciation And Amortization In Income Statement": 10100000.0,
        "Amortization": 10100000.0,
        "Amortization Of Intangibles Income Statement": 10100000.0,
        "Selling General And Administration": 129900000.0,
        "Gross Profit": 133800000.0,
        "Cost Of Revenue": 492900000.0,
        "Total Revenue": 626700000.0,
        "Operating Revenue": 626700000.0
    },
    "2024-03-31": {
        "Tax Effect Of Unusual Items": NaN,
        "Tax Rate For Calcs": NaN,
        "Normalized EBITDA": NaN,
        "Total Unusual Items": 43900000.0,
        "Total Unusual Items Excluding Goodwill": 43900000.0,
        "Net Income From Continuing Operation Net Minority Interest": NaN,
        "Reconciled Depreciation": NaN,
        "Reconciled Cost Of Revenue": NaN,
        "EBITDA": NaN,
        "EBIT": NaN,
        "Net Interest Income": NaN,
        "Interest Expense": NaN,
        "Normalized Income": NaN,
        "Net Income From Continuing And Discontinued Operation": NaN,
        "Total Expenses": NaN,
        "Total Operating Income As Reported": NaN,
        "Diluted Average Shares": NaN,
        "Basic Average Shares": NaN,
        "Diluted EPS": NaN,
        "Basic EPS": NaN,
        "Diluted NI Availto Com Stockholders": NaN,
        "Net Income Common Stockholders": NaN,
        "Preferred Stock Dividends": NaN,
        "Net Income": NaN,
        "Net Income Including Noncontrolling Interests": NaN,
        "Net Income Continuous Operations": NaN,
        "Tax Provision": NaN,
        "Pretax Income": NaN,
        "Other Income Expense": NaN,
        "Other Non Operating Income Expenses": NaN,
        "Special Income Charges": 43900000.0,
        "Gain On Sale Of Business": 43900000.0,
        "Net Non Operating Interest Income Expense": NaN,
        "Interest Expense Non Operating": NaN,
        "Operating Income": NaN,
        "Operating Expense": NaN,
        "Depreciation Amortization Depletion Income Statement": NaN,
        "Depreciation And Amortization In Income Statement": NaN,
        "Amortization": NaN,
        "Amortization Of Intangibles Income Statement": NaN,
        "Selling General And Administration": NaN,
        "Gross Profit": NaN,
        "Cost Of Revenue": NaN,
        "Total Revenue": NaN,
        "Operating Revenue": NaN
    },
    "2024-06-30": {
        "Tax Effect Of Unusual Items": 29600.0,
        "Tax Rate For Calcs": 0.296,
        "Normalized EBITDA": 85100000.0,
        "Total Unusual Items": 100000.0,
        "Total Unusual Items Excluding Goodwill": 100000.0,
        "Net Income From Continuing Operation Net Minority Interest": 23500000.0,
        "Reconciled Depreciation": 36700000.0,
        "Reconciled Cost Of Revenue": 533100000.0,
        "EBITDA": 85200000.0,
        "EBIT": 48500000.0,
        "Net Interest Income": -15100000.0,
        "Interest Expense": 15100000.0,
        "Normalized Income": 23429600.0,
        "Net Income From Continuing And Discontinued Operation": 23500000.0,
        "Total Expenses": 689900000.0,
        "Total Operating Income As Reported": 49000000.0,
        "Diluted Average Shares": 96672000.0,
        "Basic Average Shares": 94549000.0,
        "Diluted EPS": 0.1,
        "Basic EPS": 0.1,
        "Diluted NI Availto Com Stockholders": 9300000.0,
        "Net Income Common Stockholders": 9300000.0,
        "Preferred Stock Dividends": 14200000.0,
        "Net Income": 23500000.0,
        "Net Income Including Noncontrolling Interests": 23500000.0,
        "Net Income Continuous Operations": 23500000.0,
        "Tax Provision": 9900000.0,
        "Pretax Income": 33400000.0,
        "Other Income Expense": -400000.0,
        "Other Non Operating Income Expenses": -500000.0,
        "Special Income Charges": 100000.0,
        "Gain On Sale Of Business": 100000.0,
        "Net Non Operating Interest Income Expense": -15100000.0,
        "Interest Expense Non Operating": 15100000.0,
        "Operating Income": 48900000.0,
        "Operating Expense": 128700000.0,
        "Depreciation Amortization Depletion Income Statement": 8600000.0,
        "Depreciation And Amortization In Income Statement": 8600000.0,
        "Amortization": 8600000.0,
        "Amortization Of Intangibles Income Statement": 8600000.0,
        "Selling General And Administration": 120100000.0,
        "Gross Profit": 177600000.0,
        "Cost Of Revenue": 561200000.0,
        "Total Revenue": 738800000.0,
        "Operating Revenue": 738800000.0
    },
    "2024-09-30": {
        "Tax Effect Of Unusual Items": -131937.172775,
        "Tax Rate For Calcs": 0.329843,
        "Normalized EBITDA": 89800000.0,
        "Total Unusual Items": -400000.0,
        "Total Unusual Items Excluding Goodwill": -400000.0,
        "Net Income From Continuing Operation Net Minority Interest": 25600000.0,
        "Reconciled Depreciation": 37000000.0,
        "Reconciled Cost Of Revenue": 517900000.0,
        "EBITDA": 89400000.0,
        "EBIT": 52400000.0,
        "Net Interest Income": -14200000.0,
        "Interest Expense": 14200000.0,
        "Normalized Income": 25868062.827225,
        "Net Income From Continuing And Discontinued Operation": 25600000.0,
        "Total Expenses": 676400000.0,
        "Total Operating Income As Reported": 51900000.0,
        "Diluted Average Shares": 94687000.0,
        "Basic Average Shares": 94687000.0,
        "Diluted EPS": 0.11,
        "Basic EPS": 0.11,
        "Diluted NI Availto Com Stockholders": 10500000.0,
        "Net Income Common Stockholders": 10500000.0,
        "Preferred Stock Dividends": 15100000.0,
        "Net Income": 25600000.0,
        "Net Income Including Noncontrolling Interests": 25600000.0,
        "Net Income Continuous Operations": 25600000.0,
        "Tax Provision": 12600000.0,
        "Pretax Income": 38200000.0,
        "Other Income Expense": 100000.0,
        "Other Non Operating Income Expenses": 500000.0,
        "Special Income Charges": -400000.0,
        "Gain On Sale Of Business": -400000.0,
        "Net Non Operating Interest Income Expense": -14200000.0,
        "Interest Expense Non Operating": 14200000.0,
        "Operating Income": 52300000.0,
        "Operating Expense": 129900000.0,
        "Depreciation Amortization Depletion Income Statement": 8400000.0,
        "Depreciation And Amortization In Income Statement": 8400000.0,
        "Amortization": 8400000.0,
        "Amortization Of Intangibles Income Statement": 8400000.0,
        "Selling General And Administration": 121500000.0,
        "Gross Profit": 182200000.0,
        "Cost Of Revenue": 546500000.0,
        "Total Revenue": 728700000.0,
        "Operating Revenue": 734400000.0
    },
    "2024-12-31": {
        "Tax Effect Of Unusual Items": 0.0,
        "Tax Rate For Calcs": 0.288,
        "Normalized EBITDA": 38100000.0,
        "Total Unusual Items": NaN,
        "Total Unusual Items Excluding Goodwill": NaN,
        "Net Income From Continuing Operation Net Minority Interest": -10400000.0,
        "Reconciled Depreciation": 38500000.0,
        "Reconciled Cost Of Revenue": 442000000.0,
        "EBITDA": 38100000.0,
        "EBIT": -400000.0,
        "Net Interest Income": -14200000.0,
        "Interest Expense": 14200000.0,
        "Normalized Income": -10400000.0,
        "Net Income From Continuing And Discontinued Operation": -10400000.0,
        "Total Expenses": 599800000.0,
        "Total Operating Income As Reported": -600000.0,
        "Diluted Average Shares": 95166000.0,
        "Basic Average Shares": 95166000.0,
        "Diluted EPS": -0.2,
        "Basic EPS": -0.2,
        "Diluted NI Availto Com Stockholders": -19400000.0,
        "Net Income Common Stockholders": -19400000.0,
        "Preferred Stock Dividends": 9000000.0,
        "Net Income": -10400000.0,
        "Net Income Including Noncontrolling Interests": -10400000.0,
        "Net Income Continuous Operations": -10400000.0,
        "Tax Provision": -4200000.0,
        "Pretax Income": -14600000.0,
        "Other Income Expense": 200000.0,
        "Other Non Operating Income Expenses": 200000.0,
        "Special Income Charges": NaN,
        "Gain On Sale Of Business": NaN,
        "Net Non Operating Interest Income Expense": -14200000.0,
        "Interest Expense Non Operating": 14200000.0,
        "Operating Income": -600000.0,
        "Operating Expense": 127400000.0,
        "Depreciation Amortization Depletion Income Statement": 8100000.0,
        "Depreciation And Amortization In Income Statement": 8100000.0,
        "Amortization": 8100000.0,
        "Amortization Of Intangibles Income Statement": 8100000.0,
        "Selling General And Administration": 119300000.0,
        "Gross Profit": 126800000.0,
        "Cost Of Revenue": 472400000.0,
        "Total Revenue": 599200000.0,
        "Operating Revenue": 599200000.0
    },
    "2025-03-31": {
        "Tax Effect Of Unusual Items": 0.0,
        "Tax Rate For Calcs": 0.264,
        "Normalized EBITDA": 60500000.0,
        "Total Unusual Items": 0.0,
        "Total Unusual Items Excluding Goodwill": 0.0,
        "Net Income From Continuing Operation Net Minority Interest": 6400000.0,
        "Reconciled Depreciation": 39000000.0,
        "Reconciled Cost Of Revenue": 483200000.0,
        "EBITDA": 60500000.0,
        "EBIT": 21500000.0,
        "Net Interest Income": -12800000.0,
        "Interest Expense": 12800000.0,
        "Normalized Income": 6400000.0,
        "Net Income From Continuing And Discontinued Operation": 6400000.0,
        "Total Expenses": 640300000.0,
        "Total Operating Income As Reported": 22300000.0,
        "Diluted Average Shares": 95516000.0,
        "Basic Average Shares": 95516000.0,
        "Diluted EPS": -0.03,
        "Basic EPS": -0.03,
        "Diluted NI Availto Com Stockholders": -2400000.0,
        "Net Income Common Stockholders": -2400000.0,
        "Preferred Stock Dividends": 8800000.0,
        "Net Income": 6400000.0,
        "Net Income Including Noncontrolling Interests": 6400000.0,
        "Net Income Continuous Operations": 6400000.0,
        "Tax Provision": 2300000.0,
        "Pretax Income": 8700000.0,
        "Other Income Expense": -800000.0,
        "Other Non Operating Income Expenses": -800000.0,
        "Special Income Charges": 0.0,
        "Gain On Sale Of Business": 0.0,
        "Net Non Operating Interest Income Expense": -12800000.0,
        "Interest Expense Non Operating": 12800000.0,
        "Operating Income": 22300000.0,
        "Operating Expense": 125200000.0,
        "Depreciation Amortization Depletion Income Statement": 7100000.0,
        "Depreciation And Amortization In Income Statement": 7100000.0,
        "Amortization": 7100000.0,
        "Amortization Of Intangibles Income Statement": 7100000.0,
        "Selling General And Administration": 118100000.0,
        "Gross Profit": 147500000.0,
        "Cost Of Revenue": 515100000.0,
        "Total Revenue": 662600000.0,
        "Operating Revenue": 662600000.0
    },
    "2025-06-30": {
        "Tax Effect Of Unusual Items": 0.0,
        "Tax Rate For Calcs": 0.281,
        "Normalized EBITDA": 104300000.0,
        "Total Unusual Items": 0.0,
        "Total Unusual Items Excluding Goodwill": 0.0,
        "Net Income From Continuing Operation Net Minority Interest": 32300000.0,
        "Reconciled Depreciation": 46000000.0,
        "Reconciled Cost Of Revenue": 498500000.0,
        "EBITDA": 104300000.0,
        "EBIT": 58300000.0,
        "Net Interest Income": -13400000.0,
        "Interest Expense": 13400000.0,
        "Normalized Income": 32300000.0,
        "Net Income From Continuing And Discontinued Operation": 32300000.0,
        "Total Expenses": 650700000.0,
        "Total Operating Income As Reported": 57600000.0,
        "Diluted Average Shares": 97744000.0,
        "Basic Average Shares": 95228000.0,
        "Diluted EPS": 0.16,
        "Basic EPS": 0.16,
        "Diluted NI Availto Com Stockholders": 14900000.0,
        "Net Income Common Stockholders": 14900000.0,
        "Preferred Stock Dividends": 17400000.0,
        "Net Income": 32300000.0,
        "Net Income Including Noncontrolling Interests": 32300000.0,
        "Net Income Continuous Operations": 32300000.0,
        "Tax Provision": 12600000.0,
        "Pretax Income": 44900000.0,
        "Other Income Expense": 700000.0,
        "Other Non Operating Income Expenses": 700000.0,
        "Special Income Charges": 0.0,
        "Gain On Sale Of Business": 0.0,
        "Net Non Operating Interest Income Expense": -13400000.0,
        "Interest Expense Non Operating": 13400000.0,
        "Operating Income": 57600000.0,
        "Operating Expense": 113300000.0,
        "Depreciation Amortization Depletion Income Statement": 7100000.0,
        "Depreciation And Amortization In Income Statement": 7100000.0,
        "Amortization": 7100000.0,
        "Amortization Of Intangibles Income Statement": 7100000.0,
        "Selling General And Administration": 106200000.0,
        "Gross Profit": 170900000.0,
        "Cost Of Revenue": 537400000.0,
        "Total Revenue": 708300000.0,
        "Operating Revenue": 708300000.0
    }
}