{
    "2023-03-31": {
        "Tax Effect Of Unusual Items": NaN,
        "Tax Rate For Calcs": NaN,
        "Normalized EBITDA": NaN,
        "Total Unusual Items": NaN,
        "Total Unusual Items Excluding Goodwill": NaN,
        "Net Income From Continuing Operation Net Minority Interest": NaN,
        "Reconciled Depreciation": NaN,
        "Reconciled Cost Of Revenue": NaN,
        "EBITDA": NaN,
        "EBIT": NaN,
        "Net Interest Income": NaN,
        "Interest Expense": NaN,
        "Interest Income": NaN,
        "Normalized Income": NaN,
        "Net Income From Continuing And Discontinued Operation": NaN,
        "Total Expenses": NaN,
        "Total Operating Income As Reported": NaN,
        "Diluted Average Shares": NaN,
        "Basic Average Shares": NaN,
        "Diluted EPS": NaN,
        "Basic EPS": NaN,
        "Diluted NI Availto Com Stockholders": NaN,
        "Net Income Common Stockholders": NaN,
        "Preferred Stock Dividends": NaN,
        "Net Income": NaN,
        "Minority Interests": NaN,
        "Net Income Including Noncontrolling Interests": NaN,
        "Net Income Discontinuous Operations": NaN,
        "Net Income Continuous Operations": NaN,
        "Tax Provision": NaN,
        "Pretax Income": NaN,
        "Other Income Expense": NaN,
        "Other Non Operating Income Expenses": NaN,
        "Special Income Charges": NaN,
        "Gain On Sale Of Ppe": NaN,
        "Gain On Sale Of Business": NaN,
        "Other Special Charges": NaN,
        "Impairment Of Capital Assets": NaN,
        "Restructuring And Mergern Acquisition": NaN,
        "Gain On Sale Of Security": NaN,
        "Net Non Operating Interest Income Expense": NaN,
        "Interest Expense Non Operating": NaN,
        "Interest Income Non Operating": NaN,
        "Operating Income": NaN,
        "Operating Expense": NaN,
        "Research And Development": NaN,
        "Selling General And Administration": NaN,
        "Selling And Marketing Expense": 51945000.0,
        "General And Administrative Expense": NaN,
        "Other Gand A": NaN,
        "Salaries And Wages": 109000.0,
        "Gross Profit": NaN,
        "Cost Of Revenue": NaN,
        "Total Revenue": NaN,
        "Operating Revenue": NaN
    },
    "2022-12-31": {
        "Tax Effect Of Unusual Items": NaN,
        "Tax Rate For Calcs": NaN,
        "Normalized EBITDA": NaN,
        "Total Unusual Items": NaN,
        "Total Unusual Items Excluding Goodwill": NaN,
        "Net Income From Continuing Operation Net Minority Interest": NaN,
        "Reconciled Depreciation": NaN,
        "Reconciled Cost Of Revenue": NaN,
        "EBITDA": NaN,
        "EBIT": NaN,
        "Net Interest Income": NaN,
        "Interest Expense": NaN,
        "Interest Income": NaN,
        "Normalized Income": NaN,
        "Net Income From Continuing And Discontinued Operation": NaN,
        "Total Expenses": NaN,
        "Total Operating Income As Reported": NaN,
        "Diluted Average Shares": NaN,
        "Basic Average Shares": NaN,
        "Diluted EPS": NaN,
        "Basic EPS": NaN,
        "Diluted NI Availto Com Stockholders": NaN,
        "Net Income Common Stockholders": NaN,
        "Preferred Stock Dividends": NaN,
        "Net Income": NaN,
        "Minority Interests": NaN,
        "Net Income Including Noncontrolling Interests": NaN,
        "Net Income Discontinuous Operations": NaN,
        "Net Income Continuous Operations": NaN,
        "Tax Provision": NaN,
        "Pretax Income": NaN,
        "Other Income Expense": NaN,
        "Other Non Operating Income Expenses": NaN,
        "Special Income Charges": NaN,
        "Gain On Sale Of Ppe": NaN,
        "Gain On Sale Of Business": 0.0,
        "Other Special Charges": NaN,
        "Impairment Of Capital Assets": 0.0,
        "Restructuring And Mergern Acquisition": NaN,
        "Gain On Sale Of Security": NaN,
        "Net Non Operating Interest Income Expense": NaN,
        "Interest Expense Non Operating": NaN,
        "Interest Income Non Operating": NaN,
        "Operating Income": NaN,
        "Operating Expense": NaN,
        "Research And Development": NaN,
        "Selling General And Administration": NaN,
        "Selling And Marketing Expense": 51168000.0,
        "General And Administrative Expense": NaN,
        "Other Gand A": NaN,
        "Salaries And Wages": NaN,
        "Gross Profit": NaN,
        "Cost Of Revenue": NaN,
        "Total Revenue": NaN,
        "Operating Revenue": NaN
    },
    "2022-09-30": {
        "Tax Effect Of Unusual Items": NaN,
        "Tax Rate For Calcs": NaN,
        "Normalized EBITDA": NaN,
        "Total Unusual Items": NaN,
        "Total Unusual Items Excluding Goodwill": NaN,
        "Net Income From Continuing Operation Net Minority Interest": NaN,
        "Reconciled Depreciation": NaN,
        "Reconciled Cost Of Revenue": NaN,
        "EBITDA": NaN,
        "EBIT": NaN,
        "Net Interest Income": NaN,
        "Interest Expense": NaN,
        "Interest Income": NaN,
        "Normalized Income": NaN,
        "Net Income From Continuing And Discontinued Operation": NaN,
        "Total Expenses": NaN,
        "Total Operating Income As Reported": NaN,
        "Diluted Average Shares": NaN,
        "Basic Average Shares": NaN,
        "Diluted EPS": NaN,
        "Basic EPS": NaN,
        "Diluted NI Availto Com Stockholders": NaN,
        "Net Income Common Stockholders": NaN,
        "Preferred Stock Dividends": NaN,
        "Net Income": NaN,
        "Minority Interests": NaN,
        "Net Income Including Noncontrolling Interests": NaN,
        "Net Income Discontinuous Operations": -7815000.0,
        "Net Income Continuous Operations": NaN,
        "Tax Provision": NaN,
        "Pretax Income": NaN,
        "Other Income Expense": NaN,
        "Other Non Operating Income Expenses": NaN,
        "Special Income Charges": NaN,
        "Gain On Sale Of Ppe": NaN,
        "Gain On Sale Of Business": 0.0,
        "Other Special Charges": NaN,
        "Impairment Of Capital Assets": 7224000.0,
        "Restructuring And Mergern Acquisition": NaN,
        "Gain On Sale Of Security": NaN,
        "Net Non Operating Interest Income Expense": NaN,
        "Interest Expense Non Operating": NaN,
        "Interest Income Non Operating": NaN,
        "Operating Income": NaN,
        "Operating Expense": NaN,
        "Research And Development": NaN,
        "Selling General And Administration": NaN,
        "Selling And Marketing Expense": NaN,
        "General And Administrative Expense": NaN,
        "Other Gand A": NaN,
        "Salaries And Wages": NaN,
        "Gross Profit": NaN,
        "Cost Of Revenue": NaN,
        "Total Revenue": NaN,
        "Operating Revenue": NaN
    },
    "2022-06-30": {
        "Tax Effect Of Unusual Items": 911976.0,
        "Tax Rate For Calcs": 0.312,
        "Normalized EBITDA": 9126000.0,
        "Total Unusual Items": 2923000.0,
        "Total Unusual Items Excluding Goodwill": 2923000.0,
        "Net Income From Continuing Operation Net Minority Interest": -2567000.0,
        "Reconciled Depreciation": 5736000.0,
        "Reconciled Cost Of Revenue": 173340000.0,
        "EBITDA": 12049000.0,
        "EBIT": 6313000.0,
        "Net Interest Income": -10559000.0,
        "Interest Expense": 10662000.0,
        "Interest Income": 103000.0,
        "Normalized Income": -4578024.0,
        "Net Income From Continuing And Discontinued Operation": -2567000.0,
        "Total Expenses": 224570000.0,
        "Total Operating Income As Reported": 3668000.0,
        "Diluted Average Shares": 88029000.0,
        "Basic Average Shares": 88029000.0,
        "Diluted EPS": -0.07,
        "Basic EPS": -0.07,
        "Diluted NI Availto Com Stockholders": -6282000.0,
        "Net Income Common Stockholders": -6282000.0,
        "Preferred Stock Dividends": 3715000.0,
        "Net Income": -2567000.0,
        "Minority Interests": 427000.0,
        "Net Income Including Noncontrolling Interests": -2994000.0,
        "Net Income Continuous Operations": -2994000.0,
        "Tax Provision": -1355000.0,
        "Pretax Income": -4349000.0,
        "Other Income Expense": 9761000.0,
        "Other Non Operating Income Expenses": 6838000.0,
        "Special Income Charges": 7219000.0,
        "Gain On Sale Of Ppe": 7117000.0,
        "Gain On Sale Of Business": 0.0,
        "Impairment Of Capital Assets": NaN,
        "Restructuring And Mergern Acquisition": -102000.0,
        "Gain On Sale Of Security": -4296000.0,
        "Net Non Operating Interest Income Expense": -10559000.0,
        "Interest Expense Non Operating": 10662000.0,
        "Interest Income Non Operating": 103000.0,
        "Operating Income": -3551000.0,
        "Operating Expense": 51230000.0,
        "Research And Development": 1137000.0,
        "Selling General And Administration": 50093000.0,
        "General And Administrative Expense": 50093000.0,
        "Other Gand A": 50093000.0,
        "Gross Profit": 47679000.0,
        "Cost Of Revenue": 173340000.0,
        "Total Revenue": 221019000.0,
        "Operating Revenue": 221019000.0
    },
    "2023-06-30": {
        "Tax Effect Of Unusual Items": NaN,
        "Tax Rate For Calcs": NaN,
        "Normalized EBITDA": NaN,
        "Total Unusual Items": NaN,
        "Total Unusual Items Excluding Goodwill": NaN,
        "Net Income From Continuing Operation Net Minority Interest": NaN,
        "Reconciled Depreciation": NaN,
        "Reconciled Cost Of Revenue": NaN,
        "EBITDA": NaN,
        "EBIT": NaN,
        "Net Interest Income": NaN,
        "Interest Expense": NaN,
        "Interest Income": NaN,
        "Normalized Income": NaN,
        "Net Income From Continuing And Discontinued Operation": NaN,
        "Total Expenses": NaN,
        "Total Operating Income As Reported": NaN,
        "Diluted Average Shares": NaN,
        "Basic Average Shares": NaN,
        "Diluted EPS": NaN,
        "Basic EPS": NaN,
        "Diluted NI Availto Com Stockholders": NaN,
        "Net Income Common Stockholders": NaN,
        "Preferred Stock Dividends": NaN,
        "Net Income": NaN,
        "Minority Interests": NaN,
        "Net Income Including Noncontrolling Interests": NaN,
        "Net Income Discontinuous Operations": NaN,
        "Net Income Continuous Operations": NaN,
        "Tax Provision": NaN,
        "Pretax Income": NaN,
        "Other Income Expense": NaN,
        "Other Non Operating Income Expenses": NaN,
        "Special Income Charges": NaN,
        "Gain On Sale Of Ppe": NaN,
        "Gain On Sale Of Business": 0.0,
        "Other Special Charges": NaN,
        "Impairment Of Capital Assets": NaN,
        "Restructuring And Mergern Acquisition": NaN,
        "Gain On Sale Of Security": NaN,
        "Net Non Operating Interest Income Expense": NaN,
        "Interest Expense Non Operating": NaN,
        "Interest Income Non Operating": NaN,
        "Operating Income": NaN,
        "Operating Expense": NaN,
        "Research And Development": NaN,
        "Selling General And Administration": NaN,
        "Selling And Marketing Expense": 52088000.0,
        "General And Administrative Expense": 49772000.0,
        "Other Gand A": 49772000.0,
        "Salaries And Wages": 138000.0,
        "Gross Profit": NaN,
        "Cost Of Revenue": NaN,
        "Total Revenue": NaN,
        "Operating Revenue": NaN
    },
    "2023-09-30": {
        "Tax Effect Of Unusual Items": NaN,
        "Tax Rate For Calcs": NaN,
        "Normalized EBITDA": NaN,
        "Total Unusual Items": NaN,
        "Total Unusual Items Excluding Goodwill": NaN,
        "Net Income From Continuing Operation Net Minority Interest": NaN,
        "Reconciled Depreciation": NaN,
        "Reconciled Cost Of Revenue": NaN,
        "EBITDA": NaN,
        "EBIT": NaN,
        "Net Interest Income": NaN,
        "Interest Expense": NaN,
        "Interest Income": NaN,
        "Normalized Income": NaN,
        "Net Income From Continuing And Discontinued Operation": NaN,
        "Total Expenses": NaN,
        "Total Operating Income As Reported": NaN,
        "Diluted Average Shares": NaN,
        "Basic Average Shares": NaN,
        "Diluted EPS": NaN,
        "Basic EPS": NaN,
        "Diluted NI Availto Com Stockholders": NaN,
        "Net Income Common Stockholders": NaN,
        "Preferred Stock Dividends": NaN,
        "Net Income": NaN,
        "Minority Interests": NaN,
        "Net Income Including Noncontrolling Interests": NaN,
        "Net Income Discontinuous Operations": NaN,
        "Net Income Continuous Operations": NaN,
        "Tax Provision": NaN,
        "Pretax Income": NaN,
        "Other Income Expense": NaN,
        "Other Non Operating Income Expenses": NaN,
        "Special Income Charges": NaN,
        "Gain On Sale Of Ppe": NaN,
        "Gain On Sale Of Business": 0.0,
        "Other Special Charges": NaN,
        "Impairment Of Capital Assets": 0.0,
        "Restructuring And Mergern Acquisition": NaN,
        "Gain On Sale Of Security": NaN,
        "Net Non Operating Interest Income Expense": NaN,
        "Interest Expense Non Operating": NaN,
        "Interest Income Non Operating": NaN,
        "Operating Income": NaN,
        "Operating Expense": NaN,
        "Research And Development": NaN,
        "Selling General And Administration": NaN,
        "Selling And Marketing Expense": 45018000.0,
        "General And Administrative Expense": 45662000.0,
        "Other Gand A": 45662000.0,
        "Salaries And Wages": NaN,
        "Gross Profit": NaN,
        "Cost Of Revenue": NaN,
        "Total Revenue": NaN,
        "Operating Revenue": NaN
    },
    "2023-12-31": {
        "Tax Effect Of Unusual Items": 25200.0,
        "Tax Rate For Calcs": 0.21,
        "Normalized EBITDA": -30773000.0,
        "Total Unusual Items": 120000.0,
        "Total Unusual Items Excluding Goodwill": 120000.0,
        "Net Income From Continuing Operation Net Minority Interest": -54282000.0,
        "Reconciled Depreciation": 4505000.0,
        "Reconciled Cost Of Revenue": 171552000.0,
        "EBITDA": -30653000.0,
        "EBIT": -35158000.0,
        "Net Interest Income": -12347000.0,
        "Interest Expense": 12647000.0,
        "Interest Income": 300000.0,
        "Normalized Income": -54376800.0,
        "Net Income From Continuing And Discontinued Operation": -62740000.0,
        "Total Expenses": 224883000.0,
        "Total Operating Income As Reported": 669000.0,
        "Diluted Average Shares": 89400000.0,
        "Basic Average Shares": 89400000.0,
        "Diluted EPS": -0.74,
        "Basic EPS": -0.74,
        "Diluted NI Availto Com Stockholders": -66454000.0,
        "Net Income Common Stockholders": -66454000.0,
        "Preferred Stock Dividends": 3714000.0,
        "Net Income": -62740000.0,
        "Minority Interests": -16000.0,
        "Net Income Including Noncontrolling Interests": -62724000.0,
        "Net Income Discontinuous Operations": -8458000.0,
        "Net Income Continuous Operations": -54266000.0,
        "Tax Provision": 6461000.0,
        "Pretax Income": -47805000.0,
        "Other Income Expense": -37742000.0,
        "Other Non Operating Income Expenses": -37862000.0,
        "Special Income Charges": -1615000.0,
        "Gain On Sale Of Ppe": -83000.0,
        "Gain On Sale Of Business": NaN,
        "Other Special Charges": NaN,
        "Impairment Of Capital Assets": NaN,
        "Restructuring And Mergern Acquisition": 1532000.0,
        "Gain On Sale Of Security": 1735000.0,
        "Net Non Operating Interest Income Expense": -12347000.0,
        "Interest Expense Non Operating": 12647000.0,
        "Interest Income Non Operating": 300000.0,
        "Operating Income": 2284000.0,
        "Operating Expense": 53331000.0,
        "Research And Development": 5314000.0,
        "Selling General And Administration": 48017000.0,
        "Selling And Marketing Expense": 45821000.0,
        "General And Administrative Expense": 48017000.0,
        "Other Gand A": 48017000.0,
        "Salaries And Wages": NaN,
        "Gross Profit": 55615000.0,
        "Cost Of Revenue": 171552000.0,
        "Total Revenue": 227167000.0,
        "Operating Revenue": 227167000.0
    },
    "2024-03-31": {
        "Tax Effect Of Unusual Items": -1687770.0,
        "Tax Rate For Calcs": 0.21,
        "Normalized EBITDA": 11208000.0,
        "Total Unusual Items": -8037000.0,
        "Total Unusual Items Excluding Goodwill": -8037000.0,
        "Net Income From Continuing Operation Net Minority Interest": -15841000.0,
        "Reconciled Depreciation": 4843000.0,
        "Reconciled Cost Of Revenue": 159075000.0,
        "EBITDA": 3171000.0,
        "EBIT": -1672000.0,
        "Net Interest Income": -12527000.0,
        "Interest Expense": 12834000.0,
        "Interest Income": 307000.0,
        "Normalized Income": -9491770.0,
        "Net Income From Continuing And Discontinued Operation": -16833000.0,
        "Total Expenses": 201594000.0,
        "Total Operating Income As Reported": 4329000.0,
        "Diluted Average Shares": 89479000.0,
        "Basic Average Shares": 89479000.0,
        "Diluted EPS": -0.23,
        "Basic EPS": -0.23,
        "Diluted NI Availto Com Stockholders": -20547000.0,
        "Net Income Common Stockholders": -20547000.0,
        "Preferred Stock Dividends": 3714000.0,
        "Net Income": -16833000.0,
        "Minority Interests": -42000.0,
        "Net Income Including Noncontrolling Interests": -16791000.0,
        "Net Income Discontinuous Operations": -992000.0,
        "Net Income Continuous Operations": -15799000.0,
        "Tax Provision": 1293000.0,
        "Pretax Income": -14506000.0,
        "Other Income Expense": -7941000.0,
        "Other Non Operating Income Expenses": 96000.0,
        "Special Income Charges": -6704000.0,
        "Gain On Sale Of Ppe": -53000.0,
        "Gain On Sale Of Business": NaN,
        "Other Special Charges": 5071000.0,
        "Impairment Of Capital Assets": NaN,
        "Restructuring And Mergern Acquisition": 1580000.0,
        "Gain On Sale Of Security": -1333000.0,
        "Net Non Operating Interest Income Expense": -12527000.0,
        "Interest Expense Non Operating": 12834000.0,
        "Interest Income Non Operating": 307000.0,
        "Operating Income": 5962000.0,
        "Operating Expense": 42519000.0,
        "Research And Development": 1081000.0,
        "Selling General And Administration": 41438000.0,
        "Selling And Marketing Expense": NaN,
        "General And Administrative Expense": 41438000.0,
        "Other Gand A": 41438000.0,
        "Salaries And Wages": -96000.0,
        "Gross Profit": 48481000.0,
        "Cost Of Revenue": 159075000.0,
        "Total Revenue": 207556000.0,
        "Operating Revenue": 207556000.0
    },
    "2024-06-30": {
        "Tax Effect Of Unusual Items": 6101020.0,
        "Tax Rate For Calcs": 0.157,
        "Normalized EBITDA": 8262000.0,
        "Total Unusual Items": 38860000.0,
        "Total Unusual Items Excluding Goodwill": 38860000.0,
        "Net Income From Continuing Operation Net Minority Interest": 25173000.0,
        "Reconciled Depreciation": 4674000.0,
        "Reconciled Cost Of Revenue": 179152000.0,
        "EBITDA": 47122000.0,
        "EBIT": 42448000.0,
        "Net Interest Income": -12249000.0,
        "Interest Expense": 12534000.0,
        "Interest Income": 285000.0,
        "Normalized Income": -7585980.0,
        "Net Income From Continuing And Discontinued Operation": 25315000.0,
        "Total Expenses": 230857000.0,
        "Total Operating Income As Reported": 42199000.0,
        "Diluted Average Shares": 91152000.0,
        "Basic Average Shares": 91049000.0,
        "Diluted EPS": 0.24,
        "Basic EPS": 0.24,
        "Diluted NI Availto Com Stockholders": 21600000.0,
        "Net Income Common Stockholders": 21600000.0,
        "Preferred Stock Dividends": 3715000.0,
        "Net Income": 25315000.0,
        "Minority Interests": -49000.0,
        "Net Income Including Noncontrolling Interests": 25364000.0,
        "Net Income Discontinuous Operations": 142000.0,
        "Net Income Continuous Operations": 25222000.0,
        "Tax Provision": 4692000.0,
        "Pretax Income": 29914000.0,
        "Other Income Expense": 39378000.0,
        "Other Non Operating Income Expenses": 518000.0,
        "Special Income Charges": 38361000.0,
        "Gain On Sale Of Ppe": 7000.0,
        "Gain On Sale Of Business": 40174000.0,
        "Other Special Charges": 1053000.0,
        "Impairment Of Capital Assets": NaN,
        "Restructuring And Mergern Acquisition": 767000.0,
        "Gain On Sale Of Security": 499000.0,
        "Net Non Operating Interest Income Expense": -12249000.0,
        "Interest Expense Non Operating": 12534000.0,
        "Interest Income Non Operating": 285000.0,
        "Operating Income": 2785000.0,
        "Operating Expense": 51705000.0,
        "Research And Development": 1180000.0,
        "Selling General And Administration": 50525000.0,
        "Selling And Marketing Expense": NaN,
        "General And Administrative Expense": 50525000.0,
        "Other Gand A": 50525000.0,
        "Salaries And Wages": -92000.0,
        "Gross Profit": 54490000.0,
        "Cost Of Revenue": 179152000.0,
        "Total Revenue": 233642000.0,
        "Operating Revenue": 233642000.0
    },
    "2024-09-30": {
        "Tax Effect Of Unusual Items": -1083810.0,
        "Tax Rate For Calcs": 0.21,
        "Normalized EBITDA": 9094000.0,
        "Total Unusual Items": -5161000.0,
        "Total Unusual Items Excluding Goodwill": -5161000.0,
        "Net Income From Continuing Operation Net Minority Interest": -11068000.0,
        "Reconciled Depreciation": 4219000.0,
        "Reconciled Cost Of Revenue": 160038000.0,
        "EBITDA": 3933000.0,
        "EBIT": -286000.0,
        "Net Interest Income": -10327000.0,
        "Interest Expense": 10620000.0,
        "Interest Income": 293000.0,
        "Normalized Income": -6990810.0,
        "Net Income From Continuing And Discontinued Operation": -5332000.0,
        "Total Expenses": 204574000.0,
        "Total Operating Income As Reported": -1474000.0,
        "Diluted Average Shares": 92300000.0,
        "Basic Average Shares": 92300000.0,
        "Diluted EPS": -0.1,
        "Basic EPS": -0.1,
        "Diluted NI Availto Com Stockholders": -9047000.0,
        "Net Income Common Stockholders": -9047000.0,
        "Preferred Stock Dividends": 3715000.0,
        "Net Income": -5332000.0,
        "Minority Interests": -1000.0,
        "Net Income Including Noncontrolling Interests": -5331000.0,
        "Net Income Discontinuous Operations": 5736000.0,
        "Net Income Continuous Operations": -11067000.0,
        "Tax Provision": 161000.0,
        "Pretax Income": -10906000.0,
        "Other Income Expense": -5864000.0,
        "Other Non Operating Income Expenses": -703000.0,
        "Special Income Charges": -7424000.0,
        "Gain On Sale Of Ppe": -375000.0,
        "Gain On Sale Of Business": -50000.0,
        "Other Special Charges": 665000.0,
        "Impairment Of Capital Assets": 5838000.0,
        "Restructuring And Mergern Acquisition": 496000.0,
        "Gain On Sale Of Security": 2263000.0,
        "Net Non Operating Interest Income Expense": -10327000.0,
        "Interest Expense Non Operating": 10620000.0,
        "Interest Income Non Operating": 293000.0,
        "Operating Income": 5285000.0,
        "Operating Expense": 44536000.0,
        "Research And Development": 1420000.0,
        "Selling General And Administration": 43116000.0,
        "Selling And Marketing Expense": NaN,
        "General And Administrative Expense": NaN,
        "Other Gand A": NaN,
        "Salaries And Wages": NaN,
        "Gross Profit": 49821000.0,
        "Cost Of Revenue": 160038000.0,
        "Total Revenue": 209859000.0,
        "Operating Revenue": 209859000.0
    },
    "2024-12-31": {
        "Tax Effect Of Unusual Items": -7918890.0,
        "Tax Rate For Calcs": 0.21,
        "Normalized EBITDA": -14452000.0,
        "Total Unusual Items": -37709000.0,
        "Total Unusual Items Excluding Goodwill": -37709000.0,
        "Net Income From Continuing Operation Net Minority Interest": -71362000.0,
        "Reconciled Depreciation": 2973000.0,
        "Reconciled Cost Of Revenue": 42043000.0,
        "EBITDA": -52161000.0,
        "EBIT": -55134000.0,
        "Net Interest Income": -10229000.0,
        "Interest Expense": 10158000.0,
        "Interest Income": -71000.0,
        "Normalized Income": -41571890.0,
        "Net Income From Continuing And Discontinued Operation": -63065000.0,
        "Total Expenses": 50553000.0,
        "Total Operating Income As Reported": -19970000.0,
        "Diluted Average Shares": 94100000.0,
        "Basic Average Shares": 94100000.0,
        "Diluted EPS": -0.71,
        "Basic EPS": -0.71,
        "Diluted NI Availto Com Stockholders": -66780000.0,
        "Net Income Common Stockholders": -66780000.0,
        "Preferred Stock Dividends": 3715000.0,
        "Net Income": -63065000.0,
        "Minority Interests": -44000.0,
        "Net Income Including Noncontrolling Interests": -63021000.0,
        "Net Income Discontinuous Operations": 8297000.0,
        "Net Income Continuous Operations": -71318000.0,
        "Tax Provision": 6026000.0,
        "Pretax Income": -65292000.0,
        "Other Income Expense": -70786000.0,
        "Other Non Operating Income Expenses": -33077000.0,
        "Special Income Charges": -36171000.0,
        "Gain On Sale Of Ppe": 775000.0,
        "Gain On Sale Of Business": NaN,
        "Other Special Charges": 478000.0,
        "Impairment Of Capital Assets": -2109000.0,
        "Restructuring And Mergern Acquisition": -1547000.0,
        "Gain On Sale Of Security": -1538000.0,
        "Net Non Operating Interest Income Expense": -10229000.0,
        "Interest Expense Non Operating": 10158000.0,
        "Interest Income Non Operating": -71000.0,
        "Operating Income": 15723000.0,
        "Operating Expense": 8510000.0,
        "Research And Development": 2113000.0,
        "Selling General And Administration": 6397000.0,
        "Selling And Marketing Expense": NaN,
        "General And Administrative Expense": NaN,
        "Other Gand A": NaN,
        "Salaries And Wages": NaN,
        "Gross Profit": 24233000.0,
        "Cost Of Revenue": 42043000.0,
        "Total Revenue": 66276000.0,
        "Operating Revenue": 66276000.0
    }
}