{
    "2023-03-31": {
        "Tax Effect Of Unusual Items": NaN,
        "Tax Rate For Calcs": NaN,
        "Normalized EBITDA": NaN,
        "Net Income From Continuing Operation Net Minority Interest": NaN,
        "Reconciled Depreciation": NaN,
        "Reconciled Cost Of Revenue": NaN,
        "EBITDA": NaN,
        "EBIT": NaN,
        "Net Interest Income": NaN,
        "Interest Expense": NaN,
        "Interest Income": NaN,
        "Normalized Income": NaN,
        "Net Income From Continuing And Discontinued Operation": NaN,
        "Total Expenses": NaN,
        "Total Operating Income As Reported": NaN,
        "Diluted Average Shares": NaN,
        "Basic Average Shares": NaN,
        "Diluted EPS": NaN,
        "Basic EPS": NaN,
        "Diluted NI Availto Com Stockholders": NaN,
        "Net Income Common Stockholders": NaN,
        "Net Income": NaN,
        "Net Income Including Noncontrolling Interests": NaN,
        "Net Income Continuous Operations": NaN,
        "Tax Provision": NaN,
        "Pretax Income": NaN,
        "Net Non Operating Interest Income Expense": NaN,
        "Total Other Finance Cost": -1407000.0,
        "Interest Expense Non Operating": NaN,
        "Interest Income Non Operating": NaN,
        "Operating Income": NaN,
        "Operating Expense": NaN,
        "Research And Development": NaN,
        "Selling General And Administration": NaN,
        "Selling And Marketing Expense": NaN,
        "General And Administrative Expense": NaN,
        "Other Gand A": NaN,
        "Gross Profit": NaN,
        "Cost Of Revenue": NaN,
        "Total Revenue": NaN,
        "Operating Revenue": NaN
    },
    "2022-12-31": {
        "Tax Effect Of Unusual Items": NaN,
        "Tax Rate For Calcs": NaN,
        "Normalized EBITDA": NaN,
        "Net Income From Continuing Operation Net Minority Interest": NaN,
        "Reconciled Depreciation": NaN,
        "Reconciled Cost Of Revenue": NaN,
        "EBITDA": NaN,
        "EBIT": NaN,
        "Net Interest Income": NaN,
        "Interest Expense": -706000.0,
        "Interest Income": NaN,
        "Normalized Income": NaN,
        "Net Income From Continuing And Discontinued Operation": NaN,
        "Total Expenses": NaN,
        "Total Operating Income As Reported": NaN,
        "Diluted Average Shares": NaN,
        "Basic Average Shares": NaN,
        "Diluted EPS": NaN,
        "Basic EPS": NaN,
        "Diluted NI Availto Com Stockholders": NaN,
        "Net Income Common Stockholders": NaN,
        "Net Income": NaN,
        "Net Income Including Noncontrolling Interests": NaN,
        "Net Income Continuous Operations": NaN,
        "Tax Provision": NaN,
        "Pretax Income": NaN,
        "Net Non Operating Interest Income Expense": NaN,
        "Total Other Finance Cost": NaN,
        "Interest Expense Non Operating": -706000.0,
        "Interest Income Non Operating": NaN,
        "Operating Income": NaN,
        "Operating Expense": NaN,
        "Research And Development": NaN,
        "Selling General And Administration": NaN,
        "Selling And Marketing Expense": NaN,
        "General And Administrative Expense": NaN,
        "Other Gand A": NaN,
        "Gross Profit": NaN,
        "Cost Of Revenue": NaN,
        "Total Revenue": NaN,
        "Operating Revenue": NaN
    },
    "2022-09-30": {
        "Tax Effect Of Unusual Items": NaN,
        "Tax Rate For Calcs": NaN,
        "Normalized EBITDA": NaN,
        "Net Income From Continuing Operation Net Minority Interest": NaN,
        "Reconciled Depreciation": NaN,
        "Reconciled Cost Of Revenue": NaN,
        "EBITDA": NaN,
        "EBIT": NaN,
        "Net Interest Income": NaN,
        "Interest Expense": 99000.0,
        "Interest Income": NaN,
        "Normalized Income": NaN,
        "Net Income From Continuing And Discontinued Operation": NaN,
        "Total Expenses": NaN,
        "Total Operating Income As Reported": NaN,
        "Diluted Average Shares": NaN,
        "Basic Average Shares": NaN,
        "Diluted EPS": NaN,
        "Basic EPS": NaN,
        "Diluted NI Availto Com Stockholders": NaN,
        "Net Income Common Stockholders": NaN,
        "Net Income": NaN,
        "Net Income Including Noncontrolling Interests": NaN,
        "Net Income Continuous Operations": NaN,
        "Tax Provision": NaN,
        "Pretax Income": NaN,
        "Net Non Operating Interest Income Expense": NaN,
        "Total Other Finance Cost": 99000.0,
        "Interest Expense Non Operating": 99000.0,
        "Interest Income Non Operating": NaN,
        "Operating Income": NaN,
        "Operating Expense": NaN,
        "Research And Development": NaN,
        "Selling General And Administration": NaN,
        "Selling And Marketing Expense": NaN,
        "General And Administrative Expense": NaN,
        "Other Gand A": NaN,
        "Gross Profit": NaN,
        "Cost Of Revenue": NaN,
        "Total Revenue": NaN,
        "Operating Revenue": NaN
    },
    "2022-06-30": {
        "Tax Effect Of Unusual Items": 0.0,
        "Tax Rate For Calcs": 0.4,
        "Normalized EBITDA": -1608000.0,
        "Net Income From Continuing Operation Net Minority Interest": -2450000.0,
        "Reconciled Depreciation": 400000.0,
        "Reconciled Cost Of Revenue": 2192000.0,
        "EBITDA": -1608000.0,
        "EBIT": -2008000.0,
        "Net Interest Income": -329000.0,
        "Interest Expense": 329000.0,
        "Normalized Income": -2450000.0,
        "Net Income From Continuing And Discontinued Operation": -2450000.0,
        "Total Expenses": 10014000.0,
        "Total Operating Income As Reported": -2008000.0,
        "Diluted Average Shares": 17500000.0,
        "Basic Average Shares": 17500000.0,
        "Diluted EPS": -0.14,
        "Basic EPS": -0.14,
        "Diluted NI Availto Com Stockholders": -2450000.0,
        "Net Income Common Stockholders": -2450000.0,
        "Net Income": -2450000.0,
        "Net Income Including Noncontrolling Interests": -2450000.0,
        "Net Income Continuous Operations": -2450000.0,
        "Tax Provision": 113000.0,
        "Pretax Income": -2337000.0,
        "Net Non Operating Interest Income Expense": -329000.0,
        "Total Other Finance Cost": NaN,
        "Interest Expense Non Operating": 329000.0,
        "Operating Income": -2008000.0,
        "Operating Expense": 7822000.0,
        "Research And Development": 1731000.0,
        "Selling General And Administration": 6091000.0,
        "Selling And Marketing Expense": 4552000.0,
        "General And Administrative Expense": 1539000.0,
        "Other Gand A": 1539000.0,
        "Gross Profit": 5814000.0,
        "Cost Of Revenue": 2192000.0,
        "Total Revenue": 8006000.0,
        "Operating Revenue": 8006000.0
    },
    "2022-03-31": {
        "Diluted EPS": -0.1,
        "Total Revenue": 8,
        "Gross Profit": 6,
        "Operating Income": -1,
        "EBIT": -1,
        "Net Income": -2
    },
    "2021-12-31": {
        "Diluted EPS": -0.1,
        "Total Revenue": 8,
        "Gross Profit": 7,
        "Operating Income": -1,
        "EBIT": -1,
        "Net Income": -1
    },
    "2021-09-30": {
        "Diluted EPS": -0.1,
        "Total Revenue": 8,
        "Gross Profit": 6,
        "Operating Income": -1,
        "EBIT": -1,
        "Net Income": -2
    },
    "2021-06-30": {
        "Diluted EPS": -0.12,
        "Total Revenue": 7,
        "Gross Profit": 6,
        "Operating Income": -2,
        "EBIT": -1,
        "Net Income": -2
    },
    "2021-03-31": {
        "Diluted EPS": -0.1,
        "Total Revenue": 6,
        "Gross Profit": 5,
        "Operating Income": -1,
        "EBIT": 0,
        "Net Income": -1
    },
    "2020-12-31": {
        "Diluted EPS": -0.04,
        "Total Revenue": 7,
        "Gross Profit": 6,
        "Operating Income": 0,
        "EBIT": -1,
        "Net Income": 0
    },
    "2020-09-30": {
        "Diluted EPS": -0.08,
        "Total Revenue": 6,
        "Gross Profit": 5,
        "Operating Income": -1,
        "EBIT": 0,
        "Net Income": -1
    },
    "2020-06-30": {
        "Diluted EPS": -0.06,
        "Total Revenue": 5,
        "Gross Profit": 4,
        "Operating Income": 0,
        "EBIT": 0,
        "Net Income": -1
    },
    "2020-03-31": {
        "Diluted EPS": -0.3,
        "Total Revenue": 4,
        "Gross Profit": 3,
        "Operating Income": -4,
        "EBIT": -3,
        "Net Income": -3
    },
    "2019-12-31": {
        "Diluted EPS": -0.2,
        "Total Revenue": 6,
        "Gross Profit": 5,
        "Operating Income": -2,
        "EBIT": -1,
        "Net Income": -2
    },
    "2019-09-30": {
        "Diluted EPS": -0.24,
        "Total Revenue": 6,
        "Gross Profit": 5,
        "Operating Income": -2,
        "EBIT": -1,
        "Net Income": -3
    },
    "2019-06-30": {
        "Diluted EPS": -0.34,
        "Total Revenue": 6,
        "Gross Profit": 4,
        "Operating Income": -3,
        "EBIT": -2,
        "Net Income": -3
    },
    "2019-03-31": {
        "Diluted EPS": -0.22,
        "Total Revenue": 5,
        "Gross Profit": 4,
        "Operating Income": -2,
        "EBIT": -1,
        "Net Income": -2
    },
    "2018-12-31": {
        "Diluted EPS": -0.24,
        "Total Revenue": 5,
        "Gross Profit": 4,
        "Operating Income": -2,
        "EBIT": -2,
        "Net Income": -2
    },
    "2018-09-30": {
        "Diluted EPS": -0.18,
        "Total Revenue": 4,
        "Gross Profit": 3,
        "Operating Income": -1,
        "EBIT": -1,
        "Net Income": -1
    },
    "2018-06-30": {
        "Diluted EPS": -0.24,
        "Total Revenue": 4,
        "Gross Profit": 3,
        "Operating Income": -1,
        "EBIT": -1,
        "Net Income": -2
    },
    "2018-03-31": {
        "Diluted EPS": -0.12,
        "Total Revenue": 4,
        "Gross Profit": 3,
        "Operating Income": -1,
        "EBIT": -1,
        "Net Income": -1
    },
    "2017-12-31": {
        "Diluted EPS": 0.0,
        "Total Revenue": NaN,
        "Gross Profit": NaN,
        "Operating Income": NaN,
        "EBIT": NaN,
        "Net Income": NaN
    },
    "2017-09-30": {
        "Diluted EPS": -0.24,
        "Total Revenue": 3,
        "Gross Profit": 2,
        "Operating Income": -1,
        "EBIT": -1,
        "Net Income": -2
    },
    "2023-06-30": {
        "Tax Effect Of Unusual Items": NaN,
        "Tax Rate For Calcs": NaN,
        "Normalized EBITDA": NaN,
        "Net Income From Continuing Operation Net Minority Interest": NaN,
        "Reconciled Depreciation": NaN,
        "Reconciled Cost Of Revenue": NaN,
        "EBITDA": NaN,
        "EBIT": NaN,
        "Net Interest Income": NaN,
        "Interest Expense": 578000.0,
        "Interest Income": 443000.0,
        "Normalized Income": NaN,
        "Net Income From Continuing And Discontinued Operation": NaN,
        "Total Expenses": NaN,
        "Total Operating Income As Reported": NaN,
        "Diluted Average Shares": NaN,
        "Basic Average Shares": NaN,
        "Diluted EPS": NaN,
        "Basic EPS": NaN,
        "Diluted NI Availto Com Stockholders": NaN,
        "Net Income Common Stockholders": NaN,
        "Net Income": NaN,
        "Net Income Including Noncontrolling Interests": NaN,
        "Net Income Continuous Operations": NaN,
        "Tax Provision": NaN,
        "Pretax Income": NaN,
        "Net Non Operating Interest Income Expense": NaN,
        "Total Other Finance Cost": 135000.0,
        "Interest Expense Non Operating": 578000.0,
        "Interest Income Non Operating": 443000.0,
        "Operating Income": NaN,
        "Operating Expense": NaN,
        "Research And Development": NaN,
        "Selling General And Administration": NaN,
        "Selling And Marketing Expense": NaN,
        "General And Administrative Expense": NaN,
        "Other Gand A": NaN,
        "Gross Profit": NaN,
        "Cost Of Revenue": NaN,
        "Total Revenue": NaN,
        "Operating Revenue": NaN
    },
    "2023-09-30": {
        "Tax Effect Of Unusual Items": NaN,
        "Tax Rate For Calcs": NaN,
        "Normalized EBITDA": NaN,
        "Net Income From Continuing Operation Net Minority Interest": NaN,
        "Reconciled Depreciation": NaN,
        "Reconciled Cost Of Revenue": NaN,
        "EBITDA": NaN,
        "EBIT": NaN,
        "Net Interest Income": NaN,
        "Interest Expense": NaN,
        "Interest Income": NaN,
        "Normalized Income": NaN,
        "Net Income From Continuing And Discontinued Operation": NaN,
        "Total Expenses": NaN,
        "Total Operating Income As Reported": NaN,
        "Diluted Average Shares": NaN,
        "Basic Average Shares": NaN,
        "Diluted EPS": NaN,
        "Basic EPS": NaN,
        "Diluted NI Availto Com Stockholders": NaN,
        "Net Income Common Stockholders": NaN,
        "Net Income": NaN,
        "Net Income Including Noncontrolling Interests": NaN,
        "Net Income Continuous Operations": NaN,
        "Tax Provision": NaN,
        "Pretax Income": NaN,
        "Net Non Operating Interest Income Expense": NaN,
        "Total Other Finance Cost": 38000.0,
        "Interest Expense Non Operating": NaN,
        "Interest Income Non Operating": NaN,
        "Operating Income": NaN,
        "Operating Expense": NaN,
        "Research And Development": NaN,
        "Selling General And Administration": NaN,
        "Selling And Marketing Expense": NaN,
        "General And Administrative Expense": NaN,
        "Other Gand A": NaN,
        "Gross Profit": NaN,
        "Cost Of Revenue": NaN,
        "Total Revenue": NaN,
        "Operating Revenue": NaN
    },
    "2023-12-31": {
        "Tax Effect Of Unusual Items": NaN,
        "Tax Rate For Calcs": NaN,
        "Normalized EBITDA": NaN,
        "Net Income From Continuing Operation Net Minority Interest": NaN,
        "Reconciled Depreciation": NaN,
        "Reconciled Cost Of Revenue": NaN,
        "EBITDA": NaN,
        "EBIT": NaN,
        "Net Interest Income": NaN,
        "Interest Expense": NaN,
        "Interest Income": NaN,
        "Normalized Income": NaN,
        "Net Income From Continuing And Discontinued Operation": NaN,
        "Total Expenses": NaN,
        "Total Operating Income As Reported": NaN,
        "Diluted Average Shares": NaN,
        "Basic Average Shares": NaN,
        "Diluted EPS": NaN,
        "Basic EPS": NaN,
        "Diluted NI Availto Com Stockholders": NaN,
        "Net Income Common Stockholders": NaN,
        "Net Income": NaN,
        "Net Income Including Noncontrolling Interests": NaN,
        "Net Income Continuous Operations": NaN,
        "Tax Provision": NaN,
        "Pretax Income": NaN,
        "Net Non Operating Interest Income Expense": NaN,
        "Total Other Finance Cost": 2283000.0,
        "Interest Expense Non Operating": NaN,
        "Interest Income Non Operating": NaN,
        "Operating Income": NaN,
        "Operating Expense": NaN,
        "Research And Development": NaN,
        "Selling General And Administration": NaN,
        "Selling And Marketing Expense": NaN,
        "General And Administrative Expense": NaN,
        "Other Gand A": NaN,
        "Gross Profit": NaN,
        "Cost Of Revenue": NaN,
        "Total Revenue": NaN,
        "Operating Revenue": NaN
    },
    "2024-03-31": {
        "Tax Effect Of Unusual Items": 0.0,
        "Tax Rate For Calcs": 0.23,
        "Normalized EBITDA": 1028000.0,
        "Net Income From Continuing Operation Net Minority Interest": 111000.0,
        "Reconciled Depreciation": 317000.0,
        "Reconciled Cost Of Revenue": 2283000.0,
        "EBITDA": 1028000.0,
        "EBIT": 711000.0,
        "Net Interest Income": 190000.0,
        "Interest Expense": 428000.0,
        "Interest Income": 618000.0,
        "Normalized Income": 111000.0,
        "Net Income From Continuing And Discontinued Operation": 111000.0,
        "Total Expenses": 9002000.0,
        "Total Operating Income As Reported": 93000.0,
        "Diluted Average Shares": 16636992.0,
        "Basic Average Shares": 16636992.0,
        "Diluted EPS": 0.0,
        "Basic EPS": 0.0,
        "Diluted NI Availto Com Stockholders": 111000.0,
        "Net Income Common Stockholders": 111000.0,
        "Net Income": 111000.0,
        "Net Income Including Noncontrolling Interests": 111000.0,
        "Net Income Continuous Operations": 111000.0,
        "Tax Provision": 172000.0,
        "Pretax Income": 283000.0,
        "Net Non Operating Interest Income Expense": 190000.0,
        "Total Other Finance Cost": NaN,
        "Interest Expense Non Operating": 428000.0,
        "Interest Income Non Operating": 618000.0,
        "Operating Income": 93000.0,
        "Operating Expense": 6719000.0,
        "Research And Development": 1626000.0,
        "Selling General And Administration": 5093000.0,
        "Selling And Marketing Expense": 3827000.0,
        "General And Administrative Expense": 1266000.0,
        "Other Gand A": 1266000.0,
        "Gross Profit": 6812000.0,
        "Cost Of Revenue": 2283000.0,
        "Total Revenue": 9095000.0,
        "Operating Revenue": 9095000.0
    },
    "2024-06-30": {
        "Tax Effect Of Unusual Items": 0.0,
        "Tax Rate For Calcs": 0.146515,
        "Normalized EBITDA": 1402000.0,
        "Net Income From Continuing Operation Net Minority Interest": 600000.0,
        "Reconciled Depreciation": 298000.0,
        "Reconciled Cost Of Revenue": 2468000.0,
        "EBITDA": 1402000.0,
        "EBIT": 1104000.0,
        "Net Interest Income": 117000.0,
        "Interest Expense": 401000.0,
        "Interest Income": 518000.0,
        "Normalized Income": 600000.0,
        "Net Income From Continuing And Discontinued Operation": 600000.0,
        "Total Expenses": 9419000.0,
        "Total Operating Income As Reported": 586000.0,
        "Diluted Average Shares": 15000000.0,
        "Basic Average Shares": 15000000.0,
        "Diluted EPS": 0.04,
        "Basic EPS": 0.04,
        "Diluted NI Availto Com Stockholders": 600000.0,
        "Net Income Common Stockholders": 600000.0,
        "Net Income": 600000.0,
        "Net Income Including Noncontrolling Interests": 600000.0,
        "Net Income Continuous Operations": 600000.0,
        "Tax Provision": 103000.0,
        "Pretax Income": 703000.0,
        "Net Non Operating Interest Income Expense": 117000.0,
        "Interest Expense Non Operating": 401000.0,
        "Interest Income Non Operating": 518000.0,
        "Operating Income": 586000.0,
        "Operating Expense": 6951000.0,
        "Research And Development": 1711000.0,
        "Selling General And Administration": 5240000.0,
        "Selling And Marketing Expense": 3796000.0,
        "General And Administrative Expense": 1444000.0,
        "Other Gand A": 1444000.0,
        "Gross Profit": 7537000.0,
        "Cost Of Revenue": 2468000.0,
        "Total Revenue": 10005000.0,
        "Operating Revenue": 10005000.0
    },
    "2024-09-30": {
        "Tax Effect Of Unusual Items": 0.0,
        "Tax Rate For Calcs": 0.101764,
        "Normalized EBITDA": 1559000.0,
        "Net Income From Continuing Operation Net Minority Interest": 662000.0,
        "Reconciled Depreciation": 448000.0,
        "Reconciled Cost Of Revenue": 2781000.0,
        "EBITDA": 1559000.0,
        "EBIT": 1111000.0,
        "Net Interest Income": 456000.0,
        "Interest Expense": 374000.0,
        "Interest Income": 830000.0,
        "Normalized Income": 662000.0,
        "Net Income From Continuing And Discontinued Operation": 662000.0,
        "Total Expenses": 10221000.0,
        "Total Operating Income As Reported": 281000.0,
        "Diluted Average Shares": 16550000.0,
        "Basic Average Shares": 16550000.0,
        "Diluted EPS": 0.04,
        "Basic EPS": 0.04,
        "Diluted NI Availto Com Stockholders": 662000.0,
        "Net Income Common Stockholders": 662000.0,
        "Net Income": 662000.0,
        "Net Income Including Noncontrolling Interests": 662000.0,
        "Net Income Continuous Operations": 662000.0,
        "Tax Provision": 75000.0,
        "Pretax Income": 737000.0,
        "Net Non Operating Interest Income Expense": 456000.0,
        "Interest Expense Non Operating": 374000.0,
        "Interest Income Non Operating": 830000.0,
        "Operating Income": 281000.0,
        "Operating Expense": 7440000.0,
        "Research And Development": 1809000.0,
        "Selling General And Administration": 5631000.0,
        "Selling And Marketing Expense": 4108000.0,
        "General And Administrative Expense": 1523000.0,
        "Other Gand A": 1523000.0,
        "Gross Profit": 7721000.0,
        "Cost Of Revenue": 2781000.0,
        "Total Revenue": 10502000.0,
        "Operating Revenue": 10502000.0
    },
    "2024-12-31": {
        "Tax Effect Of Unusual Items": 0.0,
        "Tax Rate For Calcs": 0.108295,
        "Normalized EBITDA": 1389000.0,
        "Net Income From Continuing Operation Net Minority Interest": 1548000.0,
        "Reconciled Depreciation": 708000.0,
        "Reconciled Cost Of Revenue": 2903000.0,
        "EBITDA": 1389000.0,
        "EBIT": 681000.0,
        "Net Interest Income": 358000.0,
        "Interest Expense": -1055000.0,
        "Interest Income": 532000.0,
        "Normalized Income": 1548000.0,
        "Net Income From Continuing And Discontinued Operation": 1548000.0,
        "Total Expenses": 10983000.0,
        "Total Operating Income As Reported": 431000.0,
        "Diluted Average Shares": 19350000.0,
        "Basic Average Shares": 19350000.0,
        "Diluted EPS": 0.08,
        "Basic EPS": 0.08,
        "Diluted NI Availto Com Stockholders": 1548000.0,
        "Net Income Common Stockholders": 1548000.0,
        "Net Income": 1548000.0,
        "Net Income Including Noncontrolling Interests": 1548000.0,
        "Net Income Continuous Operations": 1548000.0,
        "Tax Provision": 188000.0,
        "Pretax Income": 1736000.0,
        "Net Non Operating Interest Income Expense": 358000.0,
        "Interest Expense Non Operating": -1055000.0,
        "Interest Income Non Operating": 532000.0,
        "Operating Income": 431000.0,
        "Operating Expense": 8080000.0,
        "Research And Development": 2044000.0,
        "Selling General And Administration": 5067000.0,
        "Selling And Marketing Expense": -4941000.0,
        "General And Administrative Expense": 10008000.0,
        "Other Gand A": -2183000.0,
        "Gross Profit": 8511000.0,
        "Cost Of Revenue": 2903000.0,
        "Total Revenue": 11414000.0,
        "Operating Revenue": 11414000.0
    },
    "2025-03-31": {
        "Tax Effect Of Unusual Items": 0.0,
        "Tax Rate For Calcs": 0.124209,
        "Normalized EBITDA": 2244000.0,
        "Net Income From Continuing Operation Net Minority Interest": 1107000.0,
        "Reconciled Depreciation": 394000.0,
        "Reconciled Cost Of Revenue": 2926000.0,
        "EBITDA": 2244000.0,
        "EBIT": 1850000.0,
        "Net Interest Income": 688000.0,
        "Interest Expense": 586000.0,
        "Interest Income": 1274000.0,
        "Normalized Income": 1107000.0,
        "Net Income From Continuing And Discontinued Operation": 1107000.0,
        "Total Expenses": 10960000.0,
        "Total Operating Income As Reported": 576000.0,
        "Diluted Average Shares": 18450000.0,
        "Basic Average Shares": 18450000.0,
        "Diluted EPS": 0.04,
        "Basic EPS": 0.06,
        "Diluted NI Availto Com Stockholders": 1107000.0,
        "Net Income Common Stockholders": 1107000.0,
        "Net Income": 1107000.0,
        "Net Income Including Noncontrolling Interests": 1107000.0,
        "Net Income Continuous Operations": 1107000.0,
        "Tax Provision": 157000.0,
        "Pretax Income": 1264000.0,
        "Net Non Operating Interest Income Expense": 688000.0,
        "Interest Expense Non Operating": 586000.0,
        "Interest Income Non Operating": 1274000.0,
        "Operating Income": 576000.0,
        "Operating Expense": 8034000.0,
        "Research And Development": 2332000.0,
        "Selling General And Administration": 5702000.0,
        "Selling And Marketing Expense": 4162000.0,
        "General And Administrative Expense": 1540000.0,
        "Other Gand A": 1540000.0,
        "Gross Profit": 8610000.0,
        "Cost Of Revenue": 2926000.0,
        "Total Revenue": 11536000.0,
        "Operating Revenue": 11536000.0
    },
    "2025-06-30": {
        "Tax Effect Of Unusual Items": 0.0,
        "Tax Rate For Calcs": 0.033381,
        "Normalized EBITDA": 3269000.0,
        "Net Income From Continuing Operation Net Minority Interest": 2027000.0,
        "Reconciled Depreciation": 388000.0,
        "Reconciled Cost Of Revenue": 3133000.0,
        "EBITDA": 3269000.0,
        "EBIT": 2881000.0,
        "Net Interest Income": 1519000.0,
        "Interest Expense": 784000.0,
        "Interest Income": 2303000.0,
        "Normalized Income": 2027000.0,
        "Net Income From Continuing And Discontinued Operation": 2027000.0,
        "Total Expenses": 12054000.0,
        "Total Operating Income As Reported": 578000.0,
        "Diluted Average Shares": 20270000.0,
        "Basic Average Shares": 20270000.0,
        "Diluted EPS": 0.1,
        "Basic EPS": 0.1,
        "Diluted NI Availto Com Stockholders": 2027000.0,
        "Net Income Common Stockholders": 2027000.0,
        "Net Income": 2027000.0,
        "Net Income Including Noncontrolling Interests": 2027000.0,
        "Net Income Continuous Operations": 2027000.0,
        "Tax Provision": 70000.0,
        "Pretax Income": 2097000.0,
        "Net Non Operating Interest Income Expense": 1519000.0,
        "Interest Expense Non Operating": 784000.0,
        "Interest Income Non Operating": 2303000.0,
        "Operating Income": 578000.0,
        "Operating Expense": 8921000.0,
        "Research And Development": 2344000.0,
        "Selling General And Administration": 6577000.0,
        "Selling And Marketing Expense": 4940000.0,
        "General And Administrative Expense": 1637000.0,
        "Other Gand A": 1637000.0,
        "Gross Profit": 9499000.0,
        "Cost Of Revenue": 3133000.0,
        "Total Revenue": 12632000.0,
        "Operating Revenue": 12632000.0
    },
    "2025-09-30": {
        "Tax Effect Of Unusual Items": 0.0,
        "Tax Rate For Calcs": 0.13385,
        "Normalized EBITDA": 2783000.0,
        "Net Income From Continuing Operation Net Minority Interest": 1566000.0,
        "Reconciled Depreciation": 404000.0,
        "Reconciled Cost Of Revenue": 3353000.0,
        "EBITDA": 2783000.0,
        "EBIT": 2379000.0,
        "Net Interest Income": 555000.0,
        "Interest Expense": 571000.0,
        "Interest Income": 1126000.0,
        "Normalized Income": 1566000.0,
        "Net Income From Continuing And Discontinued Operation": 1566000.0,
        "Total Expenses": 12259000.0,
        "Total Operating Income As Reported": 1253000.0,
        "Diluted Average Shares": 19575000.0,
        "Basic Average Shares": 19575000.0,
        "Diluted EPS": 0.08,
        "Basic EPS": 0.08,
        "Diluted NI Availto Com Stockholders": 1566000.0,
        "Net Income Common Stockholders": 1566000.0,
        "Net Income": 1566000.0,
        "Net Income Including Noncontrolling Interests": 1566000.0,
        "Net Income Continuous Operations": 1566000.0,
        "Tax Provision": 242000.0,
        "Pretax Income": 1808000.0,
        "Net Non Operating Interest Income Expense": 555000.0,
        "Interest Expense Non Operating": 571000.0,
        "Interest Income Non Operating": 1126000.0,
        "Operating Income": 1253000.0,
        "Operating Expense": 8906000.0,
        "Research And Development": 2396000.0,
        "Selling General And Administration": 6510000.0,
        "Selling And Marketing Expense": 4729000.0,
        "General And Administrative Expense": 1781000.0,
        "Other Gand A": 1781000.0,
        "Gross Profit": 10159000.0,
        "Cost Of Revenue": 3353000.0,
        "Total Revenue": 13512000.0,
        "Operating Revenue": 13512000.0
    }
}