{
    "2024-03-31": {
        "Tax Effect Of Unusual Items": NaN,
        "Tax Rate For Calcs": NaN,
        "Normalized EBITDA": NaN,
        "Total Unusual Items": NaN,
        "Total Unusual Items Excluding Goodwill": NaN,
        "Net Income From Continuing Operation Net Minority Interest": NaN,
        "Reconciled Depreciation": NaN,
        "Reconciled Cost Of Revenue": NaN,
        "EBITDA": NaN,
        "EBIT": NaN,
        "Net Interest Income": NaN,
        "Interest Expense": 31545000.0,
        "Normalized Income": NaN,
        "Net Income From Continuing And Discontinued Operation": NaN,
        "Total Expenses": NaN,
        "Total Operating Income As Reported": NaN,
        "Diluted Average Shares": NaN,
        "Basic Average Shares": NaN,
        "Diluted EPS": NaN,
        "Basic EPS": NaN,
        "Diluted NI Availto Com Stockholders": NaN,
        "Net Income Common Stockholders": NaN,
        "Net Income": NaN,
        "Minority Interests": NaN,
        "Net Income Including Noncontrolling Interests": NaN,
        "Net Income Continuous Operations": NaN,
        "Tax Provision": NaN,
        "Pretax Income": NaN,
        "Other Income Expense": NaN,
        "Other Non Operating Income Expenses": NaN,
        "Special Income Charges": NaN,
        "Gain On Sale Of Business": NaN,
        "Other Special Charges": NaN,
        "Restructuring And Mergern Acquisition": NaN,
        "Net Non Operating Interest Income Expense": NaN,
        "Total Other Finance Cost": NaN,
        "Interest Expense Non Operating": 31545000.0,
        "Operating Income": NaN,
        "Operating Expense": NaN,
        "Other Operating Expenses": NaN,
        "Depreciation Amortization Depletion Income Statement": NaN,
        "Depreciation And Amortization In Income Statement": NaN,
        "Amortization": NaN,
        "Amortization Of Intangibles Income Statement": NaN,
        "Depreciation Income Statement": NaN,
        "Gross Profit": NaN,
        "Cost Of Revenue": NaN,
        "Total Revenue": NaN,
        "Operating Revenue": NaN
    },
    "2023-12-31": {
        "Tax Effect Of Unusual Items": NaN,
        "Tax Rate For Calcs": NaN,
        "Normalized EBITDA": NaN,
        "Total Unusual Items": NaN,
        "Total Unusual Items Excluding Goodwill": NaN,
        "Net Income From Continuing Operation Net Minority Interest": NaN,
        "Reconciled Depreciation": NaN,
        "Reconciled Cost Of Revenue": NaN,
        "EBITDA": NaN,
        "EBIT": NaN,
        "Net Interest Income": NaN,
        "Interest Expense": 31865000.0,
        "Normalized Income": NaN,
        "Net Income From Continuing And Discontinued Operation": NaN,
        "Total Expenses": NaN,
        "Total Operating Income As Reported": NaN,
        "Diluted Average Shares": NaN,
        "Basic Average Shares": NaN,
        "Diluted EPS": NaN,
        "Basic EPS": NaN,
        "Diluted NI Availto Com Stockholders": NaN,
        "Net Income Common Stockholders": NaN,
        "Net Income": NaN,
        "Minority Interests": NaN,
        "Net Income Including Noncontrolling Interests": NaN,
        "Net Income Continuous Operations": NaN,
        "Tax Provision": NaN,
        "Pretax Income": NaN,
        "Other Income Expense": NaN,
        "Other Non Operating Income Expenses": NaN,
        "Special Income Charges": NaN,
        "Gain On Sale Of Business": NaN,
        "Other Special Charges": NaN,
        "Restructuring And Mergern Acquisition": NaN,
        "Net Non Operating Interest Income Expense": NaN,
        "Total Other Finance Cost": NaN,
        "Interest Expense Non Operating": 31865000.0,
        "Operating Income": NaN,
        "Operating Expense": NaN,
        "Other Operating Expenses": NaN,
        "Depreciation Amortization Depletion Income Statement": NaN,
        "Depreciation And Amortization In Income Statement": NaN,
        "Amortization": NaN,
        "Amortization Of Intangibles Income Statement": NaN,
        "Depreciation Income Statement": NaN,
        "Gross Profit": NaN,
        "Cost Of Revenue": NaN,
        "Total Revenue": NaN,
        "Operating Revenue": NaN
    },
    "2023-09-30": {
        "Tax Effect Of Unusual Items": NaN,
        "Tax Rate For Calcs": NaN,
        "Normalized EBITDA": NaN,
        "Total Unusual Items": NaN,
        "Total Unusual Items Excluding Goodwill": NaN,
        "Net Income From Continuing Operation Net Minority Interest": NaN,
        "Reconciled Depreciation": NaN,
        "Reconciled Cost Of Revenue": NaN,
        "EBITDA": NaN,
        "EBIT": NaN,
        "Net Interest Income": NaN,
        "Interest Expense": 30580000.0,
        "Normalized Income": NaN,
        "Net Income From Continuing And Discontinued Operation": NaN,
        "Total Expenses": NaN,
        "Total Operating Income As Reported": NaN,
        "Diluted Average Shares": NaN,
        "Basic Average Shares": NaN,
        "Diluted EPS": NaN,
        "Basic EPS": NaN,
        "Diluted NI Availto Com Stockholders": NaN,
        "Net Income Common Stockholders": NaN,
        "Net Income": NaN,
        "Minority Interests": NaN,
        "Net Income Including Noncontrolling Interests": NaN,
        "Net Income Continuous Operations": NaN,
        "Tax Provision": NaN,
        "Pretax Income": NaN,
        "Other Income Expense": NaN,
        "Other Non Operating Income Expenses": NaN,
        "Special Income Charges": NaN,
        "Gain On Sale Of Business": NaN,
        "Other Special Charges": NaN,
        "Restructuring And Mergern Acquisition": NaN,
        "Net Non Operating Interest Income Expense": NaN,
        "Total Other Finance Cost": NaN,
        "Interest Expense Non Operating": 30580000.0,
        "Operating Income": NaN,
        "Operating Expense": NaN,
        "Other Operating Expenses": NaN,
        "Depreciation Amortization Depletion Income Statement": NaN,
        "Depreciation And Amortization In Income Statement": NaN,
        "Amortization": NaN,
        "Amortization Of Intangibles Income Statement": NaN,
        "Depreciation Income Statement": NaN,
        "Gross Profit": NaN,
        "Cost Of Revenue": NaN,
        "Total Revenue": NaN,
        "Operating Revenue": NaN
    },
    "2023-06-30": {
        "Tax Effect Of Unusual Items": NaN,
        "Tax Rate For Calcs": NaN,
        "Normalized EBITDA": NaN,
        "Total Unusual Items": NaN,
        "Total Unusual Items Excluding Goodwill": NaN,
        "Net Income From Continuing Operation Net Minority Interest": NaN,
        "Reconciled Depreciation": NaN,
        "Reconciled Cost Of Revenue": NaN,
        "EBITDA": NaN,
        "EBIT": NaN,
        "Net Interest Income": NaN,
        "Interest Expense": 29136000.0,
        "Normalized Income": NaN,
        "Net Income From Continuing And Discontinued Operation": NaN,
        "Total Expenses": NaN,
        "Total Operating Income As Reported": NaN,
        "Diluted Average Shares": NaN,
        "Basic Average Shares": NaN,
        "Diluted EPS": NaN,
        "Basic EPS": NaN,
        "Diluted NI Availto Com Stockholders": NaN,
        "Net Income Common Stockholders": NaN,
        "Net Income": NaN,
        "Minority Interests": NaN,
        "Net Income Including Noncontrolling Interests": NaN,
        "Net Income Continuous Operations": NaN,
        "Tax Provision": NaN,
        "Pretax Income": NaN,
        "Other Income Expense": NaN,
        "Other Non Operating Income Expenses": NaN,
        "Special Income Charges": NaN,
        "Gain On Sale Of Business": NaN,
        "Other Special Charges": NaN,
        "Restructuring And Mergern Acquisition": NaN,
        "Net Non Operating Interest Income Expense": NaN,
        "Total Other Finance Cost": NaN,
        "Interest Expense Non Operating": 29136000.0,
        "Operating Income": NaN,
        "Operating Expense": NaN,
        "Other Operating Expenses": NaN,
        "Depreciation Amortization Depletion Income Statement": NaN,
        "Depreciation And Amortization In Income Statement": NaN,
        "Amortization": NaN,
        "Amortization Of Intangibles Income Statement": NaN,
        "Depreciation Income Statement": NaN,
        "Gross Profit": NaN,
        "Cost Of Revenue": NaN,
        "Total Revenue": NaN,
        "Operating Revenue": NaN
    },
    "2023-03-31": {
        "Tax Effect Of Unusual Items": NaN,
        "Tax Rate For Calcs": NaN,
        "Normalized EBITDA": NaN,
        "Total Unusual Items": NaN,
        "Total Unusual Items Excluding Goodwill": NaN,
        "Net Income From Continuing Operation Net Minority Interest": NaN,
        "Reconciled Depreciation": NaN,
        "Reconciled Cost Of Revenue": NaN,
        "EBITDA": NaN,
        "EBIT": NaN,
        "Net Interest Income": NaN,
        "Interest Expense": 27884000.0,
        "Normalized Income": NaN,
        "Net Income From Continuing And Discontinued Operation": NaN,
        "Total Expenses": NaN,
        "Total Operating Income As Reported": NaN,
        "Diluted Average Shares": NaN,
        "Basic Average Shares": NaN,
        "Diluted EPS": NaN,
        "Basic EPS": NaN,
        "Diluted NI Availto Com Stockholders": NaN,
        "Net Income Common Stockholders": NaN,
        "Net Income": NaN,
        "Minority Interests": NaN,
        "Net Income Including Noncontrolling Interests": NaN,
        "Net Income Continuous Operations": NaN,
        "Tax Provision": NaN,
        "Pretax Income": NaN,
        "Other Income Expense": NaN,
        "Other Non Operating Income Expenses": NaN,
        "Special Income Charges": NaN,
        "Gain On Sale Of Business": NaN,
        "Other Special Charges": NaN,
        "Restructuring And Mergern Acquisition": NaN,
        "Net Non Operating Interest Income Expense": NaN,
        "Total Other Finance Cost": NaN,
        "Interest Expense Non Operating": 27884000.0,
        "Operating Income": NaN,
        "Operating Expense": NaN,
        "Other Operating Expenses": NaN,
        "Depreciation Amortization Depletion Income Statement": NaN,
        "Depreciation And Amortization In Income Statement": NaN,
        "Amortization": NaN,
        "Amortization Of Intangibles Income Statement": NaN,
        "Depreciation Income Statement": NaN,
        "Gross Profit": NaN,
        "Cost Of Revenue": NaN,
        "Total Revenue": NaN,
        "Operating Revenue": NaN
    },
    "2022-12-31": {
        "Tax Effect Of Unusual Items": NaN,
        "Tax Rate For Calcs": NaN,
        "Normalized EBITDA": NaN,
        "Total Unusual Items": NaN,
        "Total Unusual Items Excluding Goodwill": NaN,
        "Net Income From Continuing Operation Net Minority Interest": NaN,
        "Reconciled Depreciation": NaN,
        "Reconciled Cost Of Revenue": NaN,
        "EBITDA": NaN,
        "EBIT": NaN,
        "Net Interest Income": NaN,
        "Interest Expense": NaN,
        "Normalized Income": NaN,
        "Net Income From Continuing And Discontinued Operation": NaN,
        "Total Expenses": NaN,
        "Total Operating Income As Reported": NaN,
        "Diluted Average Shares": 57997896.0,
        "Basic Average Shares": 57997896.0,
        "Diluted EPS": -0.84,
        "Basic EPS": -0.84,
        "Diluted NI Availto Com Stockholders": NaN,
        "Net Income Common Stockholders": NaN,
        "Net Income": NaN,
        "Minority Interests": NaN,
        "Net Income Including Noncontrolling Interests": NaN,
        "Net Income Continuous Operations": NaN,
        "Tax Provision": NaN,
        "Pretax Income": NaN,
        "Other Income Expense": NaN,
        "Other Non Operating Income Expenses": NaN,
        "Special Income Charges": NaN,
        "Gain On Sale Of Business": NaN,
        "Restructuring And Mergern Acquisition": NaN,
        "Net Non Operating Interest Income Expense": NaN,
        "Interest Expense Non Operating": NaN,
        "Operating Income": NaN,
        "Operating Expense": NaN,
        "Other Operating Expenses": NaN,
        "Depreciation Amortization Depletion Income Statement": NaN,
        "Depreciation And Amortization In Income Statement": NaN,
        "Amortization": NaN,
        "Amortization Of Intangibles Income Statement": NaN,
        "Depreciation Income Statement": NaN,
        "Gross Profit": NaN,
        "Cost Of Revenue": NaN,
        "Total Revenue": NaN,
        "Operating Revenue": NaN
    },
    "2024-06-30": {
        "Tax Effect Of Unusual Items": -4116630.0,
        "Tax Rate For Calcs": 0.21,
        "Normalized EBITDA": 68564000.0,
        "Total Unusual Items": -19603000.0,
        "Total Unusual Items Excluding Goodwill": -19603000.0,
        "Net Income From Continuing Operation Net Minority Interest": -17557000.0,
        "Reconciled Depreciation": 26951000.0,
        "Reconciled Cost Of Revenue": 244315000.0,
        "EBITDA": 48961000.0,
        "EBIT": 22010000.0,
        "Net Interest Income": -31329000.0,
        "Interest Expense": NaN,
        "Normalized Income": -2070630.0,
        "Net Income From Continuing And Discontinued Operation": -17557000.0,
        "Total Expenses": 316680000.0,
        "Total Operating Income As Reported": 16458000.0,
        "Diluted Average Shares": 63124601.0,
        "Basic Average Shares": 63124601.0,
        "Diluted EPS": -0.28,
        "Basic EPS": -0.28,
        "Diluted NI Availto Com Stockholders": -17557000.0,
        "Net Income Common Stockholders": -17557000.0,
        "Net Income": -17557000.0,
        "Minority Interests": 13310000.0,
        "Net Income Including Noncontrolling Interests": -30867000.0,
        "Net Income Continuous Operations": -30867000.0,
        "Tax Provision": 1484000.0,
        "Pretax Income": -29383000.0,
        "Other Income Expense": -20064000.0,
        "Other Non Operating Income Expenses": -461000.0,
        "Special Income Charges": -19603000.0,
        "Gain On Sale Of Business": 628000.0,
        "Other Special Charges": 14679000.0,
        "Restructuring And Mergern Acquisition": 5552000.0,
        "Net Non Operating Interest Income Expense": -31329000.0,
        "Total Other Finance Cost": 31329000.0,
        "Interest Expense Non Operating": NaN,
        "Operating Income": 22010000.0,
        "Operating Expense": 72365000.0,
        "Other Operating Expenses": 45414000.0,
        "Depreciation Amortization Depletion Income Statement": 26951000.0,
        "Depreciation And Amortization In Income Statement": 26951000.0,
        "Amortization": 25394000.0,
        "Amortization Of Intangibles Income Statement": 25394000.0,
        "Depreciation Income Statement": 1557000.0,
        "Gross Profit": 94375000.0,
        "Cost Of Revenue": 244315000.0,
        "Total Revenue": 338690000.0,
        "Operating Revenue": 338690000.0
    },
    "2024-09-30": {
        "Tax Effect Of Unusual Items": 0.0,
        "Tax Rate For Calcs": 0.0,
        "Normalized EBITDA": 40538000.0,
        "Total Unusual Items": 2372000.0,
        "Total Unusual Items Excluding Goodwill": 2372000.0,
        "Net Income From Continuing Operation Net Minority Interest": -8377000.0,
        "Reconciled Depreciation": 28456000.0,
        "Reconciled Cost Of Revenue": 247189000.0,
        "EBITDA": 42910000.0,
        "EBIT": 14454000.0,
        "Net Interest Income": -31329000.0,
        "Interest Expense": NaN,
        "Normalized Income": -10749000.0,
        "Net Income From Continuing And Discontinued Operation": -8377000.0,
        "Total Expenses": 321589000.0,
        "Total Operating Income As Reported": 15406000.0,
        "Diluted Average Shares": 64011515.0,
        "Basic Average Shares": 64011515.0,
        "Diluted EPS": -0.13,
        "Basic EPS": -0.13,
        "Diluted NI Availto Com Stockholders": -8377000.0,
        "Net Income Common Stockholders": -8377000.0,
        "Net Income": -8377000.0,
        "Minority Interests": 6098000.0,
        "Net Income Including Noncontrolling Interests": -14475000.0,
        "Net Income Continuous Operations": -14475000.0,
        "Tax Provision": 0.0,
        "Pretax Income": -14475000.0,
        "Other Income Expense": 2400000.0,
        "Other Non Operating Income Expenses": 28000.0,
        "Special Income Charges": 2372000.0,
        "Gain On Sale Of Business": 1809000.0,
        "Other Special Charges": 389000.0,
        "Restructuring And Mergern Acquisition": -952000.0,
        "Net Non Operating Interest Income Expense": -31329000.0,
        "Total Other Finance Cost": 31329000.0,
        "Interest Expense Non Operating": NaN,
        "Operating Income": 14454000.0,
        "Operating Expense": 74400000.0,
        "Other Operating Expenses": 45944000.0,
        "Depreciation Amortization Depletion Income Statement": 28456000.0,
        "Depreciation And Amortization In Income Statement": 28456000.0,
        "Amortization": 26899000.0,
        "Amortization Of Intangibles Income Statement": 26899000.0,
        "Depreciation Income Statement": 1557000.0,
        "Gross Profit": 88854000.0,
        "Cost Of Revenue": 247189000.0,
        "Total Revenue": 336043000.0,
        "Operating Revenue": 336043000.0
    },
    "2024-12-31": {
        "Tax Effect Of Unusual Items": 264204.883859,
        "Tax Rate For Calcs": 0.011912,
        "Normalized EBITDA": -21908000.0,
        "Total Unusual Items": 22180000.0,
        "Total Unusual Items Excluding Goodwill": 22180000.0,
        "Net Income From Continuing Operation Net Minority Interest": -20162000.0,
        "Reconciled Depreciation": 27971000.0,
        "Reconciled Cost Of Revenue": 278452000.0,
        "EBITDA": 272000.0,
        "EBIT": -27699000.0,
        "Net Interest Income": -29441000.0,
        "Interest Expense": NaN,
        "Normalized Income": -42077795.116141,
        "Net Income From Continuing And Discontinued Operation": -20162000.0,
        "Total Expenses": 351135000.0,
        "Total Operating Income As Reported": -5474000.0,
        "Diluted Average Shares": 64797246.0,
        "Basic Average Shares": 64797246.0,
        "Diluted EPS": -0.311155,
        "Basic EPS": -0.31,
        "Diluted NI Availto Com Stockholders": -20162000.0,
        "Net Income Common Stockholders": -20162000.0,
        "Net Income": -20162000.0,
        "Minority Interests": 14677000.0,
        "Net Income Including Noncontrolling Interests": -34839000.0,
        "Net Income Continuous Operations": -34839000.0,
        "Tax Provision": -420000.0,
        "Pretax Income": -35259000.0,
        "Other Income Expense": 21881000.0,
        "Other Non Operating Income Expenses": -299000.0,
        "Special Income Charges": 22180000.0,
        "Gain On Sale Of Business": 0.0,
        "Other Special Charges": 45000.0,
        "Restructuring And Mergern Acquisition": -22225000.0,
        "Net Non Operating Interest Income Expense": -29441000.0,
        "Total Other Finance Cost": 29441000.0,
        "Interest Expense Non Operating": NaN,
        "Operating Income": -27699000.0,
        "Operating Expense": 72683000.0,
        "Other Operating Expenses": 44712000.0,
        "Depreciation Amortization Depletion Income Statement": 27971000.0,
        "Depreciation And Amortization In Income Statement": 27971000.0,
        "Amortization": 26396000.0,
        "Amortization Of Intangibles Income Statement": 26396000.0,
        "Depreciation Income Statement": 1575000.0,
        "Gross Profit": 44984000.0,
        "Cost Of Revenue": 278452000.0,
        "Total Revenue": 323436000.0,
        "Operating Revenue": 323436000.0
    },
    "2025-03-31": {
        "Tax Effect Of Unusual Items": 0.0,
        "Tax Rate For Calcs": 0.0,
        "Normalized EBITDA": 100597000.0,
        "Total Unusual Items": -9054000.0,
        "Total Unusual Items Excluding Goodwill": -9054000.0,
        "Net Income From Continuing Operation Net Minority Interest": 13939000.0,
        "Reconciled Depreciation": 27465000.0,
        "Reconciled Cost Of Revenue": 263843000.0,
        "EBITDA": 91543000.0,
        "EBIT": 64078000.0,
        "Net Interest Income": -29976000.0,
        "Interest Expense": NaN,
        "Normalized Income": 22993000.0,
        "Net Income From Continuing And Discontinued Operation": 13939000.0,
        "Total Expenses": 344451000.0,
        "Total Operating Income As Reported": 56017000.0,
        "Diluted Average Shares": 69327694.0,
        "Basic Average Shares": 66067143.0,
        "Diluted EPS": 0.2,
        "Basic EPS": 0.21,
        "Diluted NI Availto Com Stockholders": 13939000.0,
        "Net Income Common Stockholders": 13939000.0,
        "Net Income": 13939000.0,
        "Minority Interests": -10959000.0,
        "Net Income Including Noncontrolling Interests": 24898000.0,
        "Net Income Continuous Operations": 24898000.0,
        "Tax Provision": 0.0,
        "Pretax Income": 24898000.0,
        "Other Income Expense": -9204000.0,
        "Other Non Operating Income Expenses": -150000.0,
        "Special Income Charges": -9054000.0,
        "Gain On Sale Of Business": 1401000.0,
        "Other Special Charges": 2394000.0,
        "Restructuring And Mergern Acquisition": 8061000.0,
        "Net Non Operating Interest Income Expense": -29976000.0,
        "Total Other Finance Cost": 29976000.0,
        "Interest Expense Non Operating": NaN,
        "Operating Income": 64078000.0,
        "Operating Expense": 80608000.0,
        "Other Operating Expenses": 53143000.0,
        "Depreciation Amortization Depletion Income Statement": 27465000.0,
        "Depreciation And Amortization In Income Statement": 27465000.0,
        "Amortization": 25882000.0,
        "Amortization Of Intangibles Income Statement": 25882000.0,
        "Depreciation Income Statement": 1583000.0,
        "Gross Profit": 144686000.0,
        "Cost Of Revenue": 263843000.0,
        "Total Revenue": 408529000.0,
        "Operating Revenue": 408529000.0
    },
    "2025-06-30": {
        "Tax Effect Of Unusual Items": 177660.0,
        "Tax Rate For Calcs": 0.21,
        "Normalized EBITDA": 52789000.0,
        "Total Unusual Items": 846000.0,
        "Total Unusual Items Excluding Goodwill": 846000.0,
        "Net Income From Continuing Operation Net Minority Interest": -3164000.0,
        "Reconciled Depreciation": 27652000.0,
        "Reconciled Cost Of Revenue": 269057000.0,
        "EBITDA": 53635000.0,
        "EBIT": 25983000.0,
        "Net Interest Income": -31320000.0,
        "Interest Expense": NaN,
        "Normalized Income": -3832340.0,
        "Net Income From Continuing And Discontinued Operation": -3164000.0,
        "Total Expenses": 348329000.0,
        "Total Operating Income As Reported": 27940000.0,
        "Diluted Average Shares": 68009996.0,
        "Basic Average Shares": 68009996.0,
        "Diluted EPS": -0.05,
        "Basic EPS": -0.05,
        "Diluted NI Availto Com Stockholders": -3164000.0,
        "Net Income Common Stockholders": -3164000.0,
        "Net Income": -3164000.0,
        "Minority Interests": 1977000.0,
        "Net Income Including Noncontrolling Interests": -5141000.0,
        "Net Income Continuous Operations": -5141000.0,
        "Tax Provision": 685000.0,
        "Pretax Income": -4456000.0,
        "Other Income Expense": 881000.0,
        "Other Non Operating Income Expenses": 35000.0,
        "Special Income Charges": 846000.0,
        "Gain On Sale Of Business": -1111000.0,
        "Other Special Charges": NaN,
        "Restructuring And Mergern Acquisition": -1957000.0,
        "Net Non Operating Interest Income Expense": -31320000.0,
        "Total Other Finance Cost": 31320000.0,
        "Interest Expense Non Operating": NaN,
        "Operating Income": 25983000.0,
        "Operating Expense": 79272000.0,
        "Other Operating Expenses": 51620000.0,
        "Depreciation Amortization Depletion Income Statement": 27652000.0,
        "Depreciation And Amortization In Income Statement": 27652000.0,
        "Amortization": 26010000.0,
        "Amortization Of Intangibles Income Statement": 26010000.0,
        "Depreciation Income Statement": 1642000.0,
        "Gross Profit": 105255000.0,
        "Cost Of Revenue": 269057000.0,
        "Total Revenue": 374312000.0,
        "Operating Revenue": 374312000.0
    }
}