{
    "2023-03-31": {
        "Tax Effect Of Unusual Items": NaN,
        "Tax Rate For Calcs": NaN,
        "Net Income From Continuing Operation Net Minority Interest": NaN,
        "Reconciled Depreciation": NaN,
        "Net Interest Income": NaN,
        "Interest Expense": NaN,
        "Interest Income": NaN,
        "Normalized Income": NaN,
        "Net Income From Continuing And Discontinued Operation": NaN,
        "Diluted Average Shares": 8970648.0,
        "Basic Average Shares": 8930270.0,
        "Diluted EPS": 0.17,
        "Basic EPS": 0.18,
        "Diluted NI Availto Com Stockholders": NaN,
        "Net Income Common Stockholders": NaN,
        "Otherunder Preferred Stock Dividend": NaN,
        "Net Income": NaN,
        "Minority Interests": NaN,
        "Net Income Including Noncontrolling Interests": NaN,
        "Net Income Continuous Operations": NaN,
        "Tax Provision": NaN,
        "Pretax Income": NaN,
        "Depreciation Amortization Depletion Income Statement": NaN,
        "Depreciation And Amortization In Income Statement": NaN,
        "Amortization": NaN,
        "Amortization Of Intangibles Income Statement": NaN,
        "Selling General And Administration": NaN,
        "Selling And Marketing Expense": NaN,
        "General And Administrative Expense": NaN,
        "Insurance And Claims": NaN,
        "Salaries And Wages": NaN,
        "Total Revenue": NaN,
        "Operating Revenue": NaN,
        "Occupancy And Equipment": NaN,
        "Professional Expense And Contract Services Expense": NaN,
        "Other Non Interest Expense": NaN
    },
    "2022-12-31": {
        "Tax Effect Of Unusual Items": NaN,
        "Tax Rate For Calcs": NaN,
        "Net Income From Continuing Operation Net Minority Interest": NaN,
        "Reconciled Depreciation": NaN,
        "Net Interest Income": NaN,
        "Interest Expense": NaN,
        "Interest Income": NaN,
        "Normalized Income": NaN,
        "Net Income From Continuing And Discontinued Operation": NaN,
        "Diluted Average Shares": 9406250.0,
        "Basic Average Shares": 9406250.0,
        "Diluted EPS": 0.16,
        "Basic EPS": 0.16,
        "Diluted NI Availto Com Stockholders": NaN,
        "Net Income Common Stockholders": NaN,
        "Otherunder Preferred Stock Dividend": NaN,
        "Net Income": NaN,
        "Minority Interests": NaN,
        "Net Income Including Noncontrolling Interests": NaN,
        "Net Income Continuous Operations": NaN,
        "Tax Provision": NaN,
        "Pretax Income": NaN,
        "Depreciation Amortization Depletion Income Statement": NaN,
        "Depreciation And Amortization In Income Statement": NaN,
        "Amortization": NaN,
        "Amortization Of Intangibles Income Statement": NaN,
        "Selling General And Administration": NaN,
        "Selling And Marketing Expense": NaN,
        "General And Administrative Expense": NaN,
        "Insurance And Claims": NaN,
        "Salaries And Wages": NaN,
        "Total Revenue": NaN,
        "Operating Revenue": NaN,
        "Occupancy And Equipment": NaN,
        "Professional Expense And Contract Services Expense": NaN,
        "Other Non Interest Expense": NaN
    },
    "2022-09-30": {
        "Tax Effect Of Unusual Items": NaN,
        "Tax Rate For Calcs": NaN,
        "Net Income From Continuing Operation Net Minority Interest": NaN,
        "Reconciled Depreciation": NaN,
        "Net Interest Income": NaN,
        "Interest Expense": NaN,
        "Interest Income": NaN,
        "Normalized Income": NaN,
        "Net Income From Continuing And Discontinued Operation": NaN,
        "Diluted Average Shares": NaN,
        "Basic Average Shares": NaN,
        "Diluted EPS": NaN,
        "Basic EPS": NaN,
        "Diluted NI Availto Com Stockholders": NaN,
        "Net Income Common Stockholders": NaN,
        "Otherunder Preferred Stock Dividend": NaN,
        "Net Income": NaN,
        "Minority Interests": NaN,
        "Net Income Including Noncontrolling Interests": NaN,
        "Net Income Continuous Operations": NaN,
        "Tax Provision": NaN,
        "Pretax Income": NaN,
        "Depreciation Amortization Depletion Income Statement": NaN,
        "Depreciation And Amortization In Income Statement": NaN,
        "Amortization": NaN,
        "Amortization Of Intangibles Income Statement": NaN,
        "Selling General And Administration": NaN,
        "Selling And Marketing Expense": NaN,
        "General And Administrative Expense": NaN,
        "Other Gand A": 774000.0,
        "Insurance And Claims": NaN,
        "Salaries And Wages": NaN,
        "Total Revenue": NaN,
        "Operating Revenue": NaN
    },
    "2022-06-30": {
        "Tax Effect Of Unusual Items": 0.0,
        "Tax Rate For Calcs": 0.2938,
        "Net Income From Continuing Operation Net Minority Interest": 1854000.0,
        "Reconciled Depreciation": 651000.0,
        "Net Interest Income": 8038000.0,
        "Interest Expense": 463000.0,
        "Interest Income": 8501000.0,
        "Normalized Income": 1854000.0,
        "Net Income From Continuing And Discontinued Operation": 1854000.0,
        "Diluted Average Shares": 72989021.0,
        "Basic Average Shares": 72527974.0,
        "Diluted EPS": 0.03,
        "Basic EPS": 0.03,
        "Diluted NI Availto Com Stockholders": 1842000.0,
        "Net Income Common Stockholders": 1842000.0,
        "Otherunder Preferred Stock Dividend": 12000.0,
        "Net Income": 1854000.0,
        "Minority Interests": 1000.0,
        "Net Income Including Noncontrolling Interests": 1853000.0,
        "Net Income Continuous Operations": 1853000.0,
        "Tax Provision": 757000.0,
        "Pretax Income": 2610000.0,
        "Depreciation Amortization Depletion Income Statement": 108000.0,
        "Depreciation And Amortization In Income Statement": 108000.0,
        "Amortization": 108000.0,
        "Amortization Of Intangibles Income Statement": 108000.0,
        "Selling General And Administration": 4290000.0,
        "Selling And Marketing Expense": NaN,
        "General And Administrative Expense": 4290000.0,
        "Other Gand A": 929000.0,
        "Insurance And Claims": 54000.0,
        "Salaries And Wages": 3307000.0,
        "Total Revenue": 8299000.0,
        "Operating Revenue": 8299000.0
    },
    "2022-03-31": {
        "Diluted EPS": 0.01,
        "Total Revenue": 8,
        "Gross Profit": 7,
        "Operating Income": 1,
        "EBIT": NaN,
        "Net Income": 1
    },
    "2021-12-31": {
        "Diluted EPS": 0.05,
        "Total Revenue": 7,
        "Gross Profit": 7,
        "Operating Income": -2,
        "EBIT": NaN,
        "Net Income": -1
    },
    "2021-09-30": {
        "Diluted EPS": 0.0,
        "Total Revenue": 8,
        "Gross Profit": 7,
        "Operating Income": 0,
        "EBIT": NaN,
        "Net Income": 0
    },
    "2021-06-30": {
        "Diluted EPS": 0.01,
        "Total Revenue": 9,
        "Gross Profit": 8,
        "Operating Income": 3,
        "EBIT": NaN,
        "Net Income": 1
    },
    "2021-03-31": {
        "Diluted EPS": -0.13,
        "Total Revenue": 4,
        "Gross Profit": 3,
        "Operating Income": -6,
        "EBIT": NaN,
        "Net Income": -3
    },
    "2020-12-31": {
        "Diluted EPS": -0.02,
        "Total Revenue": 4,
        "Gross Profit": 3,
        "Operating Income": -1,
        "EBIT": NaN,
        "Net Income": -1
    },
    "2020-09-30": {
        "Diluted EPS": -0.01,
        "Total Revenue": 5,
        "Gross Profit": 4,
        "Operating Income": 0,
        "EBIT": NaN,
        "Net Income": 0
    },
    "2020-06-30": {
        "Diluted EPS": 0.01,
        "Total Revenue": 5,
        "Gross Profit": 3,
        "Operating Income": 0,
        "EBIT": NaN,
        "Net Income": 0
    },
    "2020-03-31": {
        "Diluted EPS": -0.0,
        "Total Revenue": 5,
        "Gross Profit": 3,
        "Operating Income": 0,
        "EBIT": NaN,
        "Net Income": 0
    },
    "2019-12-31": {
        "Diluted EPS": 0.0,
        "Total Revenue": 5,
        "Gross Profit": 3,
        "Operating Income": 0,
        "EBIT": NaN,
        "Net Income": 0
    },
    "2019-09-30": {
        "Diluted EPS": -0.01,
        "Total Revenue": 4,
        "Gross Profit": 3,
        "Operating Income": 0,
        "EBIT": NaN,
        "Net Income": 0
    },
    "2019-06-30": {
        "Diluted EPS": -0.01,
        "Total Revenue": 4,
        "Gross Profit": 3,
        "Operating Income": 0,
        "EBIT": NaN,
        "Net Income": 0
    },
    "2019-03-31": {
        "Diluted EPS": 0.01,
        "Total Revenue": 5,
        "Gross Profit": 3,
        "Operating Income": 0,
        "EBIT": NaN,
        "Net Income": 0
    },
    "2018-12-31": {
        "Diluted EPS": 0.0,
        "Total Revenue": 4,
        "Gross Profit": 3,
        "Operating Income": 0,
        "EBIT": NaN,
        "Net Income": 0
    },
    "2018-09-30": {
        "Diluted EPS": 0.03,
        "Total Revenue": 4,
        "Gross Profit": 3,
        "Operating Income": 1,
        "EBIT": NaN,
        "Net Income": 1
    },
    "2018-06-30": {
        "Diluted EPS": 0.0,
        "Total Revenue": 4,
        "Gross Profit": 3,
        "Operating Income": 0,
        "EBIT": NaN,
        "Net Income": 0
    },
    "2018-03-31": {
        "Diluted EPS": 0.0,
        "Total Revenue": 4,
        "Gross Profit": 3,
        "Operating Income": 0,
        "EBIT": NaN,
        "Net Income": 0
    },
    "2017-12-31": {
        "Diluted EPS": -0.02,
        "Total Revenue": 4,
        "Gross Profit": 3,
        "Operating Income": 0,
        "EBIT": NaN,
        "Net Income": 0
    },
    "2017-09-30": {
        "Diluted EPS": 0.02,
        "Total Revenue": 5,
        "Gross Profit": 4,
        "Operating Income": 1,
        "EBIT": NaN,
        "Net Income": 1
    },
    "2017-06-30": {
        "Diluted EPS": 0.02,
        "Total Revenue": 4,
        "Gross Profit": 3,
        "Operating Income": 1,
        "EBIT": NaN,
        "Net Income": 1
    },
    "2017-03-31": {
        "Diluted EPS": 0.05,
        "Total Revenue": 5,
        "Gross Profit": 4,
        "Operating Income": 2,
        "EBIT": NaN,
        "Net Income": 1
    },
    "2016-12-31": {
        "Diluted EPS": 0.08,
        "Total Revenue": 4,
        "Gross Profit": 3,
        "Operating Income": 0,
        "EBIT": NaN,
        "Net Income": 2
    },
    "2016-09-30": {
        "Diluted EPS": 0.01,
        "Total Revenue": 4,
        "Gross Profit": 3,
        "Operating Income": 0,
        "EBIT": NaN,
        "Net Income": 0
    },
    "2016-06-30": {
        "Diluted EPS": 0.01,
        "Total Revenue": 4,
        "Gross Profit": 3,
        "Operating Income": 0,
        "EBIT": NaN,
        "Net Income": 0
    },
    "2016-03-31": {
        "Diluted EPS": 0.02,
        "Total Revenue": 4,
        "Gross Profit": 3,
        "Operating Income": 1,
        "EBIT": NaN,
        "Net Income": 1
    },
    "2015-12-31": {
        "Diluted EPS": 0.2,
        "Total Revenue": 4,
        "Gross Profit": 3,
        "Operating Income": 1,
        "EBIT": NaN,
        "Net Income": 6
    },
    "2015-09-30": {
        "Diluted EPS": 0.03,
        "Total Revenue": 5,
        "Gross Profit": 4,
        "Operating Income": 1,
        "EBIT": NaN,
        "Net Income": 1
    },
    "2015-06-30": {
        "Diluted EPS": 0.04,
        "Total Revenue": 5,
        "Gross Profit": 4,
        "Operating Income": 1,
        "EBIT": NaN,
        "Net Income": 1
    },
    "2015-03-31": {
        "Diluted EPS": 0.04,
        "Total Revenue": 5,
        "Gross Profit": 4,
        "Operating Income": 1,
        "EBIT": NaN,
        "Net Income": 1
    },
    "2014-12-31": {
        "Diluted EPS": 0.02,
        "Total Revenue": 5,
        "Gross Profit": 4,
        "Operating Income": 1,
        "EBIT": NaN,
        "Net Income": 1
    },
    "2014-09-30": {
        "Diluted EPS": 0.04,
        "Total Revenue": 4,
        "Gross Profit": 3,
        "Operating Income": 1,
        "EBIT": NaN,
        "Net Income": 1
    },
    "2014-06-30": {
        "Diluted EPS": 0.0,
        "Total Revenue": 4,
        "Gross Profit": 3,
        "Operating Income": 0,
        "EBIT": NaN,
        "Net Income": 0
    },
    "2014-03-31": {
        "Diluted EPS": 0.05,
        "Total Revenue": 4,
        "Gross Profit": 3,
        "Operating Income": 1,
        "EBIT": NaN,
        "Net Income": 1
    },
    "2013-12-31": {
        "Diluted EPS": 0.16,
        "Total Revenue": 4,
        "Gross Profit": 3,
        "Operating Income": 0,
        "EBIT": NaN,
        "Net Income": 0
    },
    "2013-09-30": {
        "Diluted EPS": 0.05,
        "Total Revenue": 5,
        "Gross Profit": 4,
        "Operating Income": 1,
        "EBIT": NaN,
        "Net Income": 0
    },
    "2013-06-30": {
        "Diluted EPS": -0.29,
        "Total Revenue": 4,
        "Gross Profit": 3,
        "Operating Income": 0,
        "EBIT": NaN,
        "Net Income": -1
    },
    "2013-03-31": {
        "Diluted EPS": -0.05,
        "Total Revenue": 4,
        "Gross Profit": 3,
        "Operating Income": -1,
        "EBIT": NaN,
        "Net Income": -1
    },
    "2012-12-31": {
        "Diluted EPS": -0.63,
        "Total Revenue": 5,
        "Gross Profit": 3,
        "Operating Income": -1,
        "EBIT": NaN,
        "Net Income": -1
    },
    "2012-09-30": {
        "Diluted EPS": -0.48,
        "Total Revenue": 5,
        "Gross Profit": 3,
        "Operating Income": -1,
        "EBIT": NaN,
        "Net Income": -1
    },
    "2012-06-30": {
        "Diluted EPS": 0.81,
        "Total Revenue": 8,
        "Gross Profit": 6,
        "Operating Income": 2,
        "EBIT": NaN,
        "Net Income": 1
    },
    "2012-03-31": {
        "Diluted EPS": -0.08,
        "Total Revenue": 6,
        "Gross Profit": 4,
        "Operating Income": 0,
        "EBIT": NaN,
        "Net Income": 0
    },
    "2011-12-31": {
        "Diluted EPS": -2.95,
        "Total Revenue": 6,
        "Gross Profit": 4,
        "Operating Income": -5,
        "EBIT": NaN,
        "Net Income": -5
    },
    "2011-09-30": {
        "Diluted EPS": -4.47,
        "Total Revenue": 6,
        "Gross Profit": 4,
        "Operating Income": -4,
        "EBIT": NaN,
        "Net Income": -8
    },
    "2011-06-30": {
        "Diluted EPS": -1.15,
        "Total Revenue": 7,
        "Gross Profit": 5,
        "Operating Income": -3,
        "EBIT": NaN,
        "Net Income": -2
    },
    "2011-03-31": {
        "Diluted EPS": -0.24,
        "Total Revenue": 7,
        "Gross Profit": 5,
        "Operating Income": 0,
        "EBIT": NaN,
        "Net Income": 0
    },
    "2010-12-31": {
        "Diluted EPS": -0.02,
        "Total Revenue": 8,
        "Gross Profit": 6,
        "Operating Income": 0,
        "EBIT": NaN,
        "Net Income": -1
    },
    "2010-09-30": {
        "Diluted EPS": -0.25,
        "Total Revenue": 8,
        "Gross Profit": 6,
        "Operating Income": 0,
        "EBIT": NaN,
        "Net Income": 0
    },
    "2010-06-30": {
        "Diluted EPS": 0.32,
        "Total Revenue": 8,
        "Gross Profit": 6,
        "Operating Income": 1,
        "EBIT": NaN,
        "Net Income": 1
    },
    "2010-03-31": {
        "Diluted EPS": 0.39,
        "Total Revenue": 8,
        "Gross Profit": 6,
        "Operating Income": 2,
        "EBIT": NaN,
        "Net Income": 1
    },
    "2009-12-31": {
        "Diluted EPS": -4.44,
        "Total Revenue": 9,
        "Gross Profit": 6,
        "Operating Income": -13,
        "EBIT": NaN,
        "Net Income": -7
    },
    "2009-09-30": {
        "Diluted EPS": 0.1,
        "Total Revenue": 8,
        "Gross Profit": 5,
        "Operating Income": 1,
        "EBIT": NaN,
        "Net Income": 0
    },
    "2009-06-30": {
        "Diluted EPS": -0.09,
        "Total Revenue": 7,
        "Gross Profit": 5,
        "Operating Income": 0,
        "EBIT": NaN,
        "Net Income": 0
    },
    "2009-03-31": {
        "Diluted EPS": 0.29,
        "Total Revenue": 7,
        "Gross Profit": 4,
        "Operating Income": 1,
        "EBIT": NaN,
        "Net Income": 1
    },
    "2023-06-30": {
        "Tax Effect Of Unusual Items": NaN,
        "Tax Rate For Calcs": NaN,
        "Net Income From Continuing Operation Net Minority Interest": NaN,
        "Reconciled Depreciation": NaN,
        "Net Interest Income": NaN,
        "Interest Expense": NaN,
        "Interest Income": NaN,
        "Normalized Income": NaN,
        "Net Income From Continuing And Discontinued Operation": NaN,
        "Diluted Average Shares": 9279653.0,
        "Basic Average Shares": 9279653.0,
        "Diluted EPS": 0.026186,
        "Basic EPS": 0.026186,
        "Diluted NI Availto Com Stockholders": NaN,
        "Net Income Common Stockholders": NaN,
        "Otherunder Preferred Stock Dividend": NaN,
        "Preferred Stock Dividends": NaN,
        "Net Income": NaN,
        "Minority Interests": NaN,
        "Net Income Including Noncontrolling Interests": NaN,
        "Net Income Continuous Operations": NaN,
        "Tax Provision": NaN,
        "Pretax Income": NaN,
        "Depreciation Amortization Depletion Income Statement": NaN,
        "Depreciation And Amortization In Income Statement": NaN,
        "Amortization": NaN,
        "Amortization Of Intangibles Income Statement": NaN,
        "Selling General And Administration": NaN,
        "Selling And Marketing Expense": NaN,
        "General And Administrative Expense": NaN,
        "Insurance And Claims": NaN,
        "Salaries And Wages": NaN,
        "Total Revenue": NaN,
        "Operating Revenue": NaN,
        "Occupancy And Equipment": NaN,
        "Professional Expense And Contract Services Expense": NaN,
        "Other Non Interest Expense": NaN
    },
    "2023-12-31": {
        "Tax Effect Of Unusual Items": NaN,
        "Tax Rate For Calcs": NaN,
        "Net Income From Continuing Operation Net Minority Interest": NaN,
        "Reconciled Depreciation": NaN,
        "Net Interest Income": NaN,
        "Interest Expense": NaN,
        "Interest Income": NaN,
        "Normalized Income": NaN,
        "Net Income From Continuing And Discontinued Operation": NaN,
        "Diluted Average Shares": NaN,
        "Basic Average Shares": NaN,
        "Diluted EPS": NaN,
        "Basic EPS": NaN,
        "Diluted NI Availto Com Stockholders": NaN,
        "Net Income Common Stockholders": NaN,
        "Otherunder Preferred Stock Dividend": 32000.0,
        "Preferred Stock Dividends": NaN,
        "Net Income": NaN,
        "Minority Interests": NaN,
        "Net Income Including Noncontrolling Interests": NaN,
        "Net Income Continuous Operations": NaN,
        "Tax Provision": NaN,
        "Pretax Income": NaN,
        "Depreciation Amortization Depletion Income Statement": NaN,
        "Depreciation And Amortization In Income Statement": NaN,
        "Amortization": NaN,
        "Amortization Of Intangibles Income Statement": NaN,
        "Selling General And Administration": NaN,
        "Selling And Marketing Expense": 30000.0,
        "General And Administrative Expense": NaN,
        "Insurance And Claims": NaN,
        "Salaries And Wages": NaN,
        "Total Revenue": NaN,
        "Operating Revenue": NaN,
        "Occupancy And Equipment": NaN,
        "Professional Expense And Contract Services Expense": NaN,
        "Other Non Interest Expense": NaN
    },
    "2023-09-30": {
        "Tax Effect Of Unusual Items": NaN,
        "Tax Rate For Calcs": NaN,
        "Net Income From Continuing Operation Net Minority Interest": NaN,
        "Reconciled Depreciation": NaN,
        "Net Interest Income": NaN,
        "Interest Expense": NaN,
        "Interest Income": NaN,
        "Normalized Income": NaN,
        "Net Income From Continuing And Discontinued Operation": NaN,
        "Diluted Average Shares": 8825794.0,
        "Basic Average Shares": 8709301.0,
        "Diluted EPS": 0.01,
        "Basic EPS": 0.01,
        "Diluted NI Availto Com Stockholders": NaN,
        "Net Income Common Stockholders": NaN,
        "Otherunder Preferred Stock Dividend": 1000.0,
        "Preferred Stock Dividends": NaN,
        "Net Income": NaN,
        "Minority Interests": NaN,
        "Net Income Including Noncontrolling Interests": NaN,
        "Net Income Continuous Operations": NaN,
        "Tax Provision": NaN,
        "Pretax Income": NaN,
        "Depreciation Amortization Depletion Income Statement": NaN,
        "Depreciation And Amortization In Income Statement": NaN,
        "Amortization": NaN,
        "Amortization Of Intangibles Income Statement": NaN,
        "Selling General And Administration": NaN,
        "Selling And Marketing Expense": 11000.0,
        "General And Administrative Expense": NaN,
        "Insurance And Claims": NaN,
        "Salaries And Wages": NaN,
        "Total Revenue": NaN,
        "Operating Revenue": NaN,
        "Occupancy And Equipment": NaN,
        "Professional Expense And Contract Services Expense": NaN,
        "Other Non Interest Expense": NaN
    },
    "2024-03-31": {
        "Tax Effect Of Unusual Items": 0.0,
        "Tax Rate For Calcs": 0.2375,
        "Net Income From Continuing Operation Net Minority Interest": -164000.0,
        "Reconciled Depreciation": 248000.0,
        "Net Interest Income": 7524000.0,
        "Interest Expense": 7269000.0,
        "Interest Income": 14793000.0,
        "Normalized Income": -164000.0,
        "Net Income From Continuing And Discontinued Operation": -164000.0,
        "Diluted Average Shares": NaN,
        "Basic Average Shares": NaN,
        "Diluted EPS": NaN,
        "Basic EPS": NaN,
        "Diluted NI Availto Com Stockholders": -168000.0,
        "Net Income Common Stockholders": -168000.0,
        "Otherunder Preferred Stock Dividend": 4000.0,
        "Preferred Stock Dividends": NaN,
        "Net Income": -164000.0,
        "Minority Interests": 19000.0,
        "Net Income Including Noncontrolling Interests": -183000.0,
        "Net Income Continuous Operations": -183000.0,
        "Tax Provision": -57000.0,
        "Pretax Income": -240000.0,
        "Depreciation Amortization Depletion Income Statement": 84000.0,
        "Depreciation And Amortization In Income Statement": 84000.0,
        "Amortization": 84000.0,
        "Amortization Of Intangibles Income Statement": 84000.0,
        "Selling General And Administration": 4358000.0,
        "Selling And Marketing Expense": 28000.0,
        "General And Administrative Expense": 4330000.0,
        "Insurance And Claims": 61000.0,
        "Salaries And Wages": 4269000.0,
        "Total Revenue": 7830000.0,
        "Operating Revenue": 7830000.0,
        "Occupancy And Equipment": 503000.0,
        "Professional Expense And Contract Services Expense": 1410000.0,
        "Other Non Interest Expense": 1455000.0
    },
    "2024-06-30": {
        "Tax Effect Of Unusual Items": 0.0,
        "Tax Rate For Calcs": 0.3501,
        "Net Income From Continuing Operation Net Minority Interest": 256000.0,
        "Reconciled Depreciation": 247000.0,
        "Net Interest Income": 7918000.0,
        "Interest Expense": 8004000.0,
        "Interest Income": 15922000.0,
        "Normalized Income": 256000.0,
        "Net Income From Continuing And Discontinued Operation": 256000.0,
        "Diluted Average Shares": 9131979.0,
        "Basic Average Shares": 9131979.0,
        "Diluted EPS": 0.029457,
        "Basic EPS": 0.029457,
        "Diluted NI Availto Com Stockholders": 185000.0,
        "Net Income Common Stockholders": 185000.0,
        "Otherunder Preferred Stock Dividend": 4000.0,
        "Preferred Stock Dividends": 67000.0,
        "Net Income": 256000.0,
        "Minority Interests": -2000.0,
        "Net Income Including Noncontrolling Interests": 258000.0,
        "Net Income Continuous Operations": 258000.0,
        "Tax Provision": 139000.0,
        "Pretax Income": 397000.0,
        "Depreciation Amortization Depletion Income Statement": 84000.0,
        "Depreciation And Amortization In Income Statement": 84000.0,
        "Amortization": 84000.0,
        "Amortization Of Intangibles Income Statement": 84000.0,
        "Selling General And Administration": 4596000.0,
        "Selling And Marketing Expense": 63000.0,
        "General And Administrative Expense": 4533000.0,
        "Insurance And Claims": 64000.0,
        "Salaries And Wages": 4469000.0,
        "Total Revenue": 8191000.0,
        "Operating Revenue": 8191000.0,
        "Occupancy And Equipment": 432000.0,
        "Professional Expense And Contract Services Expense": 563000.0,
        "Other Non Interest Expense": 1605000.0
    },
    "2024-09-30": {
        "Tax Effect Of Unusual Items": 0.0,
        "Tax Rate For Calcs": 0.2776,
        "Net Income From Continuing Operation Net Minority Interest": 522000.0,
        "Reconciled Depreciation": 259000.0,
        "Net Interest Income": 8330000.0,
        "Interest Expense": 7836000.0,
        "Interest Income": 16166000.0,
        "Normalized Income": 522000.0,
        "Net Income From Continuing And Discontinued Operation": 522000.0,
        "Diluted Average Shares": 9112777.0,
        "Basic Average Shares": 9112777.0,
        "Diluted EPS": 0.03,
        "Basic EPS": 0.057282,
        "Diluted NI Availto Com Stockholders": -233000.0,
        "Net Income Common Stockholders": -233000.0,
        "Otherunder Preferred Stock Dividend": 5000.0,
        "Preferred Stock Dividends": 750000.0,
        "Net Income": 522000.0,
        "Minority Interests": -22000.0,
        "Net Income Including Noncontrolling Interests": 544000.0,
        "Net Income Continuous Operations": 544000.0,
        "Tax Provision": 209000.0,
        "Pretax Income": 753000.0,
        "Depreciation Amortization Depletion Income Statement": 84000.0,
        "Depreciation And Amortization In Income Statement": 84000.0,
        "Amortization": 84000.0,
        "Amortization Of Intangibles Income Statement": 84000.0,
        "Selling General And Administration": 4478000.0,
        "Selling And Marketing Expense": 19000.0,
        "General And Administrative Expense": 4459000.0,
        "Insurance And Claims": 27000.0,
        "Salaries And Wages": 4432000.0,
        "Total Revenue": 8746000.0,
        "Operating Revenue": 8746000.0,
        "Occupancy And Equipment": 505000.0,
        "Professional Expense And Contract Services Expense": 982000.0,
        "Other Non Interest Expense": 1545000.0
    },
    "2024-12-31": {
        "Tax Effect Of Unusual Items": 0.0,
        "Tax Rate For Calcs": 0.281199,
        "Net Income From Continuing Operation Net Minority Interest": 1299000.0,
        "Reconciled Depreciation": 6000.0,
        "Net Interest Income": 7997000.0,
        "Interest Expense": 7765000.0,
        "Interest Income": 15762000.0,
        "Normalized Income": 1299000.0,
        "Net Income From Continuing And Discontinued Operation": 1299000.0,
        "Diluted Average Shares": 9166667.0,
        "Basic Average Shares": 9166667.0,
        "Diluted EPS": 0.06,
        "Basic EPS": 0.06,
        "Diluted NI Availto Com Stockholders": 553000.0,
        "Net Income Common Stockholders": 553000.0,
        "Otherunder Preferred Stock Dividend": NaN,
        "Preferred Stock Dividends": 750000.0,
        "Net Income": 1299000.0,
        "Minority Interests": -20000.0,
        "Net Income Including Noncontrolling Interests": 1319000.0,
        "Net Income Continuous Operations": 1319000.0,
        "Tax Provision": 516000.0,
        "Pretax Income": 1835000.0,
        "Depreciation Amortization Depletion Income Statement": 84000.0,
        "Depreciation And Amortization In Income Statement": 84000.0,
        "Amortization": 84000.0,
        "Amortization Of Intangibles Income Statement": 84000.0,
        "Selling General And Administration": 4236000.0,
        "Selling And Marketing Expense": NaN,
        "General And Administrative Expense": 4346000.0,
        "Insurance And Claims": 82000.0,
        "Salaries And Wages": 4264000.0,
        "Total Revenue": 8556000.0,
        "Operating Revenue": 8556000.0,
        "Occupancy And Equipment": 486000.0,
        "Professional Expense And Contract Services Expense": 494000.0,
        "Other Non Interest Expense": 1910000.0
    },
    "2025-03-31": {
        "Tax Effect Of Unusual Items": 0.0,
        "Tax Rate For Calcs": 0.287454,
        "Net Income From Continuing Operation Net Minority Interest": -2689000.0,
        "Reconciled Depreciation": 181000.0,
        "Net Interest Income": 8045000.0,
        "Interest Expense": 6756000.0,
        "Interest Income": 14801000.0,
        "Normalized Income": -2689000.0,
        "Net Income From Continuing And Discontinued Operation": -2689000.0,
        "Diluted Average Shares": 8578571.0,
        "Basic Average Shares": 8578571.0,
        "Diluted EPS": -0.14,
        "Basic EPS": -0.14,
        "Diluted NI Availto Com Stockholders": -3439000.0,
        "Net Income Common Stockholders": -3439000.0,
        "Otherunder Preferred Stock Dividend": -49000.0,
        "Preferred Stock Dividends": 750000.0,
        "Net Income": -2689000.0,
        "Minority Interests": 3000.0,
        "Net Income Including Noncontrolling Interests": -2692000.0,
        "Net Income Continuous Operations": -2692000.0,
        "Tax Provision": -1086000.0,
        "Pretax Income": -3778000.0,
        "Depreciation Amortization Depletion Income Statement": 79000.0,
        "Depreciation And Amortization In Income Statement": 79000.0,
        "Amortization": 79000.0,
        "Amortization Of Intangibles Income Statement": 79000.0,
        "Selling General And Administration": 5397000.0,
        "Selling And Marketing Expense": 46000.0,
        "General And Administrative Expense": 5351000.0,
        "Insurance And Claims": 67000.0,
        "Salaries And Wages": 5284000.0,
        "Total Revenue": 8333000.0,
        "Operating Revenue": 8333000.0,
        "Occupancy And Equipment": 540000.0,
        "Professional Expense And Contract Services Expense": 700000.0,
        "Other Non Interest Expense": 3481000.0
    },
    "2025-06-30": {
        "Tax Effect Of Unusual Items": 0.0,
        "Tax Rate For Calcs": 0.2841,
        "Net Income From Continuing Operation Net Minority Interest": 752000.0,
        "Reconciled Depreciation": 183000.0,
        "Net Interest Income": 7755000.0,
        "Interest Expense": 6642000.0,
        "Interest Income": 14397000.0,
        "Normalized Income": 752000.0,
        "Net Income From Continuing And Discontinued Operation": 752000.0,
        "Diluted Average Shares": 8622891.0,
        "Basic Average Shares": 8622891.0,
        "Diluted EPS": -0.02,
        "Basic EPS": -0.02,
        "Diluted NI Availto Com Stockholders": 2000.0,
        "Net Income Common Stockholders": 2000.0,
        "Otherunder Preferred Stock Dividend": NaN,
        "Preferred Stock Dividends": 750000.0,
        "Net Income": 752000.0,
        "Minority Interests": 6000.0,
        "Net Income Including Noncontrolling Interests": 746000.0,
        "Net Income Continuous Operations": 746000.0,
        "Tax Provision": 296000.0,
        "Pretax Income": 1042000.0,
        "Depreciation Amortization Depletion Income Statement": 79000.0,
        "Depreciation And Amortization In Income Statement": 79000.0,
        "Amortization": 79000.0,
        "Amortization Of Intangibles Income Statement": 79000.0,
        "Selling General And Administration": 4539000.0,
        "Selling And Marketing Expense": 61000.0,
        "General And Administrative Expense": 4478000.0,
        "Insurance And Claims": 66000.0,
        "Salaries And Wages": 4412000.0,
        "Total Revenue": 8110000.0,
        "Operating Revenue": 8110000.0,
        "Occupancy And Equipment": 485000.0,
        "Professional Expense And Contract Services Expense": 788000.0,
        "Other Non Interest Expense": 1631000.0
    }
}