{
    "2023-05-31": {
        "Tax Effect Of Unusual Items": NaN,
        "Tax Rate For Calcs": NaN,
        "Normalized EBITDA": NaN,
        "Total Unusual Items": NaN,
        "Total Unusual Items Excluding Goodwill": NaN,
        "Net Income From Continuing Operation Net Minority Interest": NaN,
        "Reconciled Depreciation": NaN,
        "Reconciled Cost Of Revenue": NaN,
        "EBITDA": NaN,
        "EBIT": NaN,
        "Net Interest Income": NaN,
        "Interest Income": NaN,
        "Normalized Income": NaN,
        "Net Income From Continuing And Discontinued Operation": NaN,
        "Total Expenses": NaN,
        "Total Operating Income As Reported": NaN,
        "Diluted Average Shares": NaN,
        "Basic Average Shares": NaN,
        "Diluted EPS": NaN,
        "Basic EPS": NaN,
        "Diluted NI Availto Com Stockholders": NaN,
        "Net Income Common Stockholders": NaN,
        "Net Income": NaN,
        "Net Income Including Noncontrolling Interests": NaN,
        "Net Income Continuous Operations": NaN,
        "Tax Provision": NaN,
        "Pretax Income": NaN,
        "Other Income Expense": NaN,
        "Other Non Operating Income Expenses": NaN,
        "Earnings From Equity Interest": NaN,
        "Gain On Sale Of Security": NaN,
        "Net Non Operating Interest Income Expense": NaN,
        "Total Other Finance Cost": -143000.0,
        "Interest Income Non Operating": NaN,
        "Operating Income": NaN,
        "Operating Expense": NaN,
        "Other Operating Expenses": 7191000.0,
        "Gross Profit": NaN,
        "Cost Of Revenue": NaN,
        "Total Revenue": NaN,
        "Operating Revenue": NaN
    },
    "2023-02-28": {
        "Tax Effect Of Unusual Items": NaN,
        "Tax Rate For Calcs": NaN,
        "Normalized EBITDA": NaN,
        "Total Unusual Items": NaN,
        "Total Unusual Items Excluding Goodwill": NaN,
        "Net Income From Continuing Operation Net Minority Interest": NaN,
        "Reconciled Depreciation": NaN,
        "Reconciled Cost Of Revenue": NaN,
        "EBITDA": NaN,
        "EBIT": NaN,
        "Net Interest Income": NaN,
        "Interest Income": 143000.0,
        "Normalized Income": NaN,
        "Net Income From Continuing And Discontinued Operation": NaN,
        "Total Expenses": NaN,
        "Total Operating Income As Reported": NaN,
        "Diluted Average Shares": NaN,
        "Basic Average Shares": NaN,
        "Diluted EPS": NaN,
        "Basic EPS": NaN,
        "Diluted NI Availto Com Stockholders": NaN,
        "Net Income Common Stockholders": NaN,
        "Net Income": NaN,
        "Net Income Including Noncontrolling Interests": NaN,
        "Net Income Continuous Operations": NaN,
        "Tax Provision": NaN,
        "Pretax Income": NaN,
        "Other Income Expense": NaN,
        "Other Non Operating Income Expenses": NaN,
        "Earnings From Equity Interest": NaN,
        "Gain On Sale Of Security": NaN,
        "Net Non Operating Interest Income Expense": NaN,
        "Total Other Finance Cost": NaN,
        "Interest Income Non Operating": 143000.0,
        "Operating Income": NaN,
        "Operating Expense": NaN,
        "Other Operating Expenses": NaN,
        "Gross Profit": NaN,
        "Cost Of Revenue": NaN,
        "Total Revenue": NaN,
        "Operating Revenue": NaN
    },
    "2022-11-30": {
        "Tax Effect Of Unusual Items": NaN,
        "Tax Rate For Calcs": NaN,
        "Normalized EBITDA": NaN,
        "Total Unusual Items": NaN,
        "Total Unusual Items Excluding Goodwill": NaN,
        "Net Income From Continuing Operation Net Minority Interest": NaN,
        "Reconciled Depreciation": NaN,
        "Reconciled Cost Of Revenue": NaN,
        "EBITDA": NaN,
        "EBIT": NaN,
        "Net Interest Income": NaN,
        "Interest Income": NaN,
        "Normalized Income": NaN,
        "Net Income From Continuing And Discontinued Operation": NaN,
        "Total Expenses": NaN,
        "Total Operating Income As Reported": NaN,
        "Diluted Average Shares": NaN,
        "Basic Average Shares": NaN,
        "Diluted EPS": NaN,
        "Basic EPS": NaN,
        "Diluted NI Availto Com Stockholders": NaN,
        "Net Income Common Stockholders": NaN,
        "Net Income": NaN,
        "Net Income Including Noncontrolling Interests": NaN,
        "Net Income Continuous Operations": NaN,
        "Tax Provision": NaN,
        "Pretax Income": NaN,
        "Other Income Expense": NaN,
        "Other Non Operating Income Expenses": NaN,
        "Special Income Charges": 0.0,
        "Earnings From Equity Interest": NaN,
        "Gain On Sale Of Security": NaN,
        "Net Non Operating Interest Income Expense": NaN,
        "Total Other Finance Cost": -191000.0,
        "Interest Income Non Operating": NaN,
        "Operating Income": NaN,
        "Operating Expense": NaN,
        "Other Operating Expenses": NaN,
        "Gross Profit": NaN,
        "Cost Of Revenue": NaN,
        "Total Revenue": NaN,
        "Operating Revenue": NaN
    },
    "2022-08-31": {
        "Tax Effect Of Unusual Items": NaN,
        "Tax Rate For Calcs": NaN,
        "Normalized EBITDA": NaN,
        "Total Unusual Items": NaN,
        "Total Unusual Items Excluding Goodwill": NaN,
        "Net Income From Continuing Operation Net Minority Interest": NaN,
        "Reconciled Depreciation": NaN,
        "Reconciled Cost Of Revenue": NaN,
        "EBITDA": NaN,
        "EBIT": NaN,
        "Net Interest Income": NaN,
        "Interest Income": NaN,
        "Normalized Income": NaN,
        "Net Income From Continuing And Discontinued Operation": NaN,
        "Total Expenses": NaN,
        "Total Operating Income As Reported": NaN,
        "Diluted Average Shares": NaN,
        "Basic Average Shares": NaN,
        "Diluted EPS": NaN,
        "Basic EPS": NaN,
        "Diluted NI Availto Com Stockholders": NaN,
        "Net Income Common Stockholders": NaN,
        "Net Income": NaN,
        "Net Income Including Noncontrolling Interests": NaN,
        "Net Income Continuous Operations": NaN,
        "Tax Provision": NaN,
        "Pretax Income": NaN,
        "Other Income Expense": NaN,
        "Other Non Operating Income Expenses": NaN,
        "Special Income Charges": 0.0,
        "Earnings From Equity Interest": NaN,
        "Gain On Sale Of Security": NaN,
        "Net Non Operating Interest Income Expense": NaN,
        "Total Other Finance Cost": 3000.0,
        "Interest Income Non Operating": NaN,
        "Operating Income": NaN,
        "Operating Expense": NaN,
        "Gross Profit": NaN,
        "Cost Of Revenue": NaN,
        "Total Revenue": NaN,
        "Operating Revenue": NaN
    },
    "2022-05-31": {
        "Tax Effect Of Unusual Items": -109600.0,
        "Tax Rate For Calcs": 0.4,
        "Normalized EBITDA": -2135000.0,
        "Total Unusual Items": -274000.0,
        "Total Unusual Items Excluding Goodwill": -274000.0,
        "Net Income From Continuing Operation Net Minority Interest": -2996000.0,
        "Reconciled Depreciation": 206000.0,
        "Reconciled Cost Of Revenue": 5495000.0,
        "EBIT": -2615000.0,
        "Net Interest Income": 13000.0,
        "Interest Income": 13000.0,
        "Normalized Income": -2831600.0,
        "Net Income From Continuing And Discontinued Operation": -2996000.0,
        "Total Expenses": 14234000.0,
        "Total Operating Income As Reported": -2615000.0,
        "Diluted Average Shares": 23097150.0,
        "Basic Average Shares": 23097150.0,
        "Diluted EPS": -0.13,
        "Basic EPS": -0.13,
        "Diluted NI Availto Com Stockholders": -2996000.0,
        "Net Income Common Stockholders": -2996000.0,
        "Net Income": -2996000.0,
        "Net Income Including Noncontrolling Interests": -2996000.0,
        "Net Income Continuous Operations": -2996000.0,
        "Tax Provision": 51000.0,
        "Pretax Income": -2945000.0,
        "Other Income Expense": -343000.0,
        "Other Non Operating Income Expenses": -69000.0,
        "Special Income Charges": NaN,
        "Earnings From Equity Interest": NaN,
        "Gain On Sale Of Security": -274000.0,
        "Net Non Operating Interest Income Expense": 13000.0,
        "Total Other Finance Cost": NaN,
        "Interest Income Non Operating": 13000.0,
        "Operating Income": -2615000.0,
        "Operating Expense": 8739000.0,
        "Gross Profit": 6124000.0,
        "Cost Of Revenue": 5495000.0,
        "Total Revenue": 11619000.0,
        "Operating Revenue": 11619000.0
    },
    "2022-02-28": {
        "Diluted EPS": -0.14,
        "Total Revenue": 8,
        "Gross Profit": 5,
        "Operating Income": -3,
        "EBIT": -3,
        "Net Income": -3
    },
    "2021-11-30": {
        "Diluted EPS": -0.17,
        "Total Revenue": 11,
        "Gross Profit": 6,
        "Operating Income": -3,
        "EBIT": -3,
        "Net Income": -3
    },
    "2021-08-31": {
        "Diluted EPS": -0.08,
        "Total Revenue": 9,
        "Gross Profit": 5,
        "Operating Income": -2,
        "EBIT": -2,
        "Net Income": -2
    },
    "2021-05-31": {
        "Diluted EPS": 0.05,
        "Total Revenue": 13,
        "Gross Profit": 8,
        "Operating Income": 2,
        "EBIT": 2,
        "Net Income": 1
    },
    "2021-02-28": {
        "Diluted EPS": -0.02,
        "Total Revenue": 9,
        "Gross Profit": 5,
        "Operating Income": 0,
        "EBIT": 0,
        "Net Income": 0
    },
    "2020-11-30": {
        "Diluted EPS": -0.08,
        "Total Revenue": 11,
        "Gross Profit": 5,
        "Operating Income": -1,
        "EBIT": -1,
        "Net Income": -2
    },
    "2020-08-31": {
        "Diluted EPS": -0.04,
        "Total Revenue": 4,
        "Gross Profit": 2,
        "Operating Income": -1,
        "EBIT": 0,
        "Net Income": -1
    },
    "2020-05-31": {
        "Diluted EPS": -0.66,
        "Total Revenue": 1,
        "Gross Profit": 1,
        "Operating Income": -1,
        "EBIT": -1,
        "Net Income": -8
    },
    "2020-02-29": {
        "Diluted EPS": -0.2,
        "Total Revenue": 0,
        "Gross Profit": 0,
        "Operating Income": -2,
        "EBIT": -1,
        "Net Income": -2
    },
    "2019-11-30": {
        "Diluted EPS": -0.1,
        "Total Revenue": 1,
        "Gross Profit": 0,
        "Operating Income": -1,
        "EBIT": 0,
        "Net Income": -2
    },
    "2019-08-31": {
        "Diluted EPS": -0.1,
        "Total Revenue": 0,
        "Gross Profit": 0,
        "Operating Income": -1,
        "EBIT": 0,
        "Net Income": -1
    },
    "2019-05-31": {
        "Diluted EPS": -0.1,
        "Total Revenue": 0,
        "Gross Profit": 0,
        "Operating Income": -1,
        "EBIT": 0,
        "Net Income": -1
    },
    "2019-02-28": {
        "Diluted EPS": -0.1,
        "Total Revenue": 0,
        "Gross Profit": 0,
        "Operating Income": -1,
        "EBIT": -1,
        "Net Income": -1
    },
    "2018-11-30": {
        "Diluted EPS": -0.1,
        "Total Revenue": 0,
        "Gross Profit": 0,
        "Operating Income": -1,
        "EBIT": -1,
        "Net Income": -1
    },
    "2018-08-31": {
        "Diluted EPS": -0.01,
        "Total Revenue": 0,
        "Gross Profit": 0,
        "Operating Income": 0,
        "EBIT": 0,
        "Net Income": 0
    },
    "2018-05-31": {
        "Diluted EPS": -0.05,
        "Total Revenue": 0,
        "Gross Profit": 0,
        "Operating Income": 0,
        "EBIT": 0,
        "Net Income": 0
    },
    "2018-02-28": {
        "Diluted EPS": -0.04,
        "Total Revenue": 0,
        "Gross Profit": 0,
        "Operating Income": 0,
        "EBIT": 0,
        "Net Income": 0
    },
    "2017-11-30": {
        "Diluted EPS": -0.26,
        "Total Revenue": 0,
        "Gross Profit": 0,
        "Operating Income": 0,
        "EBIT": -1,
        "Net Income": -1
    },
    "2017-08-31": {
        "Diluted EPS": -0.1,
        "Total Revenue": 0,
        "Gross Profit": 0,
        "Operating Income": -1,
        "EBIT": 0,
        "Net Income": -1
    },
    "2017-05-31": {
        "Diluted EPS": -0.12,
        "Total Revenue": 0,
        "Gross Profit": 0,
        "Operating Income": 0,
        "EBIT": 0,
        "Net Income": -1
    },
    "2017-02-28": {
        "Diluted EPS": -0.02,
        "Total Revenue": 0,
        "Gross Profit": 0,
        "Operating Income": 0,
        "EBIT": 0,
        "Net Income": 0
    },
    "2016-11-30": {
        "Diluted EPS": -0.13,
        "Total Revenue": 0,
        "Gross Profit": 0,
        "Operating Income": -1,
        "EBIT": 0,
        "Net Income": -1
    },
    "2016-08-31": {
        "Diluted EPS": -0.1,
        "Total Revenue": 0,
        "Gross Profit": 0,
        "Operating Income": 0,
        "EBIT": 0,
        "Net Income": 0
    },
    "2016-05-31": {
        "Diluted EPS": -0.1,
        "Total Revenue": 0,
        "Gross Profit": 0,
        "Operating Income": 0,
        "EBIT": 0,
        "Net Income": 0
    },
    "2016-02-29": {
        "Diluted EPS": -0.07,
        "Total Revenue": 0,
        "Gross Profit": 0,
        "Operating Income": 0,
        "EBIT": 0,
        "Net Income": 0
    },
    "2015-11-30": {
        "Diluted EPS": -0.2,
        "Total Revenue": 0,
        "Gross Profit": 0,
        "Operating Income": -1,
        "EBIT": -1,
        "Net Income": -1
    },
    "2015-08-31": {
        "Diluted EPS": -0.1,
        "Total Revenue": 0,
        "Gross Profit": 0,
        "Operating Income": 0,
        "EBIT": 0,
        "Net Income": 0
    },
    "2015-05-31": {
        "Diluted EPS": -0.1,
        "Total Revenue": 0,
        "Gross Profit": 0,
        "Operating Income": 0,
        "EBIT": 0,
        "Net Income": 0
    },
    "2015-02-28": {
        "Diluted EPS": -0.1,
        "Total Revenue": 0,
        "Gross Profit": 0,
        "Operating Income": 0,
        "EBIT": 0,
        "Net Income": 0
    },
    "2014-11-30": {
        "Diluted EPS": -0.3,
        "Total Revenue": 0,
        "Gross Profit": 0,
        "Operating Income": -1,
        "EBIT": -1,
        "Net Income": -1
    },
    "2014-08-31": {
        "Diluted EPS": -0.1,
        "Total Revenue": 0,
        "Gross Profit": 0,
        "Operating Income": 0,
        "EBIT": 0,
        "Net Income": 0
    },
    "2014-05-31": {
        "Diluted EPS": -0.1,
        "Total Revenue": 0,
        "Gross Profit": 0,
        "Operating Income": -1,
        "EBIT": -1,
        "Net Income": -1
    },
    "2014-02-28": {
        "Diluted EPS": -0.1,
        "Total Revenue": 0,
        "Gross Profit": 0,
        "Operating Income": 0,
        "EBIT": 0,
        "Net Income": 0
    },
    "2013-11-30": {
        "Diluted EPS": -0.2,
        "Total Revenue": NaN,
        "Gross Profit": NaN,
        "Operating Income": 0,
        "EBIT": 0,
        "Net Income": -1
    },
    "2013-08-31": {
        "Diluted EPS": -0.1,
        "Total Revenue": NaN,
        "Gross Profit": NaN,
        "Operating Income": 0,
        "EBIT": 0,
        "Net Income": 0
    },
    "2013-05-31": {
        "Diluted EPS": -0.2,
        "Total Revenue": NaN,
        "Gross Profit": NaN,
        "Operating Income": -1,
        "EBIT": 0,
        "Net Income": -1
    },
    "2013-02-28": {
        "Diluted EPS": -0.1,
        "Total Revenue": NaN,
        "Gross Profit": NaN,
        "Operating Income": 0,
        "EBIT": 0,
        "Net Income": 0
    },
    "2012-11-30": {
        "Diluted EPS": -0.4,
        "Total Revenue": NaN,
        "Gross Profit": NaN,
        "Operating Income": -1,
        "EBIT": -1,
        "Net Income": -1
    },
    "2012-08-31": {
        "Diluted EPS": -0.1,
        "Total Revenue": NaN,
        "Gross Profit": NaN,
        "Operating Income": 0,
        "EBIT": 0,
        "Net Income": 0
    },
    "2012-05-31": {
        "Diluted EPS": -0.1,
        "Total Revenue": NaN,
        "Gross Profit": NaN,
        "Operating Income": 0,
        "EBIT": 0,
        "Net Income": 0
    },
    "2012-02-29": {
        "Diluted EPS": -0.1,
        "Total Revenue": NaN,
        "Gross Profit": NaN,
        "Operating Income": 0,
        "EBIT": 0,
        "Net Income": 0
    },
    "2011-11-30": {
        "Diluted EPS": 0.0,
        "Total Revenue": NaN,
        "Gross Profit": NaN,
        "Operating Income": 0,
        "EBIT": 0,
        "Net Income": 0
    },
    "2011-08-31": {
        "Diluted EPS": -0.1,
        "Total Revenue": NaN,
        "Gross Profit": NaN,
        "Operating Income": 0,
        "EBIT": 0,
        "Net Income": 0
    },
    "2011-05-31": {
        "Diluted EPS": -0.1,
        "Total Revenue": NaN,
        "Gross Profit": NaN,
        "Operating Income": 0,
        "EBIT": 0,
        "Net Income": 0
    },
    "2011-02-28": {
        "Diluted EPS": -0.1,
        "Total Revenue": NaN,
        "Gross Profit": NaN,
        "Operating Income": 0,
        "EBIT": 0,
        "Net Income": 0
    },
    "2010-11-30": {
        "Diluted EPS": -0.3,
        "Total Revenue": NaN,
        "Gross Profit": NaN,
        "Operating Income": -1,
        "EBIT": -1,
        "Net Income": -1
    },
    "2010-08-31": {
        "Diluted EPS": -0.4,
        "Total Revenue": NaN,
        "Gross Profit": NaN,
        "Operating Income": -1,
        "EBIT": -1,
        "Net Income": -1
    },
    "2010-05-31": {
        "Diluted EPS": -0.2,
        "Total Revenue": NaN,
        "Gross Profit": NaN,
        "Operating Income": 0,
        "EBIT": 0,
        "Net Income": 0
    },
    "2010-02-28": {
        "Diluted EPS": -0.3,
        "Total Revenue": NaN,
        "Gross Profit": NaN,
        "Operating Income": -1,
        "EBIT": -1,
        "Net Income": -1
    },
    "2009-11-30": {
        "Diluted EPS": -0.2,
        "Total Revenue": NaN,
        "Gross Profit": NaN,
        "Operating Income": -1,
        "EBIT": -1,
        "Net Income": -1
    },
    "2009-08-31": {
        "Diluted EPS": -0.6,
        "Total Revenue": NaN,
        "Gross Profit": NaN,
        "Operating Income": -1,
        "EBIT": -1,
        "Net Income": -1
    },
    "2009-05-31": {
        "Diluted EPS": -0.6,
        "Total Revenue": NaN,
        "Gross Profit": NaN,
        "Operating Income": -1,
        "EBIT": -1,
        "Net Income": -1
    },
    "2009-02-28": {
        "Diluted EPS": -0.6,
        "Total Revenue": NaN,
        "Gross Profit": NaN,
        "Operating Income": -1,
        "EBIT": -1,
        "Net Income": -1
    },
    "2023-08-31": {
        "Tax Effect Of Unusual Items": NaN,
        "Tax Rate For Calcs": NaN,
        "Normalized EBITDA": NaN,
        "Total Unusual Items": NaN,
        "Total Unusual Items Excluding Goodwill": NaN,
        "Net Income From Continuing Operation Net Minority Interest": NaN,
        "Reconciled Depreciation": NaN,
        "Reconciled Cost Of Revenue": NaN,
        "EBITDA": NaN,
        "EBIT": NaN,
        "Net Interest Income": NaN,
        "Interest Income": NaN,
        "Normalized Income": NaN,
        "Net Income From Continuing And Discontinued Operation": NaN,
        "Total Expenses": NaN,
        "Total Operating Income As Reported": NaN,
        "Diluted Average Shares": NaN,
        "Basic Average Shares": NaN,
        "Diluted EPS": NaN,
        "Basic EPS": NaN,
        "Diluted NI Availto Com Stockholders": NaN,
        "Net Income Common Stockholders": NaN,
        "Net Income": NaN,
        "Net Income Including Noncontrolling Interests": NaN,
        "Net Income Continuous Operations": NaN,
        "Tax Provision": NaN,
        "Pretax Income": NaN,
        "Other Income Expense": NaN,
        "Other Non Operating Income Expenses": NaN,
        "Earnings From Equity Interest": NaN,
        "Gain On Sale Of Security": NaN,
        "Net Non Operating Interest Income Expense": NaN,
        "Total Other Finance Cost": -239000.0,
        "Interest Income Non Operating": NaN,
        "Operating Income": NaN,
        "Operating Expense": NaN,
        "Other Operating Expenses": NaN,
        "Gross Profit": NaN,
        "Cost Of Revenue": NaN,
        "Total Revenue": NaN,
        "Operating Revenue": NaN
    },
    "2023-11-30": {
        "Tax Effect Of Unusual Items": NaN,
        "Tax Rate For Calcs": NaN,
        "Normalized EBITDA": NaN,
        "Total Unusual Items": NaN,
        "Total Unusual Items Excluding Goodwill": NaN,
        "Net Income From Continuing Operation Net Minority Interest": NaN,
        "Reconciled Depreciation": NaN,
        "Reconciled Cost Of Revenue": NaN,
        "EBITDA": NaN,
        "EBIT": NaN,
        "Net Interest Income": NaN,
        "Interest Income": NaN,
        "Normalized Income": NaN,
        "Net Income From Continuing And Discontinued Operation": NaN,
        "Total Expenses": NaN,
        "Total Operating Income As Reported": NaN,
        "Diluted Average Shares": NaN,
        "Basic Average Shares": NaN,
        "Diluted EPS": NaN,
        "Basic EPS": NaN,
        "Diluted NI Availto Com Stockholders": NaN,
        "Net Income Common Stockholders": NaN,
        "Net Income": NaN,
        "Net Income Including Noncontrolling Interests": NaN,
        "Net Income Continuous Operations": NaN,
        "Tax Provision": NaN,
        "Pretax Income": NaN,
        "Other Income Expense": NaN,
        "Other Non Operating Income Expenses": 213000.0,
        "Earnings From Equity Interest": NaN,
        "Gain On Sale Of Security": NaN,
        "Net Non Operating Interest Income Expense": NaN,
        "Total Other Finance Cost": NaN,
        "Interest Income Non Operating": NaN,
        "Operating Income": NaN,
        "Operating Expense": NaN,
        "Other Operating Expenses": NaN,
        "Gross Profit": NaN,
        "Cost Of Revenue": NaN,
        "Total Revenue": NaN,
        "Operating Revenue": NaN
    },
    "2024-02-29": {
        "Tax Effect Of Unusual Items": 0.0,
        "Tax Rate For Calcs": 0.0,
        "Normalized EBITDA": 232000.0,
        "Total Unusual Items": -58000.0,
        "Total Unusual Items Excluding Goodwill": -58000.0,
        "Net Income From Continuing Operation Net Minority Interest": 17000.0,
        "Reconciled Depreciation": 338000.0,
        "Reconciled Cost Of Revenue": 7015000.0,
        "EBITDA": 174000.0,
        "EBIT": -164000.0,
        "Net Interest Income": 280000.0,
        "Interest Income": 280000.0,
        "Normalized Income": 75000.0,
        "Net Income From Continuing And Discontinued Operation": 17000.0,
        "Total Expenses": 16818000.0,
        "Total Operating Income As Reported": -164000.0,
        "Diluted Average Shares": 22838827.0,
        "Basic Average Shares": 22035249.0,
        "Diluted EPS": 0.0,
        "Basic EPS": 0.0,
        "Diluted NI Availto Com Stockholders": 17000.0,
        "Net Income Common Stockholders": 17000.0,
        "Net Income": 17000.0,
        "Net Income Including Noncontrolling Interests": 17000.0,
        "Net Income Continuous Operations": 17000.0,
        "Tax Provision": 0.0,
        "Pretax Income": 17000.0,
        "Other Income Expense": -99000.0,
        "Other Non Operating Income Expenses": 1000.0,
        "Earnings From Equity Interest": -42000.0,
        "Gain On Sale Of Security": -58000.0,
        "Net Non Operating Interest Income Expense": 280000.0,
        "Total Other Finance Cost": NaN,
        "Interest Income Non Operating": 280000.0,
        "Operating Income": -164000.0,
        "Operating Expense": 9803000.0,
        "Other Operating Expenses": 9803000.0,
        "Gross Profit": 9639000.0,
        "Cost Of Revenue": 7015000.0,
        "Total Revenue": 16654000.0,
        "Operating Revenue": 16654000.0
    },
    "2024-05-31": {
        "Tax Effect Of Unusual Items": -220.0,
        "Tax Rate For Calcs": 0.001,
        "Normalized EBITDA": 2802000.0,
        "Total Unusual Items": -220000.0,
        "Total Unusual Items Excluding Goodwill": -220000.0,
        "Net Income From Continuing Operation Net Minority Interest": 2077000.0,
        "Reconciled Depreciation": 669000.0,
        "Reconciled Cost Of Revenue": 7709000.0,
        "EBITDA": 2582000.0,
        "EBIT": 1913000.0,
        "Net Interest Income": 323000.0,
        "Interest Income": 323000.0,
        "Normalized Income": 2296780.0,
        "Net Income From Continuing And Discontinued Operation": 2077000.0,
        "Total Expenses": 18356000.0,
        "Total Operating Income As Reported": 1913000.0,
        "Diluted Average Shares": 23731076.0,
        "Basic Average Shares": 22728500.0,
        "Diluted EPS": 0.09,
        "Basic EPS": 0.09,
        "Diluted NI Availto Com Stockholders": 2077000.0,
        "Net Income Common Stockholders": 2077000.0,
        "Net Income": 2077000.0,
        "Net Income Including Noncontrolling Interests": 2077000.0,
        "Net Income Continuous Operations": 2077000.0,
        "Tax Provision": 3000.0,
        "Pretax Income": 2080000.0,
        "Other Income Expense": -156000.0,
        "Other Non Operating Income Expenses": 2000.0,
        "Earnings From Equity Interest": 62000.0,
        "Gain On Sale Of Security": -220000.0,
        "Net Non Operating Interest Income Expense": 323000.0,
        "Total Other Finance Cost": NaN,
        "Interest Income Non Operating": 323000.0,
        "Operating Income": 1913000.0,
        "Operating Expense": 10647000.0,
        "Other Operating Expenses": 10647000.0,
        "Gross Profit": 12560000.0,
        "Cost Of Revenue": 7709000.0,
        "Total Revenue": 20269000.0,
        "Operating Revenue": 20269000.0
    },
    "2024-08-31": {
        "Tax Effect Of Unusual Items": -103.0,
        "Tax Rate For Calcs": 0.001,
        "Normalized EBITDA": 1037000.0,
        "Total Unusual Items": -103000.0,
        "Total Unusual Items Excluding Goodwill": -103000.0,
        "Net Income From Continuing Operation Net Minority Interest": 1025000.0,
        "Reconciled Depreciation": 106000.0,
        "Reconciled Cost Of Revenue": 7842000.0,
        "EBITDA": 934000.0,
        "EBIT": 828000.0,
        "Net Interest Income": 281000.0,
        "Interest Income": 281000.0,
        "Normalized Income": 1127897.0,
        "Net Income From Continuing And Discontinued Operation": 1025000.0,
        "Total Expenses": 20026000.0,
        "Total Operating Income As Reported": 828000.0,
        "Diluted Average Shares": 23410159.0,
        "Basic Average Shares": 22758155.0,
        "Diluted EPS": 0.04,
        "Basic EPS": 0.05,
        "Diluted NI Availto Com Stockholders": 1025000.0,
        "Net Income Common Stockholders": 1025000.0,
        "Net Income": 1025000.0,
        "Net Income Including Noncontrolling Interests": 1025000.0,
        "Net Income Continuous Operations": 1025000.0,
        "Tax Provision": -78000.0,
        "Pretax Income": 947000.0,
        "Other Income Expense": -162000.0,
        "Other Non Operating Income Expenses": 3000.0,
        "Earnings From Equity Interest": -62000.0,
        "Gain On Sale Of Security": -103000.0,
        "Net Non Operating Interest Income Expense": 281000.0,
        "Total Other Finance Cost": NaN,
        "Interest Income Non Operating": 281000.0,
        "Operating Income": 828000.0,
        "Operating Expense": 12184000.0,
        "Other Operating Expenses": 12184000.0,
        "Gross Profit": 13012000.0,
        "Cost Of Revenue": 7842000.0,
        "Total Revenue": 20854000.0,
        "Operating Revenue": 20854000.0
    },
    "2024-11-30": {
        "Tax Effect Of Unusual Items": -40950.0,
        "Tax Rate For Calcs": 0.21,
        "Normalized EBITDA": 4666000.0,
        "Total Unusual Items": -195000.0,
        "Total Unusual Items Excluding Goodwill": -195000.0,
        "Net Income From Continuing Operation Net Minority Interest": 9672000.0,
        "Reconciled Depreciation": 378000.0,
        "Reconciled Cost Of Revenue": 10418000.0,
        "EBITDA": 4471000.0,
        "EBIT": 4093000.0,
        "Net Interest Income": 141000.0,
        "Interest Income": 141000.0,
        "Normalized Income": 9826050.0,
        "Net Income From Continuing And Discontinued Operation": 9672000.0,
        "Total Expenses": 23886000.0,
        "Total Operating Income As Reported": 4093000.0,
        "Diluted Average Shares": 23754328.0,
        "Basic Average Shares": 22514644.0,
        "Diluted EPS": 0.41,
        "Basic EPS": 0.43,
        "Diluted NI Availto Com Stockholders": 9672000.0,
        "Net Income Common Stockholders": 9672000.0,
        "Net Income": 9672000.0,
        "Net Income Including Noncontrolling Interests": 9672000.0,
        "Net Income Continuous Operations": 9672000.0,
        "Tax Provision": -5633000.0,
        "Pretax Income": 4039000.0,
        "Other Income Expense": -195000.0,
        "Other Non Operating Income Expenses": 0.0,
        "Earnings From Equity Interest": 0.0,
        "Gain On Sale Of Security": -195000.0,
        "Net Non Operating Interest Income Expense": 141000.0,
        "Total Other Finance Cost": NaN,
        "Interest Income Non Operating": 141000.0,
        "Operating Income": 4093000.0,
        "Operating Expense": 13468000.0,
        "Other Operating Expenses": 13468000.0,
        "Gross Profit": 17561000.0,
        "Cost Of Revenue": 10418000.0,
        "Total Revenue": 27979000.0,
        "Operating Revenue": 27979000.0
    },
    "2025-02-28": {
        "Tax Effect Of Unusual Items": -5120.0,
        "Tax Rate For Calcs": 0.064,
        "Normalized EBITDA": 2216000.0,
        "Total Unusual Items": -80000.0,
        "Total Unusual Items Excluding Goodwill": -80000.0,
        "Net Income From Continuing Operation Net Minority Interest": 1662000.0,
        "Reconciled Depreciation": 440000.0,
        "Reconciled Cost Of Revenue": 10266000.0,
        "EBITDA": 2136000.0,
        "EBIT": 1696000.0,
        "Net Interest Income": 186000.0,
        "Interest Income": 186000.0,
        "Normalized Income": 1736880.0,
        "Net Income From Continuing And Discontinued Operation": 1662000.0,
        "Total Expenses": 24494000.0,
        "Total Operating Income As Reported": 1696000.0,
        "Diluted Average Shares": 24098635.0,
        "Basic Average Shares": 22587099.0,
        "Diluted EPS": 0.07,
        "Basic EPS": 0.07,
        "Diluted NI Availto Com Stockholders": 1662000.0,
        "Net Income Common Stockholders": 1662000.0,
        "Net Income": 1662000.0,
        "Net Income Including Noncontrolling Interests": 1662000.0,
        "Net Income Continuous Operations": 1662000.0,
        "Tax Provision": 140000.0,
        "Pretax Income": 1802000.0,
        "Other Income Expense": -80000.0,
        "Other Non Operating Income Expenses": NaN,
        "Earnings From Equity Interest": 0.0,
        "Gain On Sale Of Security": -80000.0,
        "Net Non Operating Interest Income Expense": 186000.0,
        "Total Other Finance Cost": NaN,
        "Interest Income Non Operating": 186000.0,
        "Operating Income": 1696000.0,
        "Operating Expense": 14228000.0,
        "Other Operating Expenses": 14228000.0,
        "Gross Profit": 15924000.0,
        "Cost Of Revenue": 10266000.0,
        "Total Revenue": 26190000.0,
        "Operating Revenue": 26190000.0
    }
}