{
    "2022-06-30": {
        "Diluted EPS": 0.0,
        "Total Revenue": NaN,
        "Gross Profit": NaN,
        "Operating Income": NaN,
        "Net Income": NaN
    },
    "2021-12-31": {
        "Diluted EPS": -0.24,
        "Total Revenue": 0,
        "Gross Profit": 0,
        "Operating Income": -10,
        "EBIT": -10,
        "Net Income": -10
    },
    "2021-09-30": {
        "Diluted EPS": -0.47,
        "Total Revenue": 0,
        "Gross Profit": 0,
        "Operating Income": -18,
        "EBIT": -18,
        "Net Income": -18
    },
    "2021-06-30": {
        "Diluted EPS": -0.49,
        "Total Revenue": 0,
        "Gross Profit": 0,
        "Operating Income": -20,
        "EBIT": -20,
        "Net Income": -19
    },
    "2021-03-31": {
        "Diluted EPS": -0.44,
        "Total Revenue": 0,
        "Gross Profit": 0,
        "Operating Income": -17,
        "EBIT": -17,
        "Net Income": -17
    },
    "2020-12-31": {
        "Diluted EPS": -0.51,
        "Total Revenue": NaN,
        "Gross Profit": NaN,
        "Operating Income": -19,
        "EBIT": -19,
        "Net Income": -18
    },
    "2020-09-30": {
        "Diluted EPS": -0.48,
        "Total Revenue": NaN,
        "Gross Profit": NaN,
        "Operating Income": -15,
        "EBIT": -15,
        "Net Income": -15
    },
    "2020-06-30": {
        "Diluted EPS": -0.46,
        "Total Revenue": NaN,
        "Gross Profit": NaN,
        "Operating Income": -14,
        "EBIT": -14,
        "Net Income": -13
    },
    "2020-03-31": {
        "Diluted EPS": -0.58,
        "Total Revenue": NaN,
        "Gross Profit": NaN,
        "Operating Income": -17,
        "EBIT": -17,
        "Net Income": -16
    },
    "2019-12-31": {
        "Diluted EPS": -0.54,
        "Total Revenue": NaN,
        "Gross Profit": NaN,
        "Operating Income": -15,
        "EBIT": -15,
        "Net Income": -14
    },
    "2019-09-30": {
        "Diluted EPS": -0.37,
        "Total Revenue": NaN,
        "Gross Profit": NaN,
        "Operating Income": -10,
        "EBIT": -10,
        "Net Income": -9
    },
    "2019-06-30": {
        "Diluted EPS": -0.32,
        "Total Revenue": NaN,
        "Gross Profit": NaN,
        "Operating Income": -7,
        "EBIT": -7,
        "Net Income": -7
    },
    "2019-03-31": {
        "Diluted EPS": -0.32,
        "Total Revenue": NaN,
        "Gross Profit": NaN,
        "Operating Income": -8,
        "EBIT": -8,
        "Net Income": -7
    },
    "2018-12-31": {
        "Diluted EPS": -0.62,
        "Total Revenue": NaN,
        "Gross Profit": NaN,
        "Operating Income": -15,
        "EBIT": -15,
        "Net Income": -14
    },
    "2018-09-30": {
        "Diluted EPS": -0.65,
        "Total Revenue": NaN,
        "Gross Profit": NaN,
        "Operating Income": -16,
        "EBIT": -16,
        "Net Income": -15
    },
    "2018-06-30": {
        "Diluted EPS": -0.54,
        "Total Revenue": NaN,
        "Gross Profit": NaN,
        "Operating Income": -12,
        "EBIT": -12,
        "Net Income": -12
    },
    "2018-03-31": {
        "Diluted EPS": -0.61,
        "Total Revenue": NaN,
        "Gross Profit": NaN,
        "Operating Income": -15,
        "EBIT": -15,
        "Net Income": -14
    },
    "2017-12-31": {
        "Diluted EPS": -0.45,
        "Total Revenue": NaN,
        "Gross Profit": NaN,
        "Operating Income": -17,
        "EBIT": -17,
        "Net Income": -15
    },
    "2017-09-30": {
        "Diluted EPS": -0.68,
        "Total Revenue": NaN,
        "Gross Profit": NaN,
        "Operating Income": -19,
        "EBIT": -19,
        "Net Income": -16
    },
    "2017-06-30": {
        "Diluted EPS": -0.61,
        "Total Revenue": NaN,
        "Gross Profit": NaN,
        "Operating Income": -15,
        "EBIT": -15,
        "Net Income": -13
    },
    "2017-03-31": {
        "Diluted EPS": -2.66,
        "Total Revenue": NaN,
        "Gross Profit": NaN,
        "Operating Income": -48,
        "EBIT": -48,
        "Net Income": -47
    },
    "2016-12-31": {
        "Diluted EPS": 0.0,
        "Total Revenue": NaN,
        "Gross Profit": NaN,
        "Operating Income": NaN,
        "EBIT": NaN,
        "Net Income": NaN
    },
    "2016-09-30": {
        "Diluted EPS": -0.19,
        "Total Revenue": NaN,
        "Gross Profit": NaN,
        "Operating Income": -3,
        "EBIT": -3,
        "Net Income": -3
    },
    "2016-03-31": {
        "Diluted EPS": -0.12,
        "Total Revenue": NaN,
        "Gross Profit": NaN,
        "Operating Income": -2,
        "EBIT": -2,
        "Net Income": -2
    },
    "2015-12-31": {
        "Diluted EPS": 0.0,
        "Total Revenue": NaN,
        "Gross Profit": NaN,
        "Operating Income": NaN,
        "EBIT": NaN,
        "Net Income": NaN
    },
    "2014-12-31": {
        "Diluted EPS": 0.0,
        "Total Revenue": NaN,
        "Gross Profit": NaN,
        "Operating Income": NaN,
        "EBIT": NaN,
        "Net Income": NaN
    },
    "2025-03-31": {
        "Tax Effect Of Unusual Items": 6090.0,
        "Tax Rate For Calcs": 0.21,
        "Normalized EBITDA": -2559000.0,
        "Total Unusual Items": 29000.0,
        "Total Unusual Items Excluding Goodwill": 29000.0,
        "Net Income From Continuing Operation Net Minority Interest": 723000.0,
        "Reconciled Depreciation": 80000.0,
        "EBITDA": -2530000.0,
        "EBIT": -2610000.0,
        "Net Interest Income": 17000.0,
        "Interest Income": 17000.0,
        "Normalized Income": 700090.0,
        "Net Income From Continuing And Discontinued Operation": 4477000.0,
        "Total Expenses": 2610000.0,
        "Total Operating Income As Reported": -2610000.0,
        "Diluted Average Shares": 40316320.0,
        "Basic Average Shares": 40316320.0,
        "Diluted EPS": 0.11,
        "Basic EPS": 0.11,
        "Diluted NI Availto Com Stockholders": 4477000.0,
        "Net Income Common Stockholders": 4477000.0,
        "Net Income": 4477000.0,
        "Minority Interests": 3307000.0,
        "Net Income Including Noncontrolling Interests": 1170000.0,
        "Net Income Discontinuous Operations": 3754000.0,
        "Net Income Continuous Operations": -2584000.0,
        "Tax Provision": 20000.0,
        "Pretax Income": -2564000.0,
        "Other Income Expense": 29000.0,
        "Other Non Operating Income Expenses": NaN,
        "Gain On Sale Of Security": 29000.0,
        "Net Non Operating Interest Income Expense": 17000.0,
        "Interest Income Non Operating": 17000.0,
        "Operating Income": -2610000.0,
        "Operating Expense": 2610000.0,
        "Research And Development": 874000.0,
        "Selling General And Administration": 1736000.0,
        "General And Administrative Expense": 1736000.0,
        "Other Gand A": 1736000.0,
        "Total Revenue": 0.0,
        "Operating Revenue": 0.0
    },
    "2024-06-30": {
        "Tax Effect Of Unusual Items": NaN,
        "Tax Rate For Calcs": NaN,
        "Normalized EBITDA": NaN,
        "Total Unusual Items": NaN,
        "Total Unusual Items Excluding Goodwill": NaN,
        "Net Income From Continuing Operation Net Minority Interest": NaN,
        "Reconciled Depreciation": NaN,
        "EBITDA": NaN,
        "EBIT": NaN,
        "Net Interest Income": NaN,
        "Interest Income": NaN,
        "Normalized Income": NaN,
        "Net Income From Continuing And Discontinued Operation": NaN,
        "Total Expenses": NaN,
        "Total Operating Income As Reported": NaN,
        "Diluted Average Shares": 39280607.0,
        "Basic Average Shares": 39280607.0,
        "Diluted EPS": -0.1,
        "Basic EPS": -0.1,
        "Diluted NI Availto Com Stockholders": NaN,
        "Net Income Common Stockholders": NaN,
        "Net Income": NaN,
        "Minority Interests": NaN,
        "Net Income Including Noncontrolling Interests": NaN,
        "Net Income Discontinuous Operations": NaN,
        "Net Income Continuous Operations": NaN,
        "Tax Provision": NaN,
        "Pretax Income": NaN,
        "Other Income Expense": NaN,
        "Other Non Operating Income Expenses": 1000.0,
        "Gain On Sale Of Security": NaN,
        "Net Non Operating Interest Income Expense": NaN,
        "Interest Income Non Operating": NaN,
        "Operating Income": NaN,
        "Operating Expense": NaN,
        "Research And Development": NaN,
        "Selling General And Administration": NaN,
        "General And Administrative Expense": NaN,
        "Other Gand A": NaN,
        "Total Revenue": NaN,
        "Operating Revenue": NaN
    },
    "2024-03-31": {
        "Tax Effect Of Unusual Items": NaN,
        "Tax Rate For Calcs": NaN,
        "Normalized EBITDA": NaN,
        "Total Unusual Items": NaN,
        "Total Unusual Items Excluding Goodwill": NaN,
        "Net Income From Continuing Operation Net Minority Interest": NaN,
        "Reconciled Depreciation": NaN,
        "EBITDA": NaN,
        "EBIT": NaN,
        "Net Interest Income": NaN,
        "Interest Income": NaN,
        "Normalized Income": NaN,
        "Net Income From Continuing And Discontinued Operation": NaN,
        "Total Expenses": NaN,
        "Total Operating Income As Reported": NaN,
        "Diluted Average Shares": NaN,
        "Basic Average Shares": NaN,
        "Diluted EPS": NaN,
        "Basic EPS": NaN,
        "Diluted NI Availto Com Stockholders": NaN,
        "Net Income Common Stockholders": NaN,
        "Net Income": NaN,
        "Minority Interests": NaN,
        "Net Income Including Noncontrolling Interests": NaN,
        "Net Income Discontinuous Operations": NaN,
        "Net Income Continuous Operations": NaN,
        "Tax Provision": NaN,
        "Pretax Income": NaN,
        "Other Income Expense": NaN,
        "Other Non Operating Income Expenses": 7000.0,
        "Gain On Sale Of Security": NaN,
        "Net Non Operating Interest Income Expense": NaN,
        "Interest Income Non Operating": NaN,
        "Operating Income": NaN,
        "Operating Expense": NaN,
        "Research And Development": NaN,
        "Selling General And Administration": NaN,
        "General And Administrative Expense": NaN,
        "Other Gand A": NaN,
        "Total Revenue": NaN,
        "Operating Revenue": NaN
    },
    "2025-06-30": {
        "Tax Effect Of Unusual Items": 9870.0,
        "Tax Rate For Calcs": 0.21,
        "Normalized EBITDA": -1914000.0,
        "Total Unusual Items": 47000.0,
        "Total Unusual Items Excluding Goodwill": 47000.0,
        "Net Income From Continuing Operation Net Minority Interest": 965000.0,
        "Reconciled Depreciation": 82000.0,
        "EBITDA": -1867000.0,
        "EBIT": -1949000.0,
        "Net Interest Income": 28000.0,
        "Interest Income": 28000.0,
        "Normalized Income": 927870.0,
        "Net Income From Continuing And Discontinued Operation": -1806000.0,
        "Total Expenses": 1949000.0,
        "Total Operating Income As Reported": -1949000.0,
        "Diluted Average Shares": 40316320.0,
        "Basic Average Shares": 40316320.0,
        "Diluted EPS": -0.04,
        "Basic EPS": -0.04,
        "Diluted NI Availto Com Stockholders": -1806000.0,
        "Net Income Common Stockholders": -1806000.0,
        "Net Income": -1806000.0,
        "Minority Interests": 2843000.0,
        "Net Income Including Noncontrolling Interests": -4649000.0,
        "Net Income Discontinuous Operations": -2771000.0,
        "Net Income Continuous Operations": -1878000.0,
        "Tax Provision": 22000.0,
        "Pretax Income": -1856000.0,
        "Other Income Expense": 65000.0,
        "Other Non Operating Income Expenses": 18000.0,
        "Gain On Sale Of Security": 47000.0,
        "Net Non Operating Interest Income Expense": 28000.0,
        "Interest Income Non Operating": 28000.0,
        "Operating Income": -1949000.0,
        "Operating Expense": 1949000.0,
        "Research And Development": 1002000.0,
        "Selling General And Administration": 947000.0,
        "General And Administrative Expense": 947000.0,
        "Other Gand A": 947000.0,
        "Total Revenue": 0.0,
        "Operating Revenue": 0.0
    },
    "2025-09-30": {
        "Tax Effect Of Unusual Items": 5040.0,
        "Tax Rate For Calcs": 0.21,
        "Normalized EBITDA": -1733000.0,
        "Total Unusual Items": 24000.0,
        "Total Unusual Items Excluding Goodwill": 24000.0,
        "Net Income From Continuing Operation Net Minority Interest": 1661000.0,
        "Reconciled Depreciation": 81000.0,
        "EBITDA": -1709000.0,
        "EBIT": -1790000.0,
        "Net Interest Income": 19000.0,
        "Interest Income": 19000.0,
        "Normalized Income": 1642040.0,
        "Net Income From Continuing And Discontinued Operation": -1540000.0,
        "Total Expenses": 1790000.0,
        "Total Operating Income As Reported": -1790000.0,
        "Diluted Average Shares": 40317266.0,
        "Basic Average Shares": 40317266.0,
        "Diluted EPS": -0.04,
        "Basic EPS": -0.04,
        "Diluted NI Availto Com Stockholders": -1540000.0,
        "Net Income Common Stockholders": -1540000.0,
        "Net Income": -1540000.0,
        "Minority Interests": 3404000.0,
        "Net Income Including Noncontrolling Interests": -4944000.0,
        "Net Income Discontinuous Operations": -3201000.0,
        "Net Income Continuous Operations": -1743000.0,
        "Tax Provision": 26000.0,
        "Pretax Income": -1717000.0,
        "Other Income Expense": 54000.0,
        "Other Non Operating Income Expenses": 30000.0,
        "Gain On Sale Of Security": 24000.0,
        "Net Non Operating Interest Income Expense": 19000.0,
        "Interest Income Non Operating": 19000.0,
        "Operating Income": -1790000.0,
        "Operating Expense": 1790000.0,
        "Research And Development": 1039000.0,
        "Selling General And Administration": 751000.0,
        "General And Administrative Expense": 751000.0,
        "Other Gand A": 751000.0,
        "Total Revenue": 0.0,
        "Operating Revenue": 0.0
    },
    "2024-12-31": {
        "Tax Effect Of Unusual Items": -29610.0,
        "Tax Rate For Calcs": 0.21,
        "Normalized EBITDA": -1539000.0,
        "Total Unusual Items": -141000.0,
        "Total Unusual Items Excluding Goodwill": -141000.0,
        "Net Income From Continuing Operation Net Minority Interest": 1095000.0,
        "Reconciled Depreciation": 20000.0,
        "EBITDA": -1680000.0,
        "EBIT": -1700000.0,
        "Net Interest Income": 4000.0,
        "Interest Income": 4000.0,
        "Normalized Income": 1206390.0,
        "Net Income From Continuing And Discontinued Operation": -1729000.0,
        "Total Expenses": 1700000.0,
        "Total Operating Income As Reported": -1700000.0,
        "Diluted Average Shares": NaN,
        "Basic Average Shares": NaN,
        "Diluted EPS": NaN,
        "Basic EPS": NaN,
        "Diluted NI Availto Com Stockholders": -1729000.0,
        "Net Income Common Stockholders": -1729000.0,
        "Net Income": -1729000.0,
        "Minority Interests": 3014000.0,
        "Net Income Including Noncontrolling Interests": -4743000.0,
        "Net Income Discontinuous Operations": -2824000.0,
        "Net Income Continuous Operations": -1919000.0,
        "Tax Provision": 96000.0,
        "Pretax Income": -1823000.0,
        "Other Income Expense": -127000.0,
        "Other Non Operating Income Expenses": 14000.0,
        "Gain On Sale Of Security": -141000.0,
        "Net Non Operating Interest Income Expense": 4000.0,
        "Interest Income Non Operating": 4000.0,
        "Operating Income": -1700000.0,
        "Operating Expense": 1700000.0,
        "Research And Development": 472000.0,
        "Selling General And Administration": 1228000.0,
        "General And Administrative Expense": 1228000.0,
        "Other Gand A": 1228000.0,
        "Total Revenue": 0.0,
        "Operating Revenue": 0.0
    },
    "2024-09-30": {
        "Tax Effect Of Unusual Items": 0.0,
        "Tax Rate For Calcs": 0.0,
        "Normalized EBITDA": -2403000.0,
        "Total Unusual Items": 128000.0,
        "Total Unusual Items Excluding Goodwill": 128000.0,
        "Net Income From Continuing Operation Net Minority Interest": 226000.0,
        "Reconciled Depreciation": 83000.0,
        "EBITDA": -2275000.0,
        "EBIT": -2358000.0,
        "Net Interest Income": 15000.0,
        "Interest Income": 15000.0,
        "Normalized Income": 98000.0,
        "Net Income From Continuing And Discontinued Operation": -2132000.0,
        "Total Expenses": 2358000.0,
        "Total Operating Income As Reported": -2358000.0,
        "Diluted Average Shares": 40300350.0,
        "Basic Average Shares": 40300350.0,
        "Diluted EPS": -0.05,
        "Basic EPS": -0.05,
        "Diluted NI Availto Com Stockholders": -2132000.0,
        "Net Income Common Stockholders": -2132000.0,
        "Net Income": -2132000.0,
        "Minority Interests": 2441000.0,
        "Net Income Including Noncontrolling Interests": -4573000.0,
        "Net Income Discontinuous Operations": -2358000.0,
        "Net Income Continuous Operations": -2215000.0,
        "Tax Provision": 0.0,
        "Pretax Income": -2215000.0,
        "Other Income Expense": 128000.0,
        "Other Non Operating Income Expenses": NaN,
        "Gain On Sale Of Security": 128000.0,
        "Net Non Operating Interest Income Expense": 15000.0,
        "Interest Income Non Operating": 15000.0,
        "Operating Income": -2358000.0,
        "Operating Expense": 2358000.0,
        "Research And Development": 622000.0,
        "Selling General And Administration": 1736000.0,
        "General And Administrative Expense": 1736000.0,
        "Other Gand A": 1736000.0,
        "Total Revenue": 0.0,
        "Operating Revenue": 0.0
    }
}