{
    "2023-03-31": {
        "Tax Effect Of Unusual Items": NaN,
        "Tax Rate For Calcs": NaN,
        "Normalized EBITDA": NaN,
        "Total Unusual Items": NaN,
        "Total Unusual Items Excluding Goodwill": NaN,
        "Net Income From Continuing Operation Net Minority Interest": NaN,
        "Reconciled Cost Of Revenue": NaN,
        "EBITDA": NaN,
        "EBIT": NaN,
        "Net Interest Income": NaN,
        "Interest Income": NaN,
        "Normalized Income": NaN,
        "Net Income From Continuing And Discontinued Operation": NaN,
        "Total Expenses": NaN,
        "Total Operating Income As Reported": NaN,
        "Diluted Average Shares": NaN,
        "Basic Average Shares": NaN,
        "Diluted EPS": NaN,
        "Basic EPS": NaN,
        "Diluted NI Availto Com Stockholders": NaN,
        "Net Income Common Stockholders": NaN,
        "Net Income": NaN,
        "Minority Interests": 0.0,
        "Net Income Including Noncontrolling Interests": NaN,
        "Net Income Continuous Operations": NaN,
        "Tax Provision": NaN,
        "Pretax Income": NaN,
        "Other Income Expense": NaN,
        "Other Non Operating Income Expenses": NaN,
        "Gain On Sale Of Security": NaN,
        "Net Non Operating Interest Income Expense": NaN,
        "Interest Income Non Operating": NaN,
        "Operating Income": NaN,
        "Operating Expense": NaN,
        "Other Operating Expenses": NaN,
        "Research And Development": NaN,
        "Selling General And Administration": NaN,
        "Selling And Marketing Expense": NaN,
        "General And Administrative Expense": NaN,
        "Other Gand A": NaN,
        "Gross Profit": NaN,
        "Cost Of Revenue": NaN,
        "Total Revenue": NaN,
        "Operating Revenue": NaN
    },
    "2022-12-31": {
        "Tax Effect Of Unusual Items": NaN,
        "Tax Rate For Calcs": NaN,
        "Normalized EBITDA": NaN,
        "Total Unusual Items": NaN,
        "Total Unusual Items Excluding Goodwill": NaN,
        "Net Income From Continuing Operation Net Minority Interest": NaN,
        "Reconciled Cost Of Revenue": NaN,
        "EBITDA": NaN,
        "EBIT": NaN,
        "Net Interest Income": NaN,
        "Interest Income": NaN,
        "Normalized Income": NaN,
        "Net Income From Continuing And Discontinued Operation": NaN,
        "Total Expenses": NaN,
        "Total Operating Income As Reported": NaN,
        "Diluted Average Shares": NaN,
        "Basic Average Shares": NaN,
        "Diluted EPS": NaN,
        "Basic EPS": NaN,
        "Diluted NI Availto Com Stockholders": NaN,
        "Net Income Common Stockholders": NaN,
        "Otherunder Preferred Stock Dividend": 0.0,
        "Net Income": NaN,
        "Minority Interests": NaN,
        "Net Income Including Noncontrolling Interests": NaN,
        "Net Income Continuous Operations": NaN,
        "Tax Provision": NaN,
        "Pretax Income": NaN,
        "Other Income Expense": NaN,
        "Other Non Operating Income Expenses": NaN,
        "Gain On Sale Of Security": NaN,
        "Net Non Operating Interest Income Expense": NaN,
        "Interest Income Non Operating": NaN,
        "Operating Income": NaN,
        "Operating Expense": NaN,
        "Other Operating Expenses": NaN,
        "Research And Development": NaN,
        "Selling General And Administration": NaN,
        "Selling And Marketing Expense": NaN,
        "General And Administrative Expense": NaN,
        "Other Gand A": NaN,
        "Gross Profit": NaN,
        "Cost Of Revenue": NaN,
        "Total Revenue": NaN,
        "Operating Revenue": NaN
    },
    "2022-09-30": {
        "Tax Effect Of Unusual Items": NaN,
        "Tax Rate For Calcs": NaN,
        "Normalized EBITDA": NaN,
        "Total Unusual Items": NaN,
        "Total Unusual Items Excluding Goodwill": NaN,
        "Net Income From Continuing Operation Net Minority Interest": NaN,
        "Reconciled Cost Of Revenue": NaN,
        "EBITDA": NaN,
        "EBIT": NaN,
        "Net Interest Income": NaN,
        "Interest Income": NaN,
        "Normalized Income": NaN,
        "Net Income From Continuing And Discontinued Operation": NaN,
        "Total Expenses": NaN,
        "Total Operating Income As Reported": NaN,
        "Diluted Average Shares": NaN,
        "Basic Average Shares": NaN,
        "Diluted EPS": NaN,
        "Basic EPS": NaN,
        "Diluted NI Availto Com Stockholders": NaN,
        "Net Income Common Stockholders": NaN,
        "Otherunder Preferred Stock Dividend": 0.0,
        "Net Income": NaN,
        "Minority Interests": NaN,
        "Net Income Including Noncontrolling Interests": NaN,
        "Net Income Continuous Operations": NaN,
        "Tax Provision": NaN,
        "Pretax Income": NaN,
        "Other Income Expense": NaN,
        "Other Non Operating Income Expenses": NaN,
        "Gain On Sale Of Security": NaN,
        "Net Non Operating Interest Income Expense": NaN,
        "Interest Income Non Operating": NaN,
        "Operating Income": NaN,
        "Operating Expense": NaN,
        "Other Operating Expenses": NaN,
        "Research And Development": NaN,
        "Selling General And Administration": NaN,
        "Selling And Marketing Expense": NaN,
        "General And Administrative Expense": NaN,
        "Other Gand A": NaN,
        "Gross Profit": NaN,
        "Cost Of Revenue": NaN,
        "Total Revenue": NaN,
        "Operating Revenue": NaN
    },
    "2022-06-30": {
        "Tax Effect Of Unusual Items": 213901.784195,
        "Tax Rate For Calcs": 0.016534,
        "Normalized EBITDA": 63351000.0,
        "Total Unusual Items": 12937000.0,
        "Total Unusual Items Excluding Goodwill": 12937000.0,
        "Net Income From Continuing Operation Net Minority Interest": 92493000.0,
        "Reconciled Cost Of Revenue": 174230000.0,
        "EBITDA": 76288000.0,
        "EBIT": 76288000.0,
        "Net Interest Income": 20508000.0,
        "Interest Income": 20508000.0,
        "Normalized Income": 79769901.784195,
        "Net Income From Continuing And Discontinued Operation": 92493000.0,
        "Total Expenses": 1036056000.0,
        "Total Operating Income As Reported": 76288000.0,
        "Diluted Average Shares": 456170941.0,
        "Basic Average Shares": 434611492.0,
        "Diluted EPS": 0.2,
        "Basic EPS": 0.22,
        "Diluted NI Availto Com Stockholders": 92493000.0,
        "Net Income Common Stockholders": 92493000.0,
        "Otherunder Preferred Stock Dividend": 0.0,
        "Net Income": 92493000.0,
        "Net Income Including Noncontrolling Interests": 92493000.0,
        "Net Income Continuous Operations": 92493000.0,
        "Tax Provision": 1555000.0,
        "Pretax Income": 94048000.0,
        "Other Income Expense": -2748000.0,
        "Other Non Operating Income Expenses": -15685000.0,
        "Gain On Sale Of Security": 12937000.0,
        "Net Non Operating Interest Income Expense": 20508000.0,
        "Interest Income Non Operating": 20508000.0,
        "Operating Income": 76288000.0,
        "Operating Expense": 861826000.0,
        "Other Operating Expenses": -652000.0,
        "Research And Development": 307686000.0,
        "Selling General And Administration": 559874000.0,
        "Selling And Marketing Expense": 399526000.0,
        "General And Administrative Expense": 160348000.0,
        "Other Gand A": 160348000.0,
        "Gross Profit": 938114000.0,
        "Cost Of Revenue": 174230000.0,
        "Total Revenue": 1112344000.0,
        "Operating Revenue": 1099866000.0
    },
    "2023-06-30": {
        "Tax Effect Of Unusual Items": NaN,
        "Tax Rate For Calcs": NaN,
        "Normalized EBITDA": NaN,
        "Total Unusual Items": NaN,
        "Total Unusual Items Excluding Goodwill": NaN,
        "Net Income From Continuing Operation Net Minority Interest": NaN,
        "Reconciled Cost Of Revenue": NaN,
        "EBITDA": NaN,
        "EBIT": NaN,
        "Net Interest Income": NaN,
        "Interest Income": NaN,
        "Normalized Income": NaN,
        "Net Income From Continuing And Discontinued Operation": NaN,
        "Total Expenses": NaN,
        "Total Operating Income As Reported": NaN,
        "Diluted Average Shares": NaN,
        "Basic Average Shares": NaN,
        "Diluted EPS": NaN,
        "Basic EPS": NaN,
        "Diluted NI Availto Com Stockholders": NaN,
        "Net Income Common Stockholders": NaN,
        "Net Income": NaN,
        "Minority Interests": 0.0,
        "Net Income Including Noncontrolling Interests": NaN,
        "Net Income Continuous Operations": NaN,
        "Tax Provision": NaN,
        "Pretax Income": NaN,
        "Other Income Expense": NaN,
        "Other Non Operating Income Expenses": NaN,
        "Gain On Sale Of Security": NaN,
        "Net Non Operating Interest Income Expense": NaN,
        "Interest Income Non Operating": NaN,
        "Operating Income": NaN,
        "Operating Expense": NaN,
        "Other Operating Expenses": NaN,
        "Research And Development": NaN,
        "Selling General And Administration": NaN,
        "Selling And Marketing Expense": NaN,
        "General And Administrative Expense": NaN,
        "Other Gand A": NaN,
        "Gross Profit": NaN,
        "Cost Of Revenue": NaN,
        "Total Revenue": NaN,
        "Operating Revenue": NaN
    },
    "2023-09-30": {
        "Tax Effect Of Unusual Items": NaN,
        "Tax Rate For Calcs": NaN,
        "Normalized EBITDA": NaN,
        "Total Unusual Items": NaN,
        "Total Unusual Items Excluding Goodwill": NaN,
        "Net Income From Continuing Operation Net Minority Interest": NaN,
        "Reconciled Cost Of Revenue": NaN,
        "EBITDA": NaN,
        "EBIT": NaN,
        "Net Interest Income": NaN,
        "Interest Income": NaN,
        "Normalized Income": NaN,
        "Net Income From Continuing And Discontinued Operation": NaN,
        "Total Expenses": NaN,
        "Total Operating Income As Reported": NaN,
        "Diluted Average Shares": 449859338.0,
        "Basic Average Shares": 435179264.0,
        "Diluted EPS": 0.94,
        "Basic EPS": 0.98,
        "Diluted NI Availto Com Stockholders": NaN,
        "Net Income Common Stockholders": NaN,
        "Net Income": NaN,
        "Minority Interests": 0.0,
        "Net Income Including Noncontrolling Interests": NaN,
        "Net Income Continuous Operations": NaN,
        "Tax Provision": NaN,
        "Pretax Income": NaN,
        "Other Income Expense": NaN,
        "Other Non Operating Income Expenses": NaN,
        "Gain On Sale Of Security": NaN,
        "Net Non Operating Interest Income Expense": NaN,
        "Interest Income Non Operating": NaN,
        "Operating Income": NaN,
        "Operating Expense": NaN,
        "Other Operating Expenses": NaN,
        "Research And Development": NaN,
        "Selling General And Administration": NaN,
        "Selling And Marketing Expense": NaN,
        "General And Administrative Expense": NaN,
        "Other Gand A": NaN,
        "Gross Profit": NaN,
        "Cost Of Revenue": NaN,
        "Total Revenue": NaN,
        "Operating Revenue": NaN
    },
    "2023-12-31": {
        "Tax Effect Of Unusual Items": -38508759.907795,
        "Tax Rate For Calcs": 0.129363,
        "Normalized EBITDA": 519933000.0,
        "Total Unusual Items": -297681000.0,
        "Total Unusual Items Excluding Goodwill": -297681000.0,
        "Net Income From Continuing Operation Net Minority Interest": 331250000.0,
        "Reconciled Cost Of Revenue": 274846000.0,
        "EBITDA": 222252000.0,
        "EBIT": 222252000.0,
        "Net Interest Income": 459887000.0,
        "Interest Income": 459887000.0,
        "Normalized Income": 590422240.092205,
        "Net Income From Continuing And Discontinued Operation": 331250000.0,
        "Total Expenses": 1357979000.0,
        "Total Operating Income As Reported": 222252000.0,
        "Diluted Average Shares": 451854662.0,
        "Basic Average Shares": 438115650.0,
        "Diluted EPS": 0.74,
        "Basic EPS": 0.76,
        "Diluted NI Availto Com Stockholders": 331250000.0,
        "Net Income Common Stockholders": 331250000.0,
        "Net Income": 331250000.0,
        "Minority Interests": NaN,
        "Net Income Including Noncontrolling Interests": 331241000.0,
        "Net Income Continuous Operations": 331241000.0,
        "Tax Provision": 49217000.0,
        "Pretax Income": 380458000.0,
        "Other Income Expense": -301681000.0,
        "Other Non Operating Income Expenses": -4000000.0,
        "Gain On Sale Of Security": -297681000.0,
        "Net Non Operating Interest Income Expense": 459887000.0,
        "Interest Income Non Operating": 459887000.0,
        "Operating Income": 222252000.0,
        "Operating Expense": 1083133000.0,
        "Other Operating Expenses": -5272000.0,
        "Research And Development": 430164000.0,
        "Selling General And Administration": 658241000.0,
        "Selling And Marketing Expense": 433454000.0,
        "General And Administrative Expense": 224787000.0,
        "Other Gand A": 224787000.0,
        "Gross Profit": 1305385000.0,
        "Cost Of Revenue": 274846000.0,
        "Total Revenue": 1580231000.0,
        "Operating Revenue": 1566722000.0
    },
    "2024-03-31": {
        "Tax Effect Of Unusual Items": NaN,
        "Tax Rate For Calcs": NaN,
        "Normalized EBITDA": NaN,
        "Total Unusual Items": NaN,
        "Total Unusual Items Excluding Goodwill": NaN,
        "Net Income From Continuing Operation Net Minority Interest": NaN,
        "Reconciled Cost Of Revenue": NaN,
        "EBITDA": NaN,
        "EBIT": NaN,
        "Net Interest Income": NaN,
        "Interest Income": NaN,
        "Normalized Income": NaN,
        "Net Income From Continuing And Discontinued Operation": NaN,
        "Total Expenses": NaN,
        "Total Operating Income As Reported": NaN,
        "Diluted Average Shares": 445215606.0,
        "Basic Average Shares": 445215606.0,
        "Diluted EPS": 0.542937,
        "Basic EPS": 0.542937,
        "Diluted NI Availto Com Stockholders": NaN,
        "Net Income Common Stockholders": NaN,
        "Net Income": NaN,
        "Minority Interests": 3227000.0,
        "Net Income Including Noncontrolling Interests": NaN,
        "Net Income Continuous Operations": NaN,
        "Tax Provision": NaN,
        "Pretax Income": NaN,
        "Other Income Expense": NaN,
        "Other Non Operating Income Expenses": NaN,
        "Gain On Sale Of Security": NaN,
        "Net Non Operating Interest Income Expense": NaN,
        "Interest Income Non Operating": NaN,
        "Operating Income": NaN,
        "Operating Expense": NaN,
        "Other Operating Expenses": NaN,
        "Research And Development": NaN,
        "Selling General And Administration": NaN,
        "Selling And Marketing Expense": NaN,
        "General And Administrative Expense": NaN,
        "Other Gand A": NaN,
        "Gross Profit": NaN,
        "Cost Of Revenue": NaN,
        "Total Revenue": NaN,
        "Operating Revenue": NaN
    },
    "2024-06-30": {
        "Tax Effect Of Unusual Items": 11680.943029,
        "Tax Rate For Calcs": 0.185412,
        "Normalized EBITDA": 358546000.0,
        "Total Unusual Items": 63000.0,
        "Total Unusual Items Excluding Goodwill": 63000.0,
        "Net Income From Continuing Operation Net Minority Interest": 421733000.0,
        "Reconciled Cost Of Revenue": 316532000.0,
        "EBITDA": 358609000.0,
        "EBIT": 358609000.0,
        "Net Interest Income": 153814000.0,
        "Interest Income": 153814000.0,
        "Normalized Income": 421681680.943029,
        "Net Income From Continuing And Discontinued Operation": 421733000.0,
        "Total Expenses": 1558134000.0,
        "Total Operating Income As Reported": 358609000.0,
        "Diluted Average Shares": 462026079.0,
        "Basic Average Shares": 444467220.0,
        "Diluted EPS": 0.92,
        "Basic EPS": 0.94,
        "Diluted NI Availto Com Stockholders": 421733000.0,
        "Net Income Common Stockholders": 421733000.0,
        "Net Income": 421733000.0,
        "Minority Interests": 4483000.0,
        "Net Income Including Noncontrolling Interests": 417250000.0,
        "Net Income Continuous Operations": 417250000.0,
        "Tax Provision": 94972000.0,
        "Pretax Income": 512222000.0,
        "Other Income Expense": -201000.0,
        "Other Non Operating Income Expenses": -264000.0,
        "Gain On Sale Of Security": 63000.0,
        "Net Non Operating Interest Income Expense": 153814000.0,
        "Interest Income Non Operating": 153814000.0,
        "Operating Income": 358609000.0,
        "Operating Expense": 1241602000.0,
        "Other Operating Expenses": -8506000.0,
        "Research And Development": 443729000.0,
        "Selling General And Administration": 806379000.0,
        "Selling And Marketing Expense": 545169000.0,
        "General And Administrative Expense": 261210000.0,
        "Other Gand A": 261210000.0,
        "Gross Profit": 1600211000.0,
        "Cost Of Revenue": 316532000.0,
        "Total Revenue": 1916743000.0,
        "Operating Revenue": 1892723000.0
    },
    "2024-09-30": {
        "Tax Effect Of Unusual Items": -3430.219561,
        "Tax Rate For Calcs": 0.118283,
        "Normalized EBITDA": 330212000.0,
        "Total Unusual Items": -29000.0,
        "Total Unusual Items Excluding Goodwill": -29000.0,
        "Net Income From Continuing Operation Net Minority Interest": 468372000.0,
        "Reconciled Cost Of Revenue": 314026000.0,
        "EBITDA": 330183000.0,
        "EBIT": 330183000.0,
        "Net Interest Income": 158948000.0,
        "Interest Income": 158948000.0,
        "Normalized Income": 468397569.780439,
        "Net Income From Continuing And Discontinued Operation": 468372000.0,
        "Total Expenses": 1581392000.0,
        "Total Operating Income As Reported": 330183000.0,
        "Diluted Average Shares": 453420864.0,
        "Basic Average Shares": 441881060.0,
        "Diluted EPS": 1.04,
        "Basic EPS": 1.06,
        "Diluted NI Availto Com Stockholders": 468372000.0,
        "Net Income Common Stockholders": 468372000.0,
        "Net Income": 468372000.0,
        "Minority Interests": 4545000.0,
        "Net Income Including Noncontrolling Interests": 463827000.0,
        "Net Income Continuous Operations": 463827000.0,
        "Tax Provision": 62223000.0,
        "Pretax Income": 526050000.0,
        "Other Income Expense": 36919000.0,
        "Other Non Operating Income Expenses": 36948000.0,
        "Gain On Sale Of Security": -29000.0,
        "Net Non Operating Interest Income Expense": 158948000.0,
        "Interest Income Non Operating": 158948000.0,
        "Operating Income": 330183000.0,
        "Operating Expense": 1267366000.0,
        "Other Operating Expenses": -5485000.0,
        "Research And Development": 464151000.0,
        "Selling General And Administration": 808700000.0,
        "Selling And Marketing Expense": 522268000.0,
        "General And Administrative Expense": 286432000.0,
        "Other Gand A": 286432000.0,
        "Gross Profit": 1597549000.0,
        "Cost Of Revenue": 314026000.0,
        "Total Revenue": 1911575000.0,
        "Operating Revenue": 1889102000.0
    },
    "2024-12-31": {
        "Tax Effect Of Unusual Items": -22390.266334,
        "Tax Rate For Calcs": 0.169623,
        "Normalized EBITDA": 380693000.0,
        "Total Unusual Items": -132000.0,
        "Total Unusual Items Excluding Goodwill": -132000.0,
        "Net Income From Continuing Operation Net Minority Interest": 449608000.0,
        "Reconciled Cost Of Revenue": 313715000.0,
        "EBITDA": 380561000.0,
        "EBIT": 380561000.0,
        "Net Interest Income": 156464000.0,
        "Interest Income": 156464000.0,
        "Normalized Income": 449717609.733666,
        "Net Income From Continuing And Discontinued Operation": 449608000.0,
        "Total Expenses": 1443045000.0,
        "Total Operating Income As Reported": 380561000.0,
        "Diluted Average Shares": 449357872.0,
        "Basic Average Shares": 437049746.0,
        "Diluted EPS": 1.0,
        "Basic EPS": 1.02,
        "Diluted NI Availto Com Stockholders": 449608000.0,
        "Net Income Common Stockholders": 449608000.0,
        "Net Income": 449608000.0,
        "Minority Interests": 5383000.0,
        "Net Income Including Noncontrolling Interests": 444225000.0,
        "Net Income Continuous Operations": 444225000.0,
        "Tax Provision": 90743000.0,
        "Pretax Income": 534968000.0,
        "Other Income Expense": -2057000.0,
        "Other Non Operating Income Expenses": -1925000.0,
        "Gain On Sale Of Security": -132000.0,
        "Net Non Operating Interest Income Expense": 156464000.0,
        "Interest Income Non Operating": 156464000.0,
        "Operating Income": 380561000.0,
        "Operating Expense": 1129330000.0,
        "Other Operating Expenses": -13210000.0,
        "Research And Development": 440360000.0,
        "Selling General And Administration": 702180000.0,
        "Selling And Marketing Expense": 426345000.0,
        "General And Administrative Expense": 275835000.0,
        "Other Gand A": 275835000.0,
        "Gross Profit": 1509891000.0,
        "Cost Of Revenue": 313715000.0,
        "Total Revenue": 1823606000.0,
        "Operating Revenue": 1804114000.0
    },
    "2025-03-31": {
        "Tax Effect Of Unusual Items": -73527.407463,
        "Tax Rate For Calcs": 0.129222,
        "Normalized EBITDA": 440354000.0,
        "Total Unusual Items": -569000.0,
        "Total Unusual Items Excluding Goodwill": -569000.0,
        "Net Income From Continuing Operation Net Minority Interest": 512094000.0,
        "Reconciled Cost Of Revenue": 310808000.0,
        "EBITDA": 439785000.0,
        "EBIT": 439785000.0,
        "Net Interest Income": 149489000.0,
        "Interest Income": 149489000.0,
        "Normalized Income": 512589472.592537,
        "Net Income From Continuing And Discontinued Operation": 512094000.0,
        "Total Expenses": 1483492000.0,
        "Total Operating Income As Reported": 439785000.0,
        "Diluted Average Shares": 439833938.0,
        "Basic Average Shares": 439833938.0,
        "Diluted EPS": 1.164289,
        "Basic EPS": 1.164289,
        "Diluted NI Availto Com Stockholders": 512094000.0,
        "Net Income Common Stockholders": 512094000.0,
        "Net Income": 512094000.0,
        "Minority Interests": 6040000.0,
        "Net Income Including Noncontrolling Interests": 512094000.0,
        "Net Income Continuous Operations": 512094000.0,
        "Tax Provision": 75994000.0,
        "Pretax Income": 588088000.0,
        "Other Income Expense": -1186000.0,
        "Other Non Operating Income Expenses": -617000.0,
        "Gain On Sale Of Security": -569000.0,
        "Net Non Operating Interest Income Expense": 149489000.0,
        "Interest Income Non Operating": 149489000.0,
        "Operating Income": 439785000.0,
        "Operating Expense": 1172684000.0,
        "Other Operating Expenses": -7622000.0,
        "Research And Development": 423568000.0,
        "Selling General And Administration": 756738000.0,
        "Selling And Marketing Expense": 491227000.0,
        "General And Administrative Expense": 265511000.0,
        "Other Gand A": 265511000.0,
        "Gross Profit": 1612469000.0,
        "Cost Of Revenue": 310808000.0,
        "Total Revenue": 1923277000.0,
        "Operating Revenue": 1901382000.0
    },
    "2025-06-30": {
        "Tax Effect Of Unusual Items": 74822.89776,
        "Tax Rate For Calcs": 0.120101,
        "Normalized EBITDA": 650578000.0,
        "Total Unusual Items": 623000.0,
        "Total Unusual Items Excluding Goodwill": 623000.0,
        "Net Income From Continuing Operation Net Minority Interest": 722438000.0,
        "Reconciled Cost Of Revenue": 307457000.0,
        "EBITDA": 651201000.0,
        "EBIT": 651201000.0,
        "Net Interest Income": 156972000.0,
        "Interest Income": 156972000.0,
        "Normalized Income": 721889822.89776,
        "Net Income From Continuing And Discontinued Operation": 722438000.0,
        "Total Expenses": 1451232000.0,
        "Total Operating Income As Reported": 651201000.0,
        "Diluted Average Shares": NaN,
        "Basic Average Shares": NaN,
        "Diluted EPS": NaN,
        "Basic EPS": NaN,
        "Diluted NI Availto Com Stockholders": 722438000.0,
        "Net Income Common Stockholders": 722438000.0,
        "Net Income": 722438000.0,
        "Minority Interests": NaN,
        "Net Income Including Noncontrolling Interests": 711174000.0,
        "Net Income Continuous Operations": 711174000.0,
        "Tax Provision": 97071000.0,
        "Pretax Income": 808245000.0,
        "Other Income Expense": 72000.0,
        "Other Non Operating Income Expenses": -551000.0,
        "Gain On Sale Of Security": 623000.0,
        "Net Non Operating Interest Income Expense": 156972000.0,
        "Interest Income Non Operating": 156972000.0,
        "Operating Income": 651201000.0,
        "Operating Expense": 1143775000.0,
        "Other Operating Expenses": -3118000.0,
        "Research And Development": 416046000.0,
        "Selling General And Administration": 730847000.0,
        "Selling And Marketing Expense": 419873000.0,
        "General And Administrative Expense": 310974000.0,
        "Other Gand A": 310974000.0,
        "Gross Profit": 1794976000.0,
        "Cost Of Revenue": 307457000.0,
        "Total Revenue": 2102433000.0,
        "Operating Revenue": 2077599000.0
    }
}