{
    "2023-06-30": {
        "Tax Effect Of Unusual Items": NaN,
        "Tax Rate For Calcs": NaN,
        "Total Unusual Items": NaN,
        "Total Unusual Items Excluding Goodwill": NaN,
        "Net Income From Continuing Operation Net Minority Interest": NaN,
        "Reconciled Depreciation": NaN,
        "Net Interest Income": NaN,
        "Interest Expense": NaN,
        "Interest Income": NaN,
        "Normalized Income": NaN,
        "Net Income From Continuing And Discontinued Operation": NaN,
        "Diluted Average Shares": NaN,
        "Basic Average Shares": NaN,
        "Diluted EPS": NaN,
        "Basic EPS": NaN,
        "Diluted NI Availto Com Stockholders": NaN,
        "Average Dilution Earnings": NaN,
        "Net Income Common Stockholders": NaN,
        "Otherunder Preferred Stock Dividend": NaN,
        "Preferred Stock Dividends": NaN,
        "Net Income": NaN,
        "Minority Interests": NaN,
        "Net Income Including Noncontrolling Interests": NaN,
        "Net Income Discontinuous Operations": NaN,
        "Net Income Continuous Operations": NaN,
        "Tax Provision": NaN,
        "Pretax Income": NaN,
        "Special Income Charges": NaN,
        "Gain On Sale Of Business": -73000000.0,
        "Other Special Charges": NaN,
        "Restructuring And Mergern Acquisition": 0.0,
        "Gain On Sale Of Security": NaN,
        "Selling General And Administration": NaN,
        "Selling And Marketing Expense": NaN,
        "General And Administrative Expense": NaN,
        "Insurance And Claims": NaN,
        "Salaries And Wages": NaN,
        "Total Revenue": NaN,
        "Operating Revenue": NaN,
        "Occupancy And Equipment": NaN,
        "Other Non Interest Expense": NaN
    },
    "2023-03-31": {
        "Tax Effect Of Unusual Items": NaN,
        "Tax Rate For Calcs": NaN,
        "Total Unusual Items": NaN,
        "Total Unusual Items Excluding Goodwill": NaN,
        "Net Income From Continuing Operation Net Minority Interest": NaN,
        "Reconciled Depreciation": NaN,
        "Net Interest Income": NaN,
        "Interest Expense": NaN,
        "Interest Income": NaN,
        "Normalized Income": NaN,
        "Net Income From Continuing And Discontinued Operation": NaN,
        "Diluted Average Shares": NaN,
        "Basic Average Shares": NaN,
        "Diluted EPS": NaN,
        "Basic EPS": NaN,
        "Diluted NI Availto Com Stockholders": NaN,
        "Average Dilution Earnings": NaN,
        "Net Income Common Stockholders": NaN,
        "Otherunder Preferred Stock Dividend": NaN,
        "Preferred Stock Dividends": NaN,
        "Net Income": NaN,
        "Minority Interests": NaN,
        "Net Income Including Noncontrolling Interests": NaN,
        "Net Income Discontinuous Operations": NaN,
        "Net Income Continuous Operations": NaN,
        "Tax Provision": NaN,
        "Pretax Income": NaN,
        "Special Income Charges": NaN,
        "Gain On Sale Of Business": 1059000000.0,
        "Other Special Charges": NaN,
        "Restructuring And Mergern Acquisition": 0.0,
        "Gain On Sale Of Security": NaN,
        "Selling General And Administration": NaN,
        "Selling And Marketing Expense": NaN,
        "General And Administrative Expense": NaN,
        "Insurance And Claims": NaN,
        "Salaries And Wages": NaN,
        "Total Revenue": NaN,
        "Operating Revenue": NaN,
        "Occupancy And Equipment": NaN,
        "Other Non Interest Expense": NaN
    },
    "2022-12-31": {
        "Tax Effect Of Unusual Items": 0.0,
        "Tax Rate For Calcs": 0.201511,
        "Total Unusual Items": NaN,
        "Total Unusual Items Excluding Goodwill": NaN,
        "Net Income From Continuing Operation Net Minority Interest": 2515000000.0,
        "Reconciled Depreciation": 1108000000.0,
        "Net Interest Income": 13270000000.0,
        "Interest Expense": 12438000000.0,
        "Interest Income": 25708000000.0,
        "Normalized Income": 2515000000.0,
        "Net Income From Continuing And Discontinued Operation": 2513000000.0,
        "Diluted Average Shares": 1955900000.0,
        "Basic Average Shares": 1936900000.0,
        "Diluted EPS": 1.16,
        "Basic EPS": 1.162166,
        "Diluted NI Availto Com Stockholders": 2262000000.0,
        "Average Dilution Earnings": 11000000.0,
        "Net Income Common Stockholders": 2251000000.0,
        "Otherunder Preferred Stock Dividend": 24000000.0,
        "Preferred Stock Dividends": 238000000.0,
        "Net Income": 2513000000.0,
        "Minority Interests": -21000000.0,
        "Net Income Including Noncontrolling Interests": 2534000000.0,
        "Net Income Discontinuous Operations": -2000000.0,
        "Net Income Continuous Operations": 2536000000.0,
        "Tax Provision": 640000000.0,
        "Pretax Income": 3176000000.0,
        "Special Income Charges": NaN,
        "Gain On Sale Of Business": NaN,
        "Gain On Sale Of Security": -236000000.0,
        "Selling General And Administration": 7062000000.0,
        "Selling And Marketing Expense": 424000000.0,
        "General And Administrative Expense": 6638000000.0,
        "Insurance And Claims": 20000000.0,
        "Salaries And Wages": 6618000000.0,
        "Total Revenue": 18001000000.0,
        "Operating Revenue": 18001000000.0
    },
    "2022-09-30": {
        "Tax Effect Of Unusual Items": NaN,
        "Tax Rate For Calcs": NaN,
        "Total Unusual Items": NaN,
        "Total Unusual Items Excluding Goodwill": NaN,
        "Net Income From Continuing Operation Net Minority Interest": NaN,
        "Reconciled Depreciation": NaN,
        "Net Interest Income": NaN,
        "Interest Expense": NaN,
        "Interest Income": NaN,
        "Normalized Income": NaN,
        "Net Income From Continuing And Discontinued Operation": NaN,
        "Diluted Average Shares": NaN,
        "Basic Average Shares": NaN,
        "Diluted EPS": NaN,
        "Basic EPS": NaN,
        "Diluted NI Availto Com Stockholders": NaN,
        "Average Dilution Earnings": NaN,
        "Net Income Common Stockholders": NaN,
        "Otherunder Preferred Stock Dividend": NaN,
        "Preferred Stock Dividends": NaN,
        "Net Income": NaN,
        "Minority Interests": NaN,
        "Net Income Including Noncontrolling Interests": NaN,
        "Net Income Discontinuous Operations": NaN,
        "Net Income Continuous Operations": NaN,
        "Tax Provision": NaN,
        "Pretax Income": NaN,
        "Special Income Charges": NaN,
        "Gain On Sale Of Business": 519000000.0,
        "Other Special Charges": NaN,
        "Restructuring And Mergern Acquisition": NaN,
        "Gain On Sale Of Security": NaN,
        "Selling General And Administration": NaN,
        "Selling And Marketing Expense": NaN,
        "General And Administrative Expense": NaN,
        "Insurance And Claims": NaN,
        "Salaries And Wages": NaN,
        "Total Revenue": NaN,
        "Operating Revenue": NaN
    },
    "2022-06-30": {
        "Tax Effect Of Unusual Items": 0.0,
        "Tax Rate For Calcs": 0.198,
        "Total Unusual Items": NaN,
        "Total Unusual Items Excluding Goodwill": NaN,
        "Net Income From Continuing Operation Net Minority Interest": 4768000000.0,
        "Reconciled Depreciation": 1074000000.0,
        "Net Interest Income": 11964000000.0,
        "Interest Expense": 3666000000.0,
        "Interest Income": 15630000000.0,
        "Normalized Income": 4768000000.0,
        "Net Income From Continuing And Discontinued Operation": 4547000000.0,
        "Diluted Average Shares": 1958100000.0,
        "Basic Average Shares": 1941500000.0,
        "Diluted EPS": 2.19,
        "Basic EPS": 2.342004,
        "Diluted NI Availto Com Stockholders": 4547000000.0,
        "Average Dilution Earnings": 11000000.0,
        "Net Income Common Stockholders": 4547000000.0,
        "Otherunder Preferred Stock Dividend": 35000000.0,
        "Preferred Stock Dividends": 238000000.0,
        "Net Income": 4547000000.0,
        "Minority Interests": -21000000.0,
        "Net Income Including Noncontrolling Interests": 4568000000.0,
        "Net Income Discontinuous Operations": -221000000.0,
        "Net Income Continuous Operations": 4789000000.0,
        "Tax Provision": 1182000000.0,
        "Pretax Income": 5971000000.0,
        "Special Income Charges": NaN,
        "Gain On Sale Of Business": NaN,
        "Gain On Sale Of Security": -172000000.0,
        "Selling General And Administration": 6908000000.0,
        "Selling And Marketing Expense": 414000000.0,
        "General And Administrative Expense": 6494000000.0,
        "Insurance And Claims": 22000000.0,
        "Salaries And Wages": 6472000000.0,
        "Total Revenue": 19618000000.0,
        "Operating Revenue": 19618000000.0
    },
    "2023-09-30": {
        "Tax Effect Of Unusual Items": NaN,
        "Tax Rate For Calcs": NaN,
        "Total Unusual Items": NaN,
        "Total Unusual Items Excluding Goodwill": NaN,
        "Net Income From Continuing Operation Net Minority Interest": NaN,
        "Reconciled Depreciation": NaN,
        "Net Interest Income": NaN,
        "Interest Expense": NaN,
        "Interest Income": NaN,
        "Normalized Income": NaN,
        "Net Income From Continuing And Discontinued Operation": NaN,
        "Diluted Average Shares": 1951700000.0,
        "Basic Average Shares": 1924400000.0,
        "Diluted EPS": 1.63,
        "Basic EPS": 1.64,
        "Diluted NI Availto Com Stockholders": NaN,
        "Average Dilution Earnings": NaN,
        "Net Income Common Stockholders": NaN,
        "Otherunder Preferred Stock Dividend": NaN,
        "Preferred Stock Dividends": NaN,
        "Net Income": NaN,
        "Minority Interests": NaN,
        "Net Income Including Noncontrolling Interests": NaN,
        "Net Income Discontinuous Operations": NaN,
        "Net Income Continuous Operations": NaN,
        "Tax Provision": NaN,
        "Pretax Income": NaN,
        "Special Income Charges": NaN,
        "Gain On Sale Of Business": 289000000.0,
        "Other Special Charges": NaN,
        "Restructuring And Mergern Acquisition": 0.0,
        "Gain On Sale Of Security": NaN,
        "Selling General And Administration": NaN,
        "Selling And Marketing Expense": NaN,
        "General And Administrative Expense": NaN,
        "Insurance And Claims": NaN,
        "Salaries And Wages": NaN,
        "Total Revenue": NaN,
        "Operating Revenue": NaN,
        "Occupancy And Equipment": NaN,
        "Other Non Interest Expense": NaN
    },
    "2023-12-31": {
        "Tax Effect Of Unusual Items": -274746552.543985,
        "Tax Rate For Calcs": 0.140751,
        "Total Unusual Items": -1952000000.0,
        "Total Unusual Items Excluding Goodwill": -1952000000.0,
        "Net Income From Continuing Operation Net Minority Interest": -1838000000.0,
        "Reconciled Depreciation": 1172000000.0,
        "Net Interest Income": 13824000000.0,
        "Interest Expense": 22555000000.0,
        "Interest Income": 36379000000.0,
        "Normalized Income": -160746552.543985,
        "Net Income From Continuing And Discontinued Operation": -1839000000.0,
        "Diluted Average Shares": 1909700000.0,
        "Basic Average Shares": 1909700000.0,
        "Diluted EPS": -1.161439,
        "Basic EPS": -1.161439,
        "Diluted NI Availto Com Stockholders": -2183000000.0,
        "Average Dilution Earnings": 15000000.0,
        "Net Income Common Stockholders": -2198000000.0,
        "Otherunder Preferred Stock Dividend": 59000000.0,
        "Preferred Stock Dividends": 300000000.0,
        "Net Income": -1839000000.0,
        "Minority Interests": -31000000.0,
        "Net Income Including Noncontrolling Interests": -1808000000.0,
        "Net Income Discontinuous Operations": -1000000.0,
        "Net Income Continuous Operations": -1807000000.0,
        "Tax Provision": -296000000.0,
        "Pretax Income": -2103000000.0,
        "Special Income Charges": -1952000000.0,
        "Gain On Sale Of Business": NaN,
        "Other Special Charges": NaN,
        "Restructuring And Mergern Acquisition": NaN,
        "Gain On Sale Of Security": -62000000.0,
        "Selling General And Administration": 7283000000.0,
        "Selling And Marketing Expense": 377000000.0,
        "General And Administrative Expense": 6906000000.0,
        "Insurance And Claims": 24000000.0,
        "Salaries And Wages": 6882000000.0,
        "Total Revenue": 18840000000.0,
        "Operating Revenue": 18840000000.0,
        "Occupancy And Equipment": 695000000.0,
        "Other Non Interest Expense": 7490000000.0
    },
    "2024-03-31": {
        "Tax Effect Of Unusual Items": NaN,
        "Tax Rate For Calcs": NaN,
        "Total Unusual Items": NaN,
        "Total Unusual Items Excluding Goodwill": NaN,
        "Net Income From Continuing Operation Net Minority Interest": NaN,
        "Reconciled Depreciation": NaN,
        "Net Interest Income": NaN,
        "Interest Expense": NaN,
        "Interest Income": NaN,
        "Normalized Income": NaN,
        "Net Income From Continuing And Discontinued Operation": NaN,
        "Diluted Average Shares": NaN,
        "Basic Average Shares": NaN,
        "Diluted EPS": NaN,
        "Basic EPS": NaN,
        "Diluted NI Availto Com Stockholders": NaN,
        "Average Dilution Earnings": NaN,
        "Net Income Common Stockholders": NaN,
        "Otherunder Preferred Stock Dividend": NaN,
        "Preferred Stock Dividends": NaN,
        "Net Income": NaN,
        "Minority Interests": NaN,
        "Net Income Including Noncontrolling Interests": NaN,
        "Net Income Discontinuous Operations": NaN,
        "Net Income Continuous Operations": NaN,
        "Tax Provision": NaN,
        "Pretax Income": NaN,
        "Special Income Charges": NaN,
        "Gain On Sale Of Business": NaN,
        "Other Special Charges": 251000000.0,
        "Impairment Of Capital Assets": NaN,
        "Restructuring And Mergern Acquisition": NaN,
        "Gain On Sale Of Security": NaN,
        "Selling General And Administration": NaN,
        "Selling And Marketing Expense": NaN,
        "General And Administrative Expense": NaN,
        "Insurance And Claims": NaN,
        "Salaries And Wages": NaN,
        "Total Revenue": NaN,
        "Operating Revenue": NaN,
        "Occupancy And Equipment": NaN,
        "Professional Expense And Contract Services Expense": 426000000.0,
        "Other Non Interest Expense": NaN
    },
    "2024-06-30": {
        "Tax Effect Of Unusual Items": NaN,
        "Tax Rate For Calcs": NaN,
        "Total Unusual Items": NaN,
        "Total Unusual Items Excluding Goodwill": NaN,
        "Net Income From Continuing Operation Net Minority Interest": NaN,
        "Reconciled Depreciation": NaN,
        "Net Interest Income": NaN,
        "Interest Expense": NaN,
        "Interest Income": NaN,
        "Normalized Income": NaN,
        "Net Income From Continuing And Discontinued Operation": NaN,
        "Diluted Average Shares": NaN,
        "Basic Average Shares": NaN,
        "Diluted EPS": NaN,
        "Basic EPS": NaN,
        "Diluted NI Availto Com Stockholders": NaN,
        "Average Dilution Earnings": NaN,
        "Net Income Common Stockholders": NaN,
        "Otherunder Preferred Stock Dividend": NaN,
        "Preferred Stock Dividends": NaN,
        "Net Income": NaN,
        "Minority Interests": NaN,
        "Net Income Including Noncontrolling Interests": NaN,
        "Net Income Discontinuous Operations": NaN,
        "Net Income Continuous Operations": NaN,
        "Tax Provision": NaN,
        "Pretax Income": NaN,
        "Special Income Charges": NaN,
        "Gain On Sale Of Business": -85000000.0,
        "Other Special Charges": 34000000.0,
        "Impairment Of Capital Assets": NaN,
        "Restructuring And Mergern Acquisition": NaN,
        "Gain On Sale Of Security": NaN,
        "Selling General And Administration": NaN,
        "Selling And Marketing Expense": NaN,
        "General And Administrative Expense": NaN,
        "Insurance And Claims": NaN,
        "Salaries And Wages": NaN,
        "Total Revenue": NaN,
        "Operating Revenue": NaN,
        "Occupancy And Equipment": NaN,
        "Professional Expense And Contract Services Expense": 449000000.0,
        "Other Non Interest Expense": NaN
    },
    "2024-09-30": {
        "Tax Effect Of Unusual Items": -19000000.0,
        "Tax Rate For Calcs": 0.25,
        "Total Unusual Items": -76000000.0,
        "Total Unusual Items Excluding Goodwill": -76000000.0,
        "Net Income From Continuing Operation Net Minority Interest": 3239000000.0,
        "Reconciled Depreciation": 1081000000.0,
        "Net Interest Income": 13362000000.0,
        "Interest Expense": 23094000000.0,
        "Interest Income": 36456000000.0,
        "Normalized Income": 3296000000.0,
        "Net Income From Continuing And Discontinued Operation": 3238000000.0,
        "Diluted Average Shares": 1940300000.0,
        "Basic Average Shares": 1899900000.0,
        "Diluted EPS": 1.51,
        "Basic EPS": 1.53,
        "Diluted NI Availto Com Stockholders": 2925000000.0,
        "Average Dilution Earnings": 20000000.0,
        "Net Income Common Stockholders": 2905000000.0,
        "Otherunder Preferred Stock Dividend": 56000000.0,
        "Preferred Stock Dividends": 277000000.0,
        "Net Income": 3238000000.0,
        "Minority Interests": -35000000.0,
        "Net Income Including Noncontrolling Interests": 3273000000.0,
        "Net Income Discontinuous Operations": -1000000.0,
        "Net Income Continuous Operations": 3274000000.0,
        "Tax Provision": 1116000000.0,
        "Pretax Income": 4390000000.0,
        "Special Income Charges": -76000000.0,
        "Gain On Sale Of Business": -67000000.0,
        "Other Special Charges": 56000000.0,
        "Impairment Of Capital Assets": NaN,
        "Restructuring And Mergern Acquisition": 9000000.0,
        "Gain On Sale Of Security": -19000000.0,
        "Selling General And Administration": 7368000000.0,
        "Selling And Marketing Expense": 282000000.0,
        "General And Administrative Expense": 7086000000.0,
        "Insurance And Claims": 28000000.0,
        "Salaries And Wages": 7058000000.0,
        "Total Revenue": 20159000000.0,
        "Operating Revenue": 20159000000.0,
        "Occupancy And Equipment": 606000000.0,
        "Professional Expense And Contract Services Expense": NaN,
        "Other Non Interest Expense": 4631000000.0
    },
    "2024-12-31": {
        "Tax Effect Of Unusual Items": -59488690.163072,
        "Tax Rate For Calcs": 0.239874,
        "Total Unusual Items": -248000000.0,
        "Total Unusual Items Excluding Goodwill": -248000000.0,
        "Net Income From Continuing Operation Net Minority Interest": 2856000000.0,
        "Reconciled Depreciation": 1019000000.0,
        "Net Interest Income": 13733000000.0,
        "Interest Expense": 21314000000.0,
        "Interest Income": 35047000000.0,
        "Normalized Income": 3044511309.836928,
        "Net Income From Continuing And Discontinued Operation": 2856000000.0,
        "Diluted Average Shares": 1931000000.0,
        "Basic Average Shares": 1887600000.0,
        "Diluted EPS": 1.34,
        "Basic EPS": 1.357809,
        "Diluted NI Availto Com Stockholders": 2583000000.0,
        "Average Dilution Earnings": 20000000.0,
        "Net Income Common Stockholders": 2563000000.0,
        "Otherunder Preferred Stock Dividend": 37000000.0,
        "Preferred Stock Dividends": 256000000.0,
        "Net Income": 2856000000.0,
        "Minority Interests": -34000000.0,
        "Net Income Including Noncontrolling Interests": 2890000000.0,
        "Net Income Discontinuous Operations": 0.0,
        "Net Income Continuous Operations": 2890000000.0,
        "Tax Provision": 912000000.0,
        "Pretax Income": 3802000000.0,
        "Special Income Charges": -248000000.0,
        "Gain On Sale Of Business": -56000000.0,
        "Other Special Charges": NaN,
        "Impairment Of Capital Assets": NaN,
        "Restructuring And Mergern Acquisition": -11000000.0,
        "Gain On Sale Of Security": -215000000.0,
        "Selling General And Administration": 7263000000.0,
        "Selling And Marketing Expense": 323000000.0,
        "General And Administrative Expense": 6940000000.0,
        "Insurance And Claims": 17000000.0,
        "Salaries And Wages": 6923000000.0,
        "Total Revenue": 19586000000.0,
        "Operating Revenue": 19586000000.0,
        "Occupancy And Equipment": 650000000.0,
        "Professional Expense And Contract Services Expense": NaN,
        "Other Non Interest Expense": 3026000000.0
    },
    "2025-03-31": {
        "Tax Effect Of Unusual Items": -12750000.0,
        "Tax Rate For Calcs": 0.25,
        "Total Unusual Items": -51000000.0,
        "Total Unusual Items Excluding Goodwill": -51000000.0,
        "Net Income From Continuing Operation Net Minority Interest": 4065000000.0,
        "Reconciled Depreciation": 1050000000.0,
        "Net Interest Income": 14012000000.0,
        "Interest Expense": 19654000000.0,
        "Interest Income": 33666000000.0,
        "Normalized Income": 4103250000.0,
        "Net Income From Continuing And Discontinued Operation": 4064000000.0,
        "Diluted Average Shares": 1919600000.0,
        "Basic Average Shares": 1879000000.0,
        "Diluted EPS": 1.96,
        "Basic EPS": 1.996275,
        "Diluted NI Availto Com Stockholders": 3768000000.0,
        "Average Dilution Earnings": 17000000.0,
        "Net Income Common Stockholders": 3751000000.0,
        "Otherunder Preferred Stock Dividend": 44000000.0,
        "Preferred Stock Dividends": 269000000.0,
        "Net Income": 4064000000.0,
        "Minority Interests": -43000000.0,
        "Net Income Including Noncontrolling Interests": 4107000000.0,
        "Net Income Discontinuous Operations": -1000000.0,
        "Net Income Continuous Operations": 4108000000.0,
        "Tax Provision": 1340000000.0,
        "Pretax Income": 5448000000.0,
        "Special Income Charges": -51000000.0,
        "Gain On Sale Of Business": -34000000.0,
        "Other Special Charges": 20000000.0,
        "Impairment Of Capital Assets": NaN,
        "Restructuring And Mergern Acquisition": -3000000.0,
        "Gain On Sale Of Security": 68000000.0,
        "Selling General And Administration": 7734000000.0,
        "Selling And Marketing Expense": 250000000.0,
        "General And Administrative Expense": 7484000000.0,
        "Insurance And Claims": 20000000.0,
        "Salaries And Wages": 7464000000.0,
        "Total Revenue": 21601000000.0,
        "Operating Revenue": 21601000000.0,
        "Occupancy And Equipment": 574000000.0,
        "Professional Expense And Contract Services Expense": 476000000.0,
        "Other Non Interest Expense": 4610000000.0
    },
    "2025-06-30": {
        "Tax Effect Of Unusual Items": 460000.0,
        "Tax Rate For Calcs": 0.23,
        "Total Unusual Items": 2000000.0,
        "Total Unusual Items Excluding Goodwill": 2000000.0,
        "Net Income From Continuing Operation Net Minority Interest": 4019000000.0,
        "Reconciled Depreciation": 1097000000.0,
        "Net Interest Income": 15175000000.0,
        "Interest Expense": 20684000000.0,
        "Interest Income": 35859000000.0,
        "Normalized Income": 4017460000.0,
        "Net Income From Continuing And Discontinued Operation": 4019000000.0,
        "Diluted Average Shares": 1893100000.0,
        "Basic Average Shares": 1855900000.0,
        "Diluted EPS": 1.96,
        "Basic EPS": 1.984482,
        "Diluted NI Availto Com Stockholders": 3702000000.0,
        "Average Dilution Earnings": 19000000.0,
        "Net Income Common Stockholders": 3683000000.0,
        "Otherunder Preferred Stock Dividend": 49000000.0,
        "Preferred Stock Dividends": 287000000.0,
        "Net Income": 4019000000.0,
        "Minority Interests": -14000000.0,
        "Net Income Including Noncontrolling Interests": 4033000000.0,
        "Net Income Discontinuous Operations": 0.0,
        "Net Income Continuous Operations": 4033000000.0,
        "Tax Provision": 1186000000.0,
        "Pretax Income": 5219000000.0,
        "Special Income Charges": 2000000.0,
        "Gain On Sale Of Business": NaN,
        "Other Special Charges": NaN,
        "Impairment Of Capital Assets": NaN,
        "Restructuring And Mergern Acquisition": -2000000.0,
        "Gain On Sale Of Security": 96000000.0,
        "Selling General And Administration": 7928000000.0,
        "Selling And Marketing Expense": 269000000.0,
        "General And Administrative Expense": 7659000000.0,
        "Insurance And Claims": 26000000.0,
        "Salaries And Wages": 7633000000.0,
        "Total Revenue": 21661000000.0,
        "Operating Revenue": 21661000000.0,
        "Occupancy And Equipment": 615000000.0,
        "Professional Expense And Contract Services Expense": 510000000.0,
        "Other Non Interest Expense": 4552000000.0
    },
    "2025-09-30": {
        "Tax Effect Of Unusual Items": -220690000.0,
        "Tax Rate For Calcs": 0.29,
        "Total Unusual Items": -761000000.0,
        "Total Unusual Items Excluding Goodwill": -761000000.0,
        "Net Income From Continuing Operation Net Minority Interest": 3753000000.0,
        "Reconciled Depreciation": 1123000000.0,
        "Net Interest Income": 14940000000.0,
        "Interest Expense": 21750000000.0,
        "Interest Income": 36690000000.0,
        "Normalized Income": 4293310000.0,
        "Net Income From Continuing And Discontinued Operation": 3752000000.0,
        "Diluted Average Shares": 1862600000.0,
        "Basic Average Shares": 1820300000.0,
        "Diluted EPS": 1.86,
        "Basic EPS": 1.89,
        "Diluted NI Availto Com Stockholders": 3458000000.0,
        "Average Dilution Earnings": 20000000.0,
        "Net Income Common Stockholders": 3438000000.0,
        "Otherunder Preferred Stock Dividend": 40000000.0,
        "Preferred Stock Dividends": 274000000.0,
        "Net Income": 3752000000.0,
        "Minority Interests": -38000000.0,
        "Net Income Including Noncontrolling Interests": 3790000000.0,
        "Net Income Discontinuous Operations": -1000000.0,
        "Net Income Continuous Operations": 3791000000.0,
        "Tax Provision": 1559000000.0,
        "Pretax Income": 5350000000.0,
        "Special Income Charges": -761000000.0,
        "Gain On Sale Of Business": -40000000.0,
        "Other Special Charges": NaN,
        "Impairment Of Capital Assets": 726000000.0,
        "Restructuring And Mergern Acquisition": -5000000.0,
        "Gain On Sale Of Security": 85000000.0,
        "Selling General And Administration": 7751000000.0,
        "Selling And Marketing Expense": 260000000.0,
        "General And Administrative Expense": 7491000000.0,
        "Insurance And Claims": 17000000.0,
        "Salaries And Wages": 7474000000.0,
        "Total Revenue": 22095000000.0,
        "Operating Revenue": 22095000000.0,
        "Occupancy And Equipment": 607000000.0,
        "Professional Expense And Contract Services Expense": 514000000.0,
        "Other Non Interest Expense": 4674000000.0
    }
}