{
    "2023-03-31": {
        "Tax Effect Of Unusual Items": NaN,
        "Tax Rate For Calcs": NaN,
        "Normalized EBITDA": NaN,
        "Net Income From Continuing Operation Net Minority Interest": NaN,
        "Reconciled Depreciation": NaN,
        "EBITDA": NaN,
        "EBIT": NaN,
        "Net Interest Income": NaN,
        "Interest Income": NaN,
        "Normalized Income": NaN,
        "Net Income From Continuing And Discontinued Operation": NaN,
        "Total Expenses": NaN,
        "Total Operating Income As Reported": NaN,
        "Diluted Average Shares": 35449195.0,
        "Basic Average Shares": 33588436.0,
        "Diluted EPS": -0.45,
        "Basic EPS": -0.45,
        "Diluted NI Availto Com Stockholders": NaN,
        "Average Dilution Earnings": 832000.0,
        "Net Income Common Stockholders": NaN,
        "Net Income": NaN,
        "Net Income Including Noncontrolling Interests": NaN,
        "Net Income Continuous Operations": NaN,
        "Pretax Income": NaN,
        "Net Non Operating Interest Income Expense": NaN,
        "Interest Income Non Operating": NaN,
        "Operating Income": NaN,
        "Operating Expense": NaN,
        "Research And Development": NaN,
        "Selling General And Administration": NaN,
        "General And Administrative Expense": NaN,
        "Other Gand A": NaN,
        "Total Revenue": NaN,
        "Operating Revenue": NaN
    },
    "2022-12-31": {
        "Tax Effect Of Unusual Items": NaN,
        "Tax Rate For Calcs": NaN,
        "Normalized EBITDA": NaN,
        "Net Income From Continuing Operation Net Minority Interest": NaN,
        "Reconciled Depreciation": NaN,
        "EBITDA": NaN,
        "EBIT": NaN,
        "Net Interest Income": NaN,
        "Interest Income": NaN,
        "Normalized Income": NaN,
        "Net Income From Continuing And Discontinued Operation": NaN,
        "Total Expenses": NaN,
        "Total Operating Income As Reported": NaN,
        "Diluted Average Shares": 30176923.0,
        "Basic Average Shares": 30176923.0,
        "Diluted EPS": -0.52,
        "Basic EPS": -0.52,
        "Diluted NI Availto Com Stockholders": NaN,
        "Average Dilution Earnings": NaN,
        "Net Income Common Stockholders": NaN,
        "Net Income": NaN,
        "Net Income Including Noncontrolling Interests": NaN,
        "Net Income Continuous Operations": NaN,
        "Pretax Income": NaN,
        "Net Non Operating Interest Income Expense": NaN,
        "Interest Income Non Operating": NaN,
        "Operating Income": NaN,
        "Operating Expense": NaN,
        "Research And Development": NaN,
        "Selling General And Administration": NaN,
        "General And Administrative Expense": NaN,
        "Other Gand A": NaN,
        "Total Revenue": NaN,
        "Operating Revenue": NaN
    },
    "2022-09-30": {
        "Tax Effect Of Unusual Items": NaN,
        "Tax Rate For Calcs": NaN,
        "Normalized EBITDA": NaN,
        "Net Income From Continuing Operation Net Minority Interest": NaN,
        "Reconciled Depreciation": NaN,
        "EBITDA": NaN,
        "EBIT": NaN,
        "Net Interest Income": NaN,
        "Interest Income": NaN,
        "Normalized Income": NaN,
        "Net Income From Continuing And Discontinued Operation": NaN,
        "Total Expenses": NaN,
        "Total Operating Income As Reported": NaN,
        "Diluted Average Shares": NaN,
        "Basic Average Shares": NaN,
        "Diluted EPS": NaN,
        "Basic EPS": NaN,
        "Diluted NI Availto Com Stockholders": NaN,
        "Average Dilution Earnings": -1344000.0,
        "Net Income Common Stockholders": NaN,
        "Net Income": NaN,
        "Net Income Including Noncontrolling Interests": NaN,
        "Net Income Continuous Operations": NaN,
        "Pretax Income": NaN,
        "Net Non Operating Interest Income Expense": NaN,
        "Interest Income Non Operating": NaN,
        "Operating Income": NaN,
        "Operating Expense": NaN,
        "Research And Development": NaN,
        "Selling General And Administration": NaN,
        "General And Administrative Expense": NaN,
        "Other Gand A": NaN,
        "Total Revenue": NaN,
        "Operating Revenue": NaN
    },
    "2022-06-30": {
        "Tax Effect Of Unusual Items": 0.0,
        "Tax Rate For Calcs": 0.0,
        "Normalized EBITDA": -12822000.0,
        "Net Income From Continuing Operation Net Minority Interest": -12910000.0,
        "Reconciled Depreciation": 238000.0,
        "EBITDA": -12822000.0,
        "EBIT": -13060000.0,
        "Net Interest Income": 150000.0,
        "Interest Income": 150000.0,
        "Normalized Income": -12910000.0,
        "Net Income From Continuing And Discontinued Operation": -12910000.0,
        "Total Expenses": 13060000.0,
        "Total Operating Income As Reported": -13060000.0,
        "Diluted Average Shares": 28986852.0,
        "Basic Average Shares": 25404022.0,
        "Diluted EPS": -0.45,
        "Basic EPS": -0.45,
        "Diluted NI Availto Com Stockholders": -12910000.0,
        "Average Dilution Earnings": -1596000.0,
        "Net Income Common Stockholders": -11314000.0,
        "Net Income": -12910000.0,
        "Net Income Including Noncontrolling Interests": -12910000.0,
        "Net Income Continuous Operations": -12910000.0,
        "Pretax Income": -12910000.0,
        "Net Non Operating Interest Income Expense": 150000.0,
        "Interest Income Non Operating": 150000.0,
        "Operating Income": -13060000.0,
        "Operating Expense": 13060000.0,
        "Research And Development": 9514000.0,
        "Selling General And Administration": 3546000.0,
        "General And Administrative Expense": 3546000.0,
        "Other Gand A": 3546000.0,
        "Total Revenue": 0.0,
        "Operating Revenue": 0.0
    },
    "2022-03-31": {
        "Diluted EPS": -0.45,
        "Total Revenue": NaN,
        "Gross Profit": NaN,
        "Operating Income": -13,
        "EBIT": -13,
        "Net Income": -13
    },
    "2021-12-31": {
        "Diluted EPS": -0.49,
        "Total Revenue": NaN,
        "Gross Profit": NaN,
        "Operating Income": -14,
        "EBIT": -14,
        "Net Income": -14
    },
    "2021-09-30": {
        "Diluted EPS": -0.45,
        "Total Revenue": NaN,
        "Gross Profit": NaN,
        "Operating Income": -12,
        "EBIT": -11,
        "Net Income": -12
    },
    "2021-06-30": {
        "Diluted EPS": -0.45,
        "Total Revenue": NaN,
        "Gross Profit": NaN,
        "Operating Income": -11,
        "EBIT": -11,
        "Net Income": -11
    },
    "2021-03-31": {
        "Diluted EPS": -0.41,
        "Total Revenue": NaN,
        "Gross Profit": NaN,
        "Operating Income": -10,
        "EBIT": -10,
        "Net Income": -10
    },
    "2020-12-31": {
        "Diluted EPS": -0.4,
        "Total Revenue": NaN,
        "Gross Profit": NaN,
        "Operating Income": -9,
        "EBIT": -9,
        "Net Income": -9
    },
    "2020-09-30": {
        "Diluted EPS": -0.36,
        "Total Revenue": NaN,
        "Gross Profit": NaN,
        "Operating Income": -8,
        "EBIT": -8,
        "Net Income": -8
    },
    "2020-06-30": {
        "Diluted EPS": -0.35,
        "Total Revenue": NaN,
        "Gross Profit": NaN,
        "Operating Income": -8,
        "EBIT": -8,
        "Net Income": -8
    },
    "2020-03-31": {
        "Diluted EPS": -0.33,
        "Total Revenue": NaN,
        "Gross Profit": NaN,
        "Operating Income": -8,
        "EBIT": -8,
        "Net Income": -7
    },
    "2019-12-31": {
        "Diluted EPS": 6.02,
        "Total Revenue": NaN,
        "Gross Profit": NaN,
        "Operating Income": -6,
        "EBIT": -6,
        "Net Income": -5
    },
    "2019-09-30": {
        "Diluted EPS": -2.17,
        "Total Revenue": NaN,
        "Gross Profit": NaN,
        "Operating Income": -5,
        "EBIT": -5,
        "Net Income": -5
    },
    "2019-06-30": {
        "Diluted EPS": -1.87,
        "Total Revenue": NaN,
        "Gross Profit": NaN,
        "Operating Income": -4,
        "EBIT": -4,
        "Net Income": -3
    },
    "2019-03-31": {
        "Diluted EPS": -6.05,
        "Total Revenue": NaN,
        "Gross Profit": NaN,
        "Operating Income": -4,
        "EBIT": -4,
        "Net Income": -9
    },
    "2018-12-31": {
        "Diluted EPS": 0.0,
        "Total Revenue": NaN,
        "Gross Profit": NaN,
        "Operating Income": NaN,
        "EBIT": NaN,
        "Net Income": NaN
    },
    "2018-09-30": {
        "Diluted EPS": -9.47,
        "Total Revenue": NaN,
        "Gross Profit": NaN,
        "Operating Income": -3,
        "EBIT": -3,
        "Net Income": -9
    },
    "2023-06-30": {
        "Tax Effect Of Unusual Items": NaN,
        "Tax Rate For Calcs": NaN,
        "Normalized EBITDA": NaN,
        "Net Income From Continuing Operation Net Minority Interest": NaN,
        "Reconciled Depreciation": NaN,
        "EBITDA": NaN,
        "EBIT": NaN,
        "Net Interest Income": NaN,
        "Interest Income": NaN,
        "Normalized Income": NaN,
        "Net Income From Continuing And Discontinued Operation": NaN,
        "Total Expenses": NaN,
        "Total Operating Income As Reported": NaN,
        "Diluted Average Shares": 39172806.0,
        "Basic Average Shares": 37312047.0,
        "Diluted EPS": -0.37,
        "Basic EPS": -0.37,
        "Diluted NI Availto Com Stockholders": NaN,
        "Average Dilution Earnings": 689000.0,
        "Net Income Common Stockholders": NaN,
        "Net Income": NaN,
        "Net Income Including Noncontrolling Interests": NaN,
        "Net Income Continuous Operations": NaN,
        "Pretax Income": NaN,
        "Net Non Operating Interest Income Expense": NaN,
        "Interest Income Non Operating": NaN,
        "Operating Income": NaN,
        "Operating Expense": NaN,
        "Research And Development": NaN,
        "Selling General And Administration": NaN,
        "General And Administrative Expense": NaN,
        "Other Gand A": NaN,
        "Total Revenue": NaN,
        "Operating Revenue": NaN
    },
    "2023-09-30": {
        "Tax Effect Of Unusual Items": NaN,
        "Tax Rate For Calcs": NaN,
        "Normalized EBITDA": NaN,
        "Net Income From Continuing Operation Net Minority Interest": NaN,
        "Reconciled Depreciation": NaN,
        "EBITDA": NaN,
        "EBIT": NaN,
        "Net Interest Income": NaN,
        "Interest Expense": NaN,
        "Interest Income": NaN,
        "Normalized Income": NaN,
        "Net Income From Continuing And Discontinued Operation": NaN,
        "Total Expenses": NaN,
        "Total Operating Income As Reported": NaN,
        "Diluted Average Shares": NaN,
        "Basic Average Shares": NaN,
        "Diluted EPS": NaN,
        "Basic EPS": NaN,
        "Diluted NI Availto Com Stockholders": NaN,
        "Average Dilution Earnings": -692000.0,
        "Net Income Common Stockholders": NaN,
        "Net Income": NaN,
        "Net Income Including Noncontrolling Interests": NaN,
        "Net Income Continuous Operations": NaN,
        "Pretax Income": NaN,
        "Net Non Operating Interest Income Expense": NaN,
        "Interest Expense Non Operating": NaN,
        "Interest Income Non Operating": NaN,
        "Operating Income": NaN,
        "Operating Expense": NaN,
        "Research And Development": NaN,
        "Selling General And Administration": NaN,
        "General And Administrative Expense": NaN,
        "Other Gand A": NaN,
        "Total Revenue": NaN,
        "Operating Revenue": NaN
    },
    "2023-12-31": {
        "Tax Effect Of Unusual Items": 0.0,
        "Tax Rate For Calcs": 0.0,
        "Normalized EBITDA": -22810000.0,
        "Net Income From Continuing Operation Net Minority Interest": -20886000.0,
        "Reconciled Depreciation": 336000.0,
        "EBITDA": -22810000.0,
        "EBIT": -23146000.0,
        "Net Interest Income": 2260000.0,
        "Interest Income": 2260000.0,
        "Normalized Income": -20886000.0,
        "Net Income From Continuing And Discontinued Operation": -20886000.0,
        "Total Expenses": 23146000.0,
        "Total Operating Income As Reported": -23146000.0,
        "Diluted Average Shares": NaN,
        "Basic Average Shares": NaN,
        "Diluted EPS": NaN,
        "Basic EPS": NaN,
        "Diluted NI Availto Com Stockholders": -20886000.0,
        "Average Dilution Earnings": NaN,
        "Net Income Common Stockholders": -23084000.0,
        "Net Income": -20886000.0,
        "Net Income Including Noncontrolling Interests": -20886000.0,
        "Net Income Continuous Operations": -20886000.0,
        "Pretax Income": -20886000.0,
        "Net Non Operating Interest Income Expense": 2260000.0,
        "Interest Income Non Operating": 2260000.0,
        "Operating Income": -23146000.0,
        "Operating Expense": 23146000.0,
        "Research And Development": 17405000.0,
        "Selling General And Administration": 5741000.0,
        "General And Administrative Expense": 5741000.0,
        "Other Gand A": 5741000.0,
        "Total Revenue": 0.0,
        "Operating Revenue": 0.0
    },
    "2024-03-31": {
        "Tax Effect Of Unusual Items": NaN,
        "Tax Rate For Calcs": NaN,
        "Normalized EBITDA": NaN,
        "Net Income From Continuing Operation Net Minority Interest": NaN,
        "Reconciled Depreciation": NaN,
        "EBITDA": NaN,
        "EBIT": NaN,
        "Net Interest Income": NaN,
        "Interest Expense": NaN,
        "Interest Income": NaN,
        "Normalized Income": NaN,
        "Net Income From Continuing And Discontinued Operation": NaN,
        "Total Expenses": NaN,
        "Total Operating Income As Reported": NaN,
        "Diluted Average Shares": NaN,
        "Basic Average Shares": NaN,
        "Diluted EPS": NaN,
        "Basic EPS": NaN,
        "Diluted NI Availto Com Stockholders": NaN,
        "Average Dilution Earnings": 734000.0,
        "Net Income Common Stockholders": NaN,
        "Net Income": NaN,
        "Net Income Including Noncontrolling Interests": NaN,
        "Net Income Continuous Operations": NaN,
        "Pretax Income": NaN,
        "Other Income Expense": NaN,
        "Other Non Operating Income Expenses": NaN,
        "Net Non Operating Interest Income Expense": NaN,
        "Interest Expense Non Operating": NaN,
        "Interest Income Non Operating": NaN,
        "Operating Income": NaN,
        "Operating Expense": NaN,
        "Research And Development": NaN,
        "Selling General And Administration": NaN,
        "General And Administrative Expense": NaN,
        "Other Gand A": NaN,
        "Total Revenue": NaN,
        "Operating Revenue": NaN
    },
    "2024-06-30": {
        "Tax Effect Of Unusual Items": NaN,
        "Tax Rate For Calcs": NaN,
        "Normalized EBITDA": NaN,
        "Net Income From Continuing Operation Net Minority Interest": NaN,
        "Reconciled Depreciation": NaN,
        "EBITDA": NaN,
        "EBIT": NaN,
        "Net Interest Income": NaN,
        "Interest Expense": 0.0,
        "Interest Income": NaN,
        "Normalized Income": NaN,
        "Net Income From Continuing And Discontinued Operation": NaN,
        "Total Expenses": NaN,
        "Total Operating Income As Reported": NaN,
        "Diluted Average Shares": NaN,
        "Basic Average Shares": NaN,
        "Diluted EPS": NaN,
        "Basic EPS": NaN,
        "Diluted NI Availto Com Stockholders": NaN,
        "Average Dilution Earnings": 284000.0,
        "Net Income Common Stockholders": NaN,
        "Net Income": NaN,
        "Net Income Including Noncontrolling Interests": NaN,
        "Net Income Continuous Operations": NaN,
        "Pretax Income": NaN,
        "Other Income Expense": NaN,
        "Other Non Operating Income Expenses": NaN,
        "Net Non Operating Interest Income Expense": NaN,
        "Interest Expense Non Operating": 0.0,
        "Interest Income Non Operating": NaN,
        "Operating Income": NaN,
        "Operating Expense": NaN,
        "Research And Development": NaN,
        "Selling General And Administration": NaN,
        "General And Administrative Expense": NaN,
        "Other Gand A": NaN,
        "Total Revenue": NaN,
        "Operating Revenue": NaN
    },
    "2024-09-30": {
        "Tax Effect Of Unusual Items": 0.0,
        "Tax Rate For Calcs": 0.0,
        "Normalized EBITDA": -30205000.0,
        "Net Income From Continuing Operation Net Minority Interest": -30629000.0,
        "Reconciled Depreciation": 424000.0,
        "EBITDA": -30205000.0,
        "EBIT": -30629000.0,
        "Net Interest Income": 2417000.0,
        "Interest Expense": 0.0,
        "Interest Income": 2417000.0,
        "Normalized Income": -30629000.0,
        "Net Income From Continuing And Discontinued Operation": -30629000.0,
        "Total Expenses": 33046000.0,
        "Total Operating Income As Reported": -33046000.0,
        "Diluted Average Shares": 49401613.0,
        "Basic Average Shares": 49401613.0,
        "Diluted EPS": -0.62,
        "Basic EPS": -0.62,
        "Diluted NI Availto Com Stockholders": -30629000.0,
        "Average Dilution Earnings": 0.0,
        "Net Income Common Stockholders": -30629000.0,
        "Net Income": -30629000.0,
        "Net Income Including Noncontrolling Interests": -30629000.0,
        "Net Income Continuous Operations": -30629000.0,
        "Pretax Income": -30629000.0,
        "Other Income Expense": NaN,
        "Other Non Operating Income Expenses": NaN,
        "Net Non Operating Interest Income Expense": 2417000.0,
        "Interest Expense Non Operating": 0.0,
        "Interest Income Non Operating": 2417000.0,
        "Operating Income": -33046000.0,
        "Operating Expense": 33046000.0,
        "Research And Development": 26290000.0,
        "Selling General And Administration": 6756000.0,
        "General And Administrative Expense": 6756000.0,
        "Other Gand A": 6756000.0,
        "Total Revenue": 0.0,
        "Operating Revenue": 0.0
    },
    "2024-12-31": {
        "Tax Effect Of Unusual Items": 0.0,
        "Tax Rate For Calcs": 0.0,
        "Normalized EBITDA": -23292000.0,
        "Net Income From Continuing Operation Net Minority Interest": -32586000.0,
        "Reconciled Depreciation": 468000.0,
        "EBITDA": -23292000.0,
        "EBIT": -23760000.0,
        "Net Interest Income": 1199000.0,
        "Interest Expense": NaN,
        "Interest Income": 1947000.0,
        "Normalized Income": -32586000.0,
        "Net Income From Continuing And Discontinued Operation": -32586000.0,
        "Total Expenses": 33785000.0,
        "Total Operating Income As Reported": -33785000.0,
        "Diluted Average Shares": 50132308.0,
        "Basic Average Shares": 50132308.0,
        "Diluted EPS": -0.65,
        "Basic EPS": -0.65,
        "Diluted NI Availto Com Stockholders": -32586000.0,
        "Average Dilution Earnings": NaN,
        "Net Income Common Stockholders": -33679000.0,
        "Net Income": -32586000.0,
        "Net Income Including Noncontrolling Interests": -32586000.0,
        "Net Income Continuous Operations": -32586000.0,
        "Pretax Income": -32586000.0,
        "Other Income Expense": NaN,
        "Other Non Operating Income Expenses": NaN,
        "Net Non Operating Interest Income Expense": 1199000.0,
        "Interest Expense Non Operating": NaN,
        "Interest Income Non Operating": 1947000.0,
        "Operating Income": -33785000.0,
        "Operating Expense": 33785000.0,
        "Research And Development": 25532000.0,
        "Selling General And Administration": 8253000.0,
        "General And Administrative Expense": 8253000.0,
        "Other Gand A": 8253000.0,
        "Total Revenue": 0.0,
        "Operating Revenue": 0.0
    },
    "2025-03-31": {
        "Tax Effect Of Unusual Items": 0.0,
        "Tax Rate For Calcs": 0.0,
        "Normalized EBITDA": -35164000.0,
        "Net Income From Continuing Operation Net Minority Interest": -35943000.0,
        "Reconciled Depreciation": 485000.0,
        "EBITDA": -35164000.0,
        "EBIT": -35649000.0,
        "Net Interest Income": 1193000.0,
        "Interest Expense": 294000.0,
        "Interest Income": 1487000.0,
        "Normalized Income": -35943000.0,
        "Net Income From Continuing And Discontinued Operation": -35943000.0,
        "Total Expenses": 37136000.0,
        "Total Operating Income As Reported": -37136000.0,
        "Diluted Average Shares": 50743101.0,
        "Basic Average Shares": 50743101.0,
        "Diluted EPS": -0.71,
        "Basic EPS": -0.71,
        "Diluted NI Availto Com Stockholders": -35943000.0,
        "Average Dilution Earnings": NaN,
        "Net Income Common Stockholders": -35943000.0,
        "Net Income": -35943000.0,
        "Net Income Including Noncontrolling Interests": -35943000.0,
        "Net Income Continuous Operations": -35943000.0,
        "Pretax Income": -35943000.0,
        "Other Income Expense": NaN,
        "Other Non Operating Income Expenses": NaN,
        "Net Non Operating Interest Income Expense": 1193000.0,
        "Interest Expense Non Operating": 294000.0,
        "Interest Income Non Operating": 1487000.0,
        "Operating Income": -37136000.0,
        "Operating Expense": 37136000.0,
        "Research And Development": 29018000.0,
        "Selling General And Administration": 8118000.0,
        "General And Administrative Expense": 8118000.0,
        "Other Gand A": 8118000.0,
        "Total Revenue": 0.0,
        "Operating Revenue": 0.0
    },
    "2025-06-30": {
        "Tax Effect Of Unusual Items": 0.0,
        "Tax Rate For Calcs": 0.0,
        "Normalized EBITDA": -44089000.0,
        "Net Income From Continuing Operation Net Minority Interest": -45128000.0,
        "Reconciled Depreciation": 468000.0,
        "EBITDA": -44089000.0,
        "EBIT": -44557000.0,
        "Net Interest Income": 839000.0,
        "Interest Expense": 571000.0,
        "Interest Income": 1410000.0,
        "Normalized Income": -45128000.0,
        "Net Income From Continuing And Discontinued Operation": -45128000.0,
        "Total Expenses": 45906000.0,
        "Total Operating Income As Reported": -45906000.0,
        "Diluted Average Shares": 61876586.0,
        "Basic Average Shares": 61876586.0,
        "Diluted EPS": -0.73,
        "Basic EPS": -0.73,
        "Diluted NI Availto Com Stockholders": -45128000.0,
        "Average Dilution Earnings": NaN,
        "Net Income Common Stockholders": -45128000.0,
        "Net Income": -45128000.0,
        "Net Income Including Noncontrolling Interests": -45128000.0,
        "Net Income Continuous Operations": -45128000.0,
        "Pretax Income": -45128000.0,
        "Other Income Expense": -61000.0,
        "Other Non Operating Income Expenses": -61000.0,
        "Net Non Operating Interest Income Expense": 839000.0,
        "Interest Expense Non Operating": 571000.0,
        "Interest Income Non Operating": 1410000.0,
        "Operating Income": -45906000.0,
        "Operating Expense": 45906000.0,
        "Research And Development": 37638000.0,
        "Selling General And Administration": 8268000.0,
        "General And Administrative Expense": 8268000.0,
        "Other Gand A": 8268000.0,
        "Total Revenue": 0.0,
        "Operating Revenue": 0.0
    },
    "2025-09-30": {
        "Tax Effect Of Unusual Items": 0.0,
        "Tax Rate For Calcs": 0.0,
        "Normalized EBITDA": -43937000.0,
        "Net Income From Continuing Operation Net Minority Interest": -44866000.0,
        "Reconciled Depreciation": 345000.0,
        "EBITDA": -43937000.0,
        "EBIT": -44282000.0,
        "Net Interest Income": 1224000.0,
        "Interest Expense": 584000.0,
        "Interest Income": 1808000.0,
        "Normalized Income": -44866000.0,
        "Net Income From Continuing And Discontinued Operation": -44866000.0,
        "Total Expenses": 46588000.0,
        "Total Operating Income As Reported": -46588000.0,
        "Diluted Average Shares": 102262904.0,
        "Basic Average Shares": 102262904.0,
        "Diluted EPS": -0.44,
        "Basic EPS": -0.44,
        "Diluted NI Availto Com Stockholders": -44866000.0,
        "Average Dilution Earnings": NaN,
        "Net Income Common Stockholders": -44866000.0,
        "Net Income": -44866000.0,
        "Net Income Including Noncontrolling Interests": -44866000.0,
        "Net Income Continuous Operations": -44866000.0,
        "Pretax Income": -44866000.0,
        "Other Income Expense": 498000.0,
        "Other Non Operating Income Expenses": 498000.0,
        "Net Non Operating Interest Income Expense": 1224000.0,
        "Interest Expense Non Operating": 584000.0,
        "Interest Income Non Operating": 1808000.0,
        "Operating Income": -46588000.0,
        "Operating Expense": 46588000.0,
        "Research And Development": 39824000.0,
        "Selling General And Administration": 6764000.0,
        "General And Administrative Expense": 6764000.0,
        "Other Gand A": 6764000.0,
        "Total Revenue": 0.0,
        "Operating Revenue": 0.0
    }
}