{
    "2023-03-31": {
        "Tax Effect Of Unusual Items": NaN,
        "Tax Rate For Calcs": NaN,
        "Normalized EBITDA": NaN,
        "Total Unusual Items": NaN,
        "Total Unusual Items Excluding Goodwill": NaN,
        "Net Income From Continuing Operation Net Minority Interest": NaN,
        "Reconciled Depreciation": NaN,
        "EBITDA": NaN,
        "EBIT": NaN,
        "Net Interest Income": NaN,
        "Interest Expense": NaN,
        "Interest Income": NaN,
        "Normalized Income": NaN,
        "Net Income From Continuing And Discontinued Operation": NaN,
        "Total Expenses": NaN,
        "Rent Expense Supplemental": NaN,
        "Total Operating Income As Reported": NaN,
        "Diluted Average Shares": NaN,
        "Basic Average Shares": NaN,
        "Diluted EPS": NaN,
        "Basic EPS": NaN,
        "Diluted NI Availto Com Stockholders": NaN,
        "Net Income Common Stockholders": NaN,
        "Net Income": NaN,
        "Net Income Including Noncontrolling Interests": NaN,
        "Net Income Continuous Operations": NaN,
        "Pretax Income": NaN,
        "Other Income Expense": NaN,
        "Gain On Sale Of Security": NaN,
        "Net Non Operating Interest Income Expense": NaN,
        "Total Other Finance Cost": -102000.0,
        "Interest Expense Non Operating": NaN,
        "Interest Income Non Operating": NaN,
        "Operating Income": NaN,
        "Operating Expense": NaN,
        "Other Operating Expenses": -12000.0,
        "Research And Development": NaN,
        "Selling General And Administration": NaN,
        "General And Administrative Expense": NaN,
        "Other Gand A": NaN,
        "Insurance And Claims": NaN,
        "Rent And Landing Fees": NaN,
        "Salaries And Wages": NaN,
        "Total Revenue": NaN,
        "Operating Revenue": NaN
    },
    "2022-12-31": {
        "Tax Effect Of Unusual Items": NaN,
        "Tax Rate For Calcs": NaN,
        "Normalized EBITDA": NaN,
        "Total Unusual Items": NaN,
        "Total Unusual Items Excluding Goodwill": NaN,
        "Net Income From Continuing Operation Net Minority Interest": NaN,
        "Reconciled Depreciation": NaN,
        "EBITDA": NaN,
        "EBIT": NaN,
        "Net Interest Income": NaN,
        "Interest Expense": NaN,
        "Interest Income": NaN,
        "Normalized Income": NaN,
        "Net Income From Continuing And Discontinued Operation": NaN,
        "Total Expenses": NaN,
        "Rent Expense Supplemental": NaN,
        "Total Operating Income As Reported": NaN,
        "Diluted Average Shares": NaN,
        "Basic Average Shares": NaN,
        "Diluted EPS": NaN,
        "Basic EPS": NaN,
        "Diluted NI Availto Com Stockholders": NaN,
        "Net Income Common Stockholders": NaN,
        "Net Income": NaN,
        "Net Income Including Noncontrolling Interests": NaN,
        "Net Income Continuous Operations": NaN,
        "Pretax Income": NaN,
        "Other Income Expense": NaN,
        "Gain On Sale Of Security": NaN,
        "Net Non Operating Interest Income Expense": NaN,
        "Total Other Finance Cost": -226000.0,
        "Interest Expense Non Operating": NaN,
        "Interest Income Non Operating": NaN,
        "Operating Income": NaN,
        "Operating Expense": NaN,
        "Other Operating Expenses": NaN,
        "Research And Development": NaN,
        "Selling General And Administration": NaN,
        "General And Administrative Expense": NaN,
        "Other Gand A": NaN,
        "Insurance And Claims": NaN,
        "Rent And Landing Fees": NaN,
        "Salaries And Wages": NaN,
        "Total Revenue": NaN,
        "Operating Revenue": NaN
    },
    "2022-09-30": {
        "Tax Effect Of Unusual Items": NaN,
        "Tax Rate For Calcs": NaN,
        "Normalized EBITDA": NaN,
        "Total Unusual Items": NaN,
        "Total Unusual Items Excluding Goodwill": NaN,
        "Net Income From Continuing Operation Net Minority Interest": NaN,
        "Reconciled Depreciation": NaN,
        "EBITDA": NaN,
        "EBIT": NaN,
        "Net Interest Income": NaN,
        "Interest Expense": NaN,
        "Interest Income": NaN,
        "Normalized Income": NaN,
        "Net Income From Continuing And Discontinued Operation": NaN,
        "Total Expenses": NaN,
        "Rent Expense Supplemental": NaN,
        "Total Operating Income As Reported": NaN,
        "Diluted Average Shares": NaN,
        "Basic Average Shares": NaN,
        "Diluted EPS": NaN,
        "Basic EPS": NaN,
        "Diluted NI Availto Com Stockholders": NaN,
        "Net Income Common Stockholders": NaN,
        "Net Income": NaN,
        "Net Income Including Noncontrolling Interests": NaN,
        "Net Income Continuous Operations": NaN,
        "Pretax Income": NaN,
        "Other Income Expense": NaN,
        "Gain On Sale Of Security": NaN,
        "Net Non Operating Interest Income Expense": NaN,
        "Total Other Finance Cost": 176000.0,
        "Interest Expense Non Operating": NaN,
        "Interest Income Non Operating": NaN,
        "Operating Income": NaN,
        "Operating Expense": NaN,
        "Other Operating Expenses": NaN,
        "Research And Development": NaN,
        "Selling General And Administration": NaN,
        "General And Administrative Expense": NaN,
        "Other Gand A": NaN,
        "Insurance And Claims": NaN,
        "Rent And Landing Fees": NaN,
        "Salaries And Wages": NaN,
        "Total Revenue": NaN,
        "Operating Revenue": NaN
    },
    "2022-06-30": {
        "Tax Effect Of Unusual Items": 0.0,
        "Tax Rate For Calcs": 0.0,
        "Normalized EBITDA": -13535000.0,
        "Total Unusual Items": 4969000.0,
        "Total Unusual Items Excluding Goodwill": 4969000.0,
        "Net Income From Continuing Operation Net Minority Interest": -4149000.0,
        "Reconciled Depreciation": 187000.0,
        "EBITDA": -8566000.0,
        "EBIT": -8753000.0,
        "Net Interest Income": -365000.0,
        "Interest Expense": NaN,
        "Interest Income": NaN,
        "Normalized Income": -9118000.0,
        "Net Income From Continuing And Discontinued Operation": -4149000.0,
        "Total Expenses": 8784000.0,
        "Rent Expense Supplemental": NaN,
        "Total Operating Income As Reported": -8753000.0,
        "Diluted Average Shares": 28810224.0,
        "Basic Average Shares": 28810224.0,
        "Diluted EPS": -0.14,
        "Basic EPS": -0.14,
        "Diluted NI Availto Com Stockholders": -4149000.0,
        "Net Income Common Stockholders": -4149000.0,
        "Net Income": -4149000.0,
        "Net Income Including Noncontrolling Interests": -4149000.0,
        "Net Income Continuous Operations": -4149000.0,
        "Pretax Income": -4149000.0,
        "Other Income Expense": 4969000.0,
        "Gain On Sale Of Security": 4969000.0,
        "Net Non Operating Interest Income Expense": -365000.0,
        "Total Other Finance Cost": 365000.0,
        "Interest Expense Non Operating": NaN,
        "Interest Income Non Operating": NaN,
        "Operating Income": -8753000.0,
        "Operating Expense": 8784000.0,
        "Other Operating Expenses": NaN,
        "Research And Development": 5022000.0,
        "Selling General And Administration": 3762000.0,
        "General And Administrative Expense": 3762000.0,
        "Other Gand A": 1412000.0,
        "Insurance And Claims": 703000.0,
        "Rent And Landing Fees": NaN,
        "Salaries And Wages": 1647000.0,
        "Total Revenue": 31000.0,
        "Operating Revenue": 31000.0
    },
    "2022-03-31": {
        "Diluted EPS": -0.03,
        "Total Revenue": 0,
        "Gross Profit": 0,
        "Operating Income": -9,
        "EBIT": -9,
        "Net Income": -1
    },
    "2021-12-31": {
        "Diluted EPS": 0.62,
        "Total Revenue": 0,
        "Gross Profit": 0,
        "Operating Income": -8,
        "EBIT": -8,
        "Net Income": 2
    },
    "2021-09-30": {
        "Diluted EPS": -0.69,
        "Total Revenue": 0,
        "Gross Profit": 0,
        "Operating Income": -8,
        "EBIT": -8,
        "Net Income": -16
    },
    "2021-06-30": {
        "Diluted EPS": -1.46,
        "Total Revenue": 0,
        "Gross Profit": 0,
        "Operating Income": -5,
        "EBIT": -5,
        "Net Income": -17
    },
    "2021-03-31": {
        "Diluted EPS": -0.38,
        "Total Revenue": 0,
        "Gross Profit": 0,
        "Operating Income": -5,
        "EBIT": -5,
        "Net Income": -4
    },
    "2020-12-31": {
        "Diluted EPS": 0.0,
        "Total Revenue": NaN,
        "Gross Profit": NaN,
        "Operating Income": NaN,
        "EBIT": NaN,
        "Net Income": NaN
    },
    "2020-09-30": {
        "Diluted EPS": -0.22,
        "Total Revenue": 0,
        "Gross Profit": 0,
        "Operating Income": -3,
        "EBIT": -3,
        "Net Income": -3
    },
    "2020-06-30": {
        "Diluted EPS": -0.25,
        "Total Revenue": 0,
        "Gross Profit": 0,
        "Operating Income": -3,
        "EBIT": -3,
        "Net Income": -3
    },
    "2023-06-30": {
        "Tax Effect Of Unusual Items": NaN,
        "Tax Rate For Calcs": NaN,
        "Normalized EBITDA": NaN,
        "Total Unusual Items": NaN,
        "Total Unusual Items Excluding Goodwill": NaN,
        "Net Income From Continuing Operation Net Minority Interest": NaN,
        "Reconciled Depreciation": NaN,
        "EBITDA": NaN,
        "EBIT": NaN,
        "Net Interest Income": NaN,
        "Interest Expense": NaN,
        "Interest Income": NaN,
        "Normalized Income": NaN,
        "Net Income From Continuing And Discontinued Operation": NaN,
        "Total Expenses": NaN,
        "Rent Expense Supplemental": NaN,
        "Total Operating Income As Reported": NaN,
        "Diluted Average Shares": 28919810.0,
        "Basic Average Shares": 28919810.0,
        "Diluted EPS": -0.33,
        "Basic EPS": -0.33,
        "Diluted NI Availto Com Stockholders": NaN,
        "Net Income Common Stockholders": NaN,
        "Net Income": NaN,
        "Net Income Including Noncontrolling Interests": NaN,
        "Net Income Continuous Operations": NaN,
        "Pretax Income": NaN,
        "Other Income Expense": NaN,
        "Gain On Sale Of Security": NaN,
        "Net Non Operating Interest Income Expense": NaN,
        "Interest Expense Non Operating": NaN,
        "Interest Income Non Operating": NaN,
        "Operating Income": NaN,
        "Operating Expense": NaN,
        "Other Operating Expenses": -12000.0,
        "Research And Development": NaN,
        "Selling General And Administration": NaN,
        "General And Administrative Expense": NaN,
        "Other Gand A": NaN,
        "Insurance And Claims": NaN,
        "Rent And Landing Fees": NaN,
        "Salaries And Wages": NaN,
        "Total Revenue": NaN,
        "Operating Revenue": NaN
    },
    "2023-09-30": {
        "Tax Effect Of Unusual Items": NaN,
        "Tax Rate For Calcs": NaN,
        "Normalized EBITDA": NaN,
        "Total Unusual Items": NaN,
        "Total Unusual Items Excluding Goodwill": NaN,
        "Net Income From Continuing Operation Net Minority Interest": NaN,
        "Reconciled Depreciation": NaN,
        "EBITDA": NaN,
        "EBIT": NaN,
        "Net Interest Income": NaN,
        "Interest Expense": NaN,
        "Interest Income": NaN,
        "Normalized Income": NaN,
        "Net Income From Continuing And Discontinued Operation": NaN,
        "Total Expenses": NaN,
        "Rent Expense Supplemental": NaN,
        "Total Operating Income As Reported": NaN,
        "Diluted Average Shares": 28919810.0,
        "Basic Average Shares": 28919810.0,
        "Diluted EPS": -0.29,
        "Basic EPS": -0.29,
        "Diluted NI Availto Com Stockholders": NaN,
        "Net Income Common Stockholders": NaN,
        "Net Income": NaN,
        "Net Income Including Noncontrolling Interests": NaN,
        "Net Income Continuous Operations": NaN,
        "Pretax Income": NaN,
        "Other Income Expense": NaN,
        "Gain On Sale Of Security": NaN,
        "Net Non Operating Interest Income Expense": NaN,
        "Interest Expense Non Operating": NaN,
        "Interest Income Non Operating": NaN,
        "Operating Income": NaN,
        "Operating Expense": NaN,
        "Other Operating Expenses": -12000.0,
        "Research And Development": NaN,
        "Selling General And Administration": NaN,
        "General And Administrative Expense": NaN,
        "Other Gand A": NaN,
        "Insurance And Claims": NaN,
        "Rent And Landing Fees": NaN,
        "Salaries And Wages": NaN,
        "Total Revenue": NaN,
        "Operating Revenue": NaN
    },
    "2023-12-31": {
        "Tax Effect Of Unusual Items": 0.0,
        "Tax Rate For Calcs": 0.0,
        "Normalized EBITDA": -9690000.0,
        "Total Unusual Items": -483000.0,
        "Total Unusual Items Excluding Goodwill": -483000.0,
        "Net Income From Continuing Operation Net Minority Interest": -11095000.0,
        "Reconciled Depreciation": 249000.0,
        "EBITDA": -10173000.0,
        "EBIT": -10422000.0,
        "Net Interest Income": -258000.0,
        "Interest Expense": 673000.0,
        "Interest Income": 415000.0,
        "Normalized Income": -10612000.0,
        "Net Income From Continuing And Discontinued Operation": -11095000.0,
        "Total Expenses": 10354000.0,
        "Rent Expense Supplemental": 44000.0,
        "Total Operating Income As Reported": -10318000.0,
        "Diluted Average Shares": NaN,
        "Basic Average Shares": NaN,
        "Diluted EPS": NaN,
        "Basic EPS": NaN,
        "Diluted NI Availto Com Stockholders": -11095000.0,
        "Net Income Common Stockholders": -11095000.0,
        "Net Income": -11095000.0,
        "Net Income Including Noncontrolling Interests": -11095000.0,
        "Net Income Continuous Operations": -11095000.0,
        "Pretax Income": -11095000.0,
        "Other Income Expense": -483000.0,
        "Gain On Sale Of Security": -483000.0,
        "Net Non Operating Interest Income Expense": -258000.0,
        "Interest Expense Non Operating": 673000.0,
        "Interest Income Non Operating": 415000.0,
        "Operating Income": -10354000.0,
        "Operating Expense": 10354000.0,
        "Other Operating Expenses": NaN,
        "Research And Development": 7258000.0,
        "Selling General And Administration": 3060000.0,
        "General And Administrative Expense": 3060000.0,
        "Other Gand A": 905000.0,
        "Insurance And Claims": 321000.0,
        "Rent And Landing Fees": 44000.0,
        "Salaries And Wages": 1790000.0,
        "Total Revenue": 0.0,
        "Operating Revenue": 0.0
    },
    "2024-03-31": {
        "Tax Effect Of Unusual Items": 0.0,
        "Tax Rate For Calcs": 0.0,
        "Normalized EBITDA": -7331000.0,
        "Total Unusual Items": 7000.0,
        "Total Unusual Items Excluding Goodwill": 7000.0,
        "Net Income From Continuing Operation Net Minority Interest": -8221000.0,
        "Reconciled Depreciation": 251000.0,
        "EBITDA": -7324000.0,
        "EBIT": -7575000.0,
        "Net Interest Income": -326000.0,
        "Interest Expense": 646000.0,
        "Interest Income": 320000.0,
        "Normalized Income": -8228000.0,
        "Net Income From Continuing And Discontinued Operation": -8221000.0,
        "Total Expenses": 7902000.0,
        "Rent Expense Supplemental": 45000.0,
        "Total Operating Income As Reported": -7902000.0,
        "Diluted Average Shares": 29197537.0,
        "Basic Average Shares": 29197537.0,
        "Diluted EPS": -0.28,
        "Basic EPS": -0.28,
        "Diluted NI Availto Com Stockholders": -8221000.0,
        "Net Income Common Stockholders": -8221000.0,
        "Net Income": -8221000.0,
        "Net Income Including Noncontrolling Interests": -8221000.0,
        "Net Income Continuous Operations": -8221000.0,
        "Pretax Income": -8221000.0,
        "Other Income Expense": 7000.0,
        "Gain On Sale Of Security": 7000.0,
        "Net Non Operating Interest Income Expense": -326000.0,
        "Interest Expense Non Operating": 646000.0,
        "Interest Income Non Operating": 320000.0,
        "Operating Income": -7902000.0,
        "Operating Expense": 7902000.0,
        "Other Operating Expenses": NaN,
        "Research And Development": 4102000.0,
        "Selling General And Administration": 3800000.0,
        "General And Administrative Expense": 3800000.0,
        "Other Gand A": 1795000.0,
        "Insurance And Claims": 321000.0,
        "Rent And Landing Fees": 45000.0,
        "Salaries And Wages": 1639000.0,
        "Total Revenue": 0.0,
        "Operating Revenue": 0.0
    },
    "2024-06-30": {
        "Tax Effect Of Unusual Items": 0.0,
        "Tax Rate For Calcs": 0.0,
        "Normalized EBITDA": -8082000.0,
        "Total Unusual Items": -13339000.0,
        "Total Unusual Items Excluding Goodwill": -13339000.0,
        "Net Income From Continuing Operation Net Minority Interest": -22237000.0,
        "Reconciled Depreciation": 249000.0,
        "EBITDA": -21421000.0,
        "EBIT": -21670000.0,
        "Net Interest Income": -327000.0,
        "Interest Expense": 567000.0,
        "Interest Income": 240000.0,
        "Normalized Income": -8898000.0,
        "Net Income From Continuing And Discontinued Operation": -22237000.0,
        "Total Expenses": 8571000.0,
        "Rent Expense Supplemental": 46000.0,
        "Total Operating Income As Reported": -8571000.0,
        "Diluted Average Shares": 29878210.0,
        "Basic Average Shares": 29878210.0,
        "Diluted EPS": -0.74,
        "Basic EPS": -0.74,
        "Diluted NI Availto Com Stockholders": -22237000.0,
        "Net Income Common Stockholders": -22237000.0,
        "Net Income": -22237000.0,
        "Net Income Including Noncontrolling Interests": -22237000.0,
        "Net Income Continuous Operations": -22237000.0,
        "Pretax Income": -22237000.0,
        "Other Income Expense": -13339000.0,
        "Gain On Sale Of Security": -13339000.0,
        "Net Non Operating Interest Income Expense": -327000.0,
        "Interest Expense Non Operating": 567000.0,
        "Interest Income Non Operating": 240000.0,
        "Operating Income": -8571000.0,
        "Operating Expense": 8571000.0,
        "Other Operating Expenses": NaN,
        "Research And Development": 4979000.0,
        "Selling General And Administration": 3592000.0,
        "General And Administrative Expense": 3592000.0,
        "Other Gand A": 1359000.0,
        "Insurance And Claims": 320000.0,
        "Rent And Landing Fees": 46000.0,
        "Salaries And Wages": 1867000.0,
        "Total Revenue": 0.0,
        "Operating Revenue": 0.0
    },
    "2024-09-30": {
        "Tax Effect Of Unusual Items": 0.0,
        "Tax Rate For Calcs": 0.0,
        "Normalized EBITDA": -8276000.0,
        "Total Unusual Items": -1638000.0,
        "Total Unusual Items Excluding Goodwill": -1638000.0,
        "Net Income From Continuing Operation Net Minority Interest": -10646000.0,
        "Reconciled Depreciation": 245000.0,
        "EBITDA": -9914000.0,
        "EBIT": -10159000.0,
        "Net Interest Income": -251000.0,
        "Interest Expense": 487000.0,
        "Interest Income": 236000.0,
        "Normalized Income": -9008000.0,
        "Net Income From Continuing And Discontinued Operation": -10646000.0,
        "Total Expenses": 8757000.0,
        "Rent Expense Supplemental": 51000.0,
        "Total Operating Income As Reported": -8757000.0,
        "Diluted Average Shares": 32013569.0,
        "Basic Average Shares": 32013569.0,
        "Diluted EPS": -0.33,
        "Basic EPS": -0.33,
        "Diluted NI Availto Com Stockholders": -10646000.0,
        "Net Income Common Stockholders": -10646000.0,
        "Net Income": -10646000.0,
        "Net Income Including Noncontrolling Interests": -10646000.0,
        "Net Income Continuous Operations": -10646000.0,
        "Pretax Income": -10646000.0,
        "Other Income Expense": -1638000.0,
        "Gain On Sale Of Security": -1638000.0,
        "Net Non Operating Interest Income Expense": -251000.0,
        "Interest Expense Non Operating": 487000.0,
        "Interest Income Non Operating": 236000.0,
        "Operating Income": -8757000.0,
        "Operating Expense": 8757000.0,
        "Other Operating Expenses": NaN,
        "Research And Development": 5416000.0,
        "Selling General And Administration": 3341000.0,
        "General And Administrative Expense": 3341000.0,
        "Other Gand A": 1331000.0,
        "Insurance And Claims": 281000.0,
        "Rent And Landing Fees": 51000.0,
        "Salaries And Wages": 1678000.0,
        "Total Revenue": 0.0,
        "Operating Revenue": 0.0
    },
    "2024-12-31": {
        "Tax Effect Of Unusual Items": 0.0,
        "Tax Rate For Calcs": 0.0,
        "Normalized EBITDA": -7606000.0,
        "Total Unusual Items": -5832000.0,
        "Total Unusual Items Excluding Goodwill": -5832000.0,
        "Net Income From Continuing Operation Net Minority Interest": -14073000.0,
        "Reconciled Depreciation": 245000.0,
        "EBITDA": -13438000.0,
        "EBIT": -13683000.0,
        "Net Interest Income": -100000.0,
        "Interest Expense": 390000.0,
        "Interest Income": 290000.0,
        "Normalized Income": -8241000.0,
        "Net Income From Continuing And Discontinued Operation": -14073000.0,
        "Total Expenses": 8141000.0,
        "Rent Expense Supplemental": 50000.0,
        "Total Operating Income As Reported": -8141000.0,
        "Diluted Average Shares": NaN,
        "Basic Average Shares": NaN,
        "Diluted EPS": NaN,
        "Basic EPS": NaN,
        "Diluted NI Availto Com Stockholders": -14073000.0,
        "Net Income Common Stockholders": -14073000.0,
        "Net Income": -14073000.0,
        "Net Income Including Noncontrolling Interests": -14073000.0,
        "Net Income Continuous Operations": -14073000.0,
        "Pretax Income": -14073000.0,
        "Other Income Expense": -5832000.0,
        "Gain On Sale Of Security": -5832000.0,
        "Net Non Operating Interest Income Expense": -100000.0,
        "Interest Expense Non Operating": 390000.0,
        "Interest Income Non Operating": 290000.0,
        "Operating Income": -8141000.0,
        "Operating Expense": 8141000.0,
        "Other Operating Expenses": NaN,
        "Research And Development": 4817000.0,
        "Selling General And Administration": 3324000.0,
        "General And Administrative Expense": 3324000.0,
        "Other Gand A": 1361000.0,
        "Insurance And Claims": 266000.0,
        "Rent And Landing Fees": 50000.0,
        "Salaries And Wages": 1647000.0,
        "Total Revenue": 0.0,
        "Operating Revenue": 0.0
    }
}