{
    "2023-05-31": {
        "Tax Effect Of Unusual Items": NaN,
        "Tax Rate For Calcs": NaN,
        "Normalized EBITDA": NaN,
        "Net Income From Continuing Operation Net Minority Interest": NaN,
        "Reconciled Depreciation": NaN,
        "Reconciled Cost Of Revenue": NaN,
        "EBITDA": NaN,
        "EBIT": NaN,
        "Net Interest Income": NaN,
        "Interest Expense": NaN,
        "Interest Income": NaN,
        "Normalized Income": NaN,
        "Net Income From Continuing And Discontinued Operation": NaN,
        "Total Expenses": NaN,
        "Diluted Average Shares": NaN,
        "Basic Average Shares": NaN,
        "Diluted EPS": NaN,
        "Basic EPS": NaN,
        "Diluted NI Availto Com Stockholders": NaN,
        "Net Income Common Stockholders": NaN,
        "Net Income": NaN,
        "Minority Interests": NaN,
        "Net Income Including Noncontrolling Interests": NaN,
        "Net Income Continuous Operations": NaN,
        "Earnings From Equity Interest Net Of Tax": 63000000.0,
        "Tax Provision": NaN,
        "Pretax Income": NaN,
        "Other Income Expense": NaN,
        "Other Non Operating Income Expenses": NaN,
        "Earnings From Equity Interest": NaN,
        "Net Non Operating Interest Income Expense": NaN,
        "Interest Expense Non Operating": NaN,
        "Interest Income Non Operating": NaN,
        "Operating Income": NaN,
        "Operating Expense": NaN,
        "Other Operating Expenses": -6000000.0,
        "Selling General And Administration": NaN,
        "General And Administrative Expense": NaN,
        "Other Gand A": NaN,
        "Salaries And Wages": NaN,
        "Gross Profit": NaN,
        "Cost Of Revenue": NaN,
        "Total Revenue": NaN,
        "Operating Revenue": NaN
    },
    "2023-02-28": {
        "Tax Effect Of Unusual Items": NaN,
        "Tax Rate For Calcs": NaN,
        "Normalized EBITDA": NaN,
        "Net Income From Continuing Operation Net Minority Interest": NaN,
        "Reconciled Depreciation": NaN,
        "Reconciled Cost Of Revenue": NaN,
        "EBITDA": NaN,
        "EBIT": NaN,
        "Net Interest Income": NaN,
        "Interest Expense": NaN,
        "Interest Income": NaN,
        "Normalized Income": NaN,
        "Net Income From Continuing And Discontinued Operation": NaN,
        "Total Expenses": NaN,
        "Diluted Average Shares": NaN,
        "Basic Average Shares": NaN,
        "Diluted EPS": NaN,
        "Basic EPS": NaN,
        "Diluted NI Availto Com Stockholders": NaN,
        "Net Income Common Stockholders": NaN,
        "Net Income": NaN,
        "Minority Interests": NaN,
        "Net Income Including Noncontrolling Interests": NaN,
        "Net Income Continuous Operations": NaN,
        "Earnings From Equity Interest Net Of Tax": 50500000.0,
        "Tax Provision": NaN,
        "Pretax Income": NaN,
        "Other Income Expense": NaN,
        "Other Non Operating Income Expenses": NaN,
        "Earnings From Equity Interest": NaN,
        "Net Non Operating Interest Income Expense": NaN,
        "Interest Expense Non Operating": NaN,
        "Interest Income Non Operating": NaN,
        "Operating Income": NaN,
        "Operating Expense": NaN,
        "Other Operating Expenses": -6000000.0,
        "Selling General And Administration": NaN,
        "General And Administrative Expense": NaN,
        "Other Gand A": NaN,
        "Salaries And Wages": -6000000.0,
        "Gross Profit": NaN,
        "Cost Of Revenue": NaN,
        "Total Revenue": NaN,
        "Operating Revenue": NaN
    },
    "2022-11-30": {
        "Tax Effect Of Unusual Items": NaN,
        "Tax Rate For Calcs": NaN,
        "Normalized EBITDA": NaN,
        "Net Income From Continuing Operation Net Minority Interest": NaN,
        "Reconciled Depreciation": NaN,
        "Reconciled Cost Of Revenue": NaN,
        "EBITDA": NaN,
        "EBIT": NaN,
        "Net Interest Income": NaN,
        "Interest Expense": NaN,
        "Interest Income": NaN,
        "Normalized Income": NaN,
        "Net Income From Continuing And Discontinued Operation": NaN,
        "Total Expenses": NaN,
        "Diluted Average Shares": NaN,
        "Basic Average Shares": NaN,
        "Diluted EPS": NaN,
        "Basic EPS": NaN,
        "Diluted NI Availto Com Stockholders": NaN,
        "Net Income Common Stockholders": NaN,
        "Net Income": NaN,
        "Minority Interests": NaN,
        "Net Income Including Noncontrolling Interests": NaN,
        "Net Income Continuous Operations": NaN,
        "Earnings From Equity Interest Net Of Tax": NaN,
        "Tax Provision": NaN,
        "Pretax Income": NaN,
        "Other Income Expense": 6100000.0,
        "Other Non Operating Income Expenses": 6100000.0,
        "Net Non Operating Interest Income Expense": NaN,
        "Interest Expense Non Operating": NaN,
        "Interest Income Non Operating": NaN,
        "Operating Income": NaN,
        "Operating Expense": NaN,
        "Other Operating Expenses": -6100000.0,
        "Selling General And Administration": NaN,
        "General And Administrative Expense": NaN,
        "Other Gand A": NaN,
        "Salaries And Wages": NaN,
        "Gross Profit": NaN,
        "Cost Of Revenue": NaN,
        "Total Revenue": NaN,
        "Operating Revenue": NaN
    },
    "2022-08-31": {
        "Tax Effect Of Unusual Items": NaN,
        "Tax Rate For Calcs": NaN,
        "Normalized EBITDA": NaN,
        "Net Income From Continuing Operation Net Minority Interest": NaN,
        "Reconciled Depreciation": NaN,
        "Reconciled Cost Of Revenue": NaN,
        "EBITDA": NaN,
        "EBIT": NaN,
        "Net Interest Income": NaN,
        "Interest Expense": NaN,
        "Interest Income": NaN,
        "Normalized Income": NaN,
        "Net Income From Continuing And Discontinued Operation": NaN,
        "Total Expenses": NaN,
        "Diluted Average Shares": NaN,
        "Basic Average Shares": NaN,
        "Diluted EPS": NaN,
        "Basic EPS": NaN,
        "Diluted NI Availto Com Stockholders": NaN,
        "Net Income Common Stockholders": NaN,
        "Net Income": NaN,
        "Minority Interests": NaN,
        "Net Income Including Noncontrolling Interests": NaN,
        "Net Income Continuous Operations": NaN,
        "Earnings From Equity Interest Net Of Tax": NaN,
        "Tax Provision": NaN,
        "Pretax Income": NaN,
        "Other Income Expense": 6100000.0,
        "Other Non Operating Income Expenses": 6100000.0,
        "Net Non Operating Interest Income Expense": NaN,
        "Interest Expense Non Operating": NaN,
        "Interest Income Non Operating": NaN,
        "Operating Income": NaN,
        "Operating Expense": NaN,
        "Other Operating Expenses": -6100000.0,
        "Selling General And Administration": NaN,
        "General And Administrative Expense": NaN,
        "Other Gand A": NaN,
        "Salaries And Wages": NaN,
        "Gross Profit": NaN,
        "Cost Of Revenue": NaN,
        "Total Revenue": NaN,
        "Operating Revenue": NaN
    },
    "2022-05-31": {
        "Tax Effect Of Unusual Items": 0.0,
        "Tax Rate For Calcs": 0.144,
        "Normalized EBITDA": 233100000.0,
        "Net Income From Continuing Operation Net Minority Interest": 158900000.0,
        "Reconciled Depreciation": 89800000.0,
        "Reconciled Cost Of Revenue": 2196600000.0,
        "EBIT": 233100000.0,
        "Net Interest Income": -96200000.0,
        "Interest Expense": 96200000.0,
        "Interest Income": 1000000.0,
        "Normalized Income": 158900000.0,
        "Net Income From Continuing And Discontinued Operation": 158900000.0,
        "Total Expenses": 2695900000.0,
        "Diluted Average Shares": 482200000.0,
        "Basic Average Shares": 480300000.0,
        "Diluted EPS": 0.33,
        "Basic EPS": 0.33,
        "Diluted NI Availto Com Stockholders": 158900000.0,
        "Net Income Common Stockholders": 158900000.0,
        "Net Income": 158900000.0,
        "Minority Interests": 1200000.0,
        "Net Income Including Noncontrolling Interests": 157700000.0,
        "Net Income Continuous Operations": 157700000.0,
        "Earnings From Equity Interest Net Of Tax": 47500000.0,
        "Tax Provision": 26700000.0,
        "Pretax Income": 136900000.0,
        "Other Income Expense": 19000000.0,
        "Other Non Operating Income Expenses": 19000000.0,
        "Net Non Operating Interest Income Expense": -96200000.0,
        "Interest Expense Non Operating": 96200000.0,
        "Interest Income Non Operating": 1000000.0,
        "Operating Income": 214100000.0,
        "Operating Expense": 499300000.0,
        "Selling General And Administration": 499300000.0,
        "Gross Profit": 713400000.0,
        "Cost Of Revenue": 2196600000.0,
        "Total Revenue": 2910000000.0,
        "Operating Revenue": 2910000000.0
    },
    "2022-02-28": {
        "Diluted EPS": 0.45,
        "Total Revenue": NaN,
        "Gross Profit": 697,
        "Operating Income": 375,
        "EBIT": 467,
        "Net Income": 218
    },
    "2021-11-30": {
        "Diluted EPS": 0.57,
        "Total Revenue": NaN,
        "Gross Profit": 755,
        "Operating Income": 426,
        "EBIT": 523,
        "Net Income": 276
    },
    "2021-08-31": {
        "Diluted EPS": 0.49,
        "Total Revenue": NaN,
        "Gross Profit": 673,
        "Operating Income": 379,
        "EBIT": 476,
        "Net Income": 235
    },
    "2021-05-31": {
        "Diluted EPS": 0.64,
        "Total Revenue": NaN,
        "Gross Profit": 722,
        "Operating Income": 300,
        "EBIT": 398,
        "Net Income": 310
    },
    "2021-02-28": {
        "Diluted EPS": 0.58,
        "Total Revenue": NaN,
        "Gross Profit": 758,
        "Operating Income": 462,
        "EBIT": 559,
        "Net Income": 281
    },
    "2020-11-30": {
        "Diluted EPS": 0.77,
        "Total Revenue": NaN,
        "Gross Profit": 889,
        "Operating Income": 545,
        "EBIT": 643,
        "Net Income": 379
    },
    "2020-08-31": {
        "Diluted EPS": 0.67,
        "Total Revenue": NaN,
        "Gross Profit": 810,
        "Operating Income": 524,
        "EBIT": 619,
        "Net Income": 329
    },
    "2020-05-31": {
        "Diluted EPS": 0.41,
        "Total Revenue": NaN,
        "Gross Profit": 923,
        "Operating Income": 364,
        "EBIT": 460,
        "Net Income": 201
    },
    "2020-02-29": {
        "Diluted EPS": 0.42,
        "Total Revenue": NaN,
        "Gross Profit": 684,
        "Operating Income": 381,
        "EBIT": 480,
        "Net Income": 204
    },
    "2019-11-30": {
        "Diluted EPS": 0.53,
        "Total Revenue": NaN,
        "Gross Profit": 798,
        "Operating Income": 439,
        "EBIT": 536,
        "Net Income": 261
    },
    "2019-08-31": {
        "Diluted EPS": 0.36,
        "Total Revenue": NaN,
        "Gross Profit": 665,
        "Operating Income": 273,
        "EBIT": 370,
        "Net Income": 174
    },
    "2019-05-31": {
        "Diluted EPS": 0.26,
        "Total Revenue": NaN,
        "Gross Profit": 708,
        "Operating Income": 319,
        "EBIT": 419,
        "Net Income": 127
    },
    "2019-02-28": {
        "Diluted EPS": 0.5,
        "Total Revenue": NaN,
        "Gross Profit": 752,
        "Operating Income": 428,
        "EBIT": 520,
        "Net Income": 242
    },
    "2018-11-30": {
        "Diluted EPS": 0.31,
        "Total Revenue": NaN,
        "Gross Profit": 677,
        "Operating Income": 200,
        "EBIT": 276,
        "Net Income": 132
    },
    "2018-08-31": {
        "Diluted EPS": 0.45,
        "Total Revenue": NaN,
        "Gross Profit": 516,
        "Operating Income": 268,
        "EBIT": 332,
        "Net Income": 178
    },
    "2018-05-31": {
        "Diluted EPS": 0.18,
        "Total Revenue": NaN,
        "Gross Profit": 575,
        "Operating Income": 134,
        "EBIT": 198,
        "Net Income": 70
    },
    "2018-02-28": {
        "Diluted EPS": 0.9,
        "Total Revenue": NaN,
        "Gross Profit": 599,
        "Operating Income": 269,
        "EBIT": 333,
        "Net Income": 363
    },
    "2017-11-30": {
        "Diluted EPS": 0.54,
        "Total Revenue": NaN,
        "Gross Profit": 658,
        "Operating Income": 351,
        "EBIT": 415,
        "Net Income": 224
    },
    "2017-08-31": {
        "Diluted EPS": 0.36,
        "Total Revenue": NaN,
        "Gross Profit": 519,
        "Operating Income": 280,
        "EBIT": 345,
        "Net Income": 153
    },
    "2017-05-31": {
        "Diluted EPS": 0.35,
        "Total Revenue": NaN,
        "Gross Profit": 531,
        "Operating Income": 111,
        "EBIT": 179,
        "Net Income": 151
    },
    "2017-02-28": {
        "Diluted EPS": 0.41,
        "Total Revenue": NaN,
        "Gross Profit": 621,
        "Operating Income": 271,
        "EBIT": 338,
        "Net Income": 180
    },
    "2016-11-30": {
        "Diluted EPS": 0.28,
        "Total Revenue": NaN,
        "Gross Profit": 648,
        "Operating Income": 230,
        "EBIT": 296,
        "Net Income": 122
    },
    "2016-08-31": {
        "Diluted EPS": 0.42,
        "Total Revenue": NaN,
        "Gross Profit": 545,
        "Operating Income": 313,
        "EBIT": 380,
        "Net Income": 186
    },
    "2016-05-31": {
        "Diluted EPS": 0.28,
        "Total Revenue": NaN,
        "Gross Profit": 440,
        "Operating Income": -249,
        "EBIT": -181,
        "Net Income": 121
    },
    "2016-02-29": {
        "Diluted EPS": 0.46,
        "Total Revenue": NaN,
        "Gross Profit": 620,
        "Operating Income": 173,
        "EBIT": 242,
        "Net Income": 201
    },
    "2015-11-30": {
        "Diluted EPS": 0.35,
        "Total Revenue": NaN,
        "Gross Profit": 668,
        "Operating Income": 185,
        "EBIT": 234,
        "Net Income": 155
    },
    "2015-08-31": {
        "Diluted EPS": -2.65,
        "Total Revenue": NaN,
        "Gross Profit": 701,
        "Operating Income": 296,
        "EBIT": 387,
        "Net Income": NaN
    },
    "2015-05-31": {
        "Diluted EPS": 0.48,
        "Total Revenue": 227,
        "Gross Profit": 228,
        "Operating Income": -9,
        "EBIT": -8,
        "Net Income": 211
    },
    "2015-02-28": {
        "Diluted EPS": -2.21,
        "Total Revenue": NaN,
        "Gross Profit": 720,
        "Operating Income": 360,
        "EBIT": 452,
        "Net Income": -955
    },
    "2014-11-30": {
        "Diluted EPS": 0.02,
        "Total Revenue": NaN,
        "Gross Profit": 757,
        "Operating Income": 365,
        "EBIT": 461,
        "Net Income": 10
    },
    "2014-08-31": {
        "Diluted EPS": 1.12,
        "Total Revenue": NaN,
        "Gross Profit": 591,
        "Operating Income": 197,
        "EBIT": 293,
        "Net Income": 482
    },
    "2014-05-31": {
        "Diluted EPS": -0.77,
        "Total Revenue": NaN,
        "Gross Profit": 844,
        "Operating Income": -308,
        "EBIT": -381,
        "Net Income": -324
    },
    "2014-02-28": {
        "Diluted EPS": 0.55,
        "Total Revenue": NaN,
        "Gross Profit": 923,
        "Operating Income": 388,
        "EBIT": 538,
        "Net Income": 234
    },
    "2013-11-30": {
        "Diluted EPS": 0.58,
        "Total Revenue": NaN,
        "Gross Profit": 960,
        "Operating Income": 407,
        "EBIT": 545,
        "Net Income": 248
    },
    "2013-08-31": {
        "Diluted EPS": 0.34,
        "Total Revenue": NaN,
        "Gross Profit": 792,
        "Operating Income": 254,
        "EBIT": 394,
        "Net Income": 144
    },
    "2013-05-31": {
        "Diluted EPS": 0.44,
        "Total Revenue": NaN,
        "Gross Profit": 764,
        "Operating Income": 254,
        "EBIT": 374,
        "Net Income": 191
    },
    "2013-02-28": {
        "Diluted EPS": 0.29,
        "Total Revenue": NaN,
        "Gross Profit": 871,
        "Operating Income": 259,
        "EBIT": 372,
        "Net Income": 120
    },
    "2012-11-30": {
        "Diluted EPS": 0.51,
        "Total Revenue": NaN,
        "Gross Profit": 862,
        "Operating Income": 368,
        "EBIT": 462,
        "Net Income": 211
    },
    "2012-08-31": {
        "Diluted EPS": 0.61,
        "Total Revenue": NaN,
        "Gross Profit": 869,
        "Operating Income": 418,
        "EBIT": 509,
        "Net Income": 250
    },
    "2012-05-31": {
        "Diluted EPS": -0.2,
        "Total Revenue": NaN,
        "Gross Profit": 662,
        "Operating Income": -116,
        "EBIT": -22,
        "Net Income": -87
    },
    "2012-02-29": {
        "Diluted EPS": 0.67,
        "Total Revenue": NaN,
        "Gross Profit": 787,
        "Operating Income": 430,
        "EBIT": 521,
        "Net Income": 280
    },
    "2011-11-30": {
        "Diluted EPS": 0.43,
        "Total Revenue": NaN,
        "Gross Profit": 754,
        "Operating Income": 315,
        "EBIT": 410,
        "Net Income": 180
    },
    "2011-08-31": {
        "Diluted EPS": 0.22,
        "Total Revenue": NaN,
        "Gross Profit": 596,
        "Operating Income": 189,
        "EBIT": 281,
        "Net Income": 94
    },
    "2011-05-31": {
        "Diluted EPS": 0.6,
        "Total Revenue": NaN,
        "Gross Profit": 694,
        "Operating Income": 437,
        "EBIT": 534,
        "Net Income": 254
    },
    "2011-02-28": {
        "Diluted EPS": 0.5,
        "Total Revenue": NaN,
        "Gross Profit": 797,
        "Operating Income": 393,
        "EBIT": 483,
        "Net Income": 215
    },
    "2010-11-30": {
        "Diluted EPS": 0.45,
        "Total Revenue": NaN,
        "Gross Profit": 760,
        "Operating Income": 332,
        "EBIT": 420,
        "Net Income": 201
    },
    "2010-08-31": {
        "Diluted EPS": 0.33,
        "Total Revenue": NaN,
        "Gross Profit": 651,
        "Operating Income": 241,
        "EBIT": 327,
        "Net Income": 146
    },
    "2010-05-31": {
        "Diluted EPS": -0.05,
        "Total Revenue": NaN,
        "Gross Profit": 721,
        "Operating Income": 30,
        "EBIT": 113,
        "Net Income": -23
    },
    "2010-02-28": {
        "Diluted EPS": 0.51,
        "Total Revenue": NaN,
        "Gross Profit": 779,
        "Operating Income": 360,
        "EBIT": 442,
        "Net Income": 230
    },
    "2009-11-30": {
        "Diluted EPS": 0.54,
        "Total Revenue": NaN,
        "Gross Profit": 843,
        "Operating Income": 387,
        "EBIT": 467,
        "Net Income": 240
    },
    "2009-08-31": {
        "Diluted EPS": 0.37,
        "Total Revenue": NaN,
        "Gross Profit": 706,
        "Operating Income": 284,
        "EBIT": 363,
        "Net Income": 166
    },
    "2009-05-31": {
        "Diluted EPS": 0.41,
        "Total Revenue": NaN,
        "Gross Profit": 760,
        "Operating Income": 259,
        "EBIT": 328,
        "Net Income": 175
    },
    "2009-02-28": {
        "Diluted EPS": 0.43,
        "Total Revenue": NaN,
        "Gross Profit": 739,
        "Operating Income": 315,
        "EBIT": 397,
        "Net Income": 193
    },
    "2023-08-31": {
        "Tax Effect Of Unusual Items": NaN,
        "Tax Rate For Calcs": NaN,
        "Normalized EBITDA": NaN,
        "Net Income From Continuing Operation Net Minority Interest": NaN,
        "Reconciled Depreciation": NaN,
        "Reconciled Cost Of Revenue": NaN,
        "EBITDA": NaN,
        "EBIT": NaN,
        "Net Interest Income": NaN,
        "Interest Expense": NaN,
        "Interest Income": NaN,
        "Normalized Income": NaN,
        "Net Income From Continuing And Discontinued Operation": NaN,
        "Total Expenses": NaN,
        "Diluted Average Shares": 479800000.0,
        "Basic Average Shares": 478200000.0,
        "Diluted EPS": 0.67,
        "Basic EPS": 0.67,
        "Diluted NI Availto Com Stockholders": NaN,
        "Net Income Common Stockholders": NaN,
        "Net Income": NaN,
        "Minority Interests": NaN,
        "Net Income Including Noncontrolling Interests": NaN,
        "Net Income Continuous Operations": NaN,
        "Earnings From Equity Interest Net Of Tax": 35500000.0,
        "Tax Provision": NaN,
        "Pretax Income": NaN,
        "Other Income Expense": NaN,
        "Other Non Operating Income Expenses": NaN,
        "Earnings From Equity Interest": 35500000.0,
        "Net Non Operating Interest Income Expense": NaN,
        "Interest Expense Non Operating": NaN,
        "Interest Income Non Operating": NaN,
        "Operating Income": NaN,
        "Operating Expense": NaN,
        "Selling General And Administration": NaN,
        "General And Administrative Expense": NaN,
        "Other Gand A": NaN,
        "Salaries And Wages": 300000.0,
        "Gross Profit": NaN,
        "Cost Of Revenue": NaN,
        "Total Revenue": NaN,
        "Operating Revenue": NaN
    },
    "2023-11-30": {
        "Tax Effect Of Unusual Items": 0.0,
        "Tax Rate For Calcs": 0.265,
        "Normalized EBITDA": 602500000.0,
        "Net Income From Continuing Operation Net Minority Interest": 286200000.0,
        "Reconciled Depreciation": 99300000.0,
        "Reconciled Cost Of Revenue": 2361500000.0,
        "EBITDA": 602500000.0,
        "EBIT": 503200000.0,
        "Net Interest Income": -113300000.0,
        "Interest Expense": 114100000.0,
        "Interest Income": 800000.0,
        "Normalized Income": 286200000.0,
        "Net Income From Continuing And Discontinued Operation": 286200000.0,
        "Total Expenses": 2759600000.0,
        "Diluted Average Shares": 479800000.0,
        "Basic Average Shares": 478700000.0,
        "Diluted EPS": 0.6,
        "Basic EPS": 0.6,
        "Diluted NI Availto Com Stockholders": 286200000.0,
        "Net Income Common Stockholders": 286200000.0,
        "Net Income": 286200000.0,
        "Minority Interests": 0.0,
        "Net Income Including Noncontrolling Interests": 286200000.0,
        "Net Income Continuous Operations": 286200000.0,
        "Earnings From Equity Interest Net Of Tax": 54300000.0,
        "Tax Provision": 102900000.0,
        "Pretax Income": 389100000.0,
        "Other Income Expense": 53900000.0,
        "Other Non Operating Income Expenses": -400000.0,
        "Earnings From Equity Interest": 54300000.0,
        "Net Non Operating Interest Income Expense": -113300000.0,
        "Interest Expense Non Operating": 114100000.0,
        "Interest Income Non Operating": 800000.0,
        "Operating Income": 448500000.0,
        "Operating Expense": 398100000.0,
        "Selling General And Administration": 398100000.0,
        "General And Administrative Expense": 398100000.0,
        "Other Gand A": 398100000.0,
        "Salaries And Wages": 400000.0,
        "Gross Profit": 846600000.0,
        "Cost Of Revenue": 2361500000.0,
        "Total Revenue": 3208100000.0,
        "Operating Revenue": 3208100000.0
    },
    "2024-02-29": {
        "Tax Effect Of Unusual Items": 0.0,
        "Tax Rate For Calcs": 0.237,
        "Normalized EBITDA": 567200000.0,
        "Net Income From Continuing Operation Net Minority Interest": 308600000.0,
        "Reconciled Depreciation": 95800000.0,
        "Reconciled Cost Of Revenue": 2174100000.0,
        "EBITDA": 567200000.0,
        "EBIT": 471400000.0,
        "Net Interest Income": -106500000.0,
        "Interest Expense": 107900000.0,
        "Interest Income": 1400000.0,
        "Normalized Income": 308600000.0,
        "Net Income From Continuing And Discontinued Operation": 308600000.0,
        "Total Expenses": 2561500000.0,
        "Diluted Average Shares": 480000000.0,
        "Basic Average Shares": 478800000.0,
        "Diluted EPS": 0.64,
        "Basic EPS": 0.64,
        "Diluted NI Availto Com Stockholders": 308600000.0,
        "Net Income Common Stockholders": 308600000.0,
        "Net Income": 308600000.0,
        "Minority Interests": -200000.0,
        "Net Income Including Noncontrolling Interests": 308800000.0,
        "Net Income Continuous Operations": 308800000.0,
        "Earnings From Equity Interest Net Of Tax": 41200000.0,
        "Tax Provision": 95900000.0,
        "Pretax Income": 363500000.0,
        "Other Income Expense": -1400000.0,
        "Other Non Operating Income Expenses": -1400000.0,
        "Earnings From Equity Interest": NaN,
        "Net Non Operating Interest Income Expense": -106500000.0,
        "Interest Expense Non Operating": 107900000.0,
        "Interest Income Non Operating": 1400000.0,
        "Operating Income": 471400000.0,
        "Operating Expense": 387400000.0,
        "Selling General And Administration": 387400000.0,
        "General And Administrative Expense": 387400000.0,
        "Other Gand A": 387400000.0,
        "Salaries And Wages": 1400000.0,
        "Gross Profit": 858800000.0,
        "Cost Of Revenue": 2174100000.0,
        "Total Revenue": 3032900000.0,
        "Operating Revenue": 3032900000.0
    },
    "2024-05-31": {
        "Tax Effect Of Unusual Items": 0.0,
        "Tax Rate For Calcs": 0.073492,
        "Normalized EBITDA": -254500000.0,
        "Net Income From Continuing Operation Net Minority Interest": -567300000.0,
        "Reconciled Depreciation": 109200000.0,
        "Reconciled Cost Of Revenue": 2101000000.0,
        "EBITDA": -254500000.0,
        "EBIT": -363700000.0,
        "Net Interest Income": -104700000.0,
        "Interest Expense": 107100000.0,
        "Interest Income": 2400000.0,
        "Normalized Income": -567300000.0,
        "Net Income From Continuing And Discontinued Operation": -567300000.0,
        "Total Expenses": 3462000000.0,
        "Diluted Average Shares": NaN,
        "Basic Average Shares": NaN,
        "Diluted EPS": NaN,
        "Basic EPS": NaN,
        "Diluted NI Availto Com Stockholders": -567300000.0,
        "Net Income Common Stockholders": -567300000.0,
        "Net Income": -567300000.0,
        "Minority Interests": -100000.0,
        "Net Income Including Noncontrolling Interests": -567200000.0,
        "Net Income Continuous Operations": -567200000.0,
        "Earnings From Equity Interest Net Of Tax": NaN,
        "Tax Provision": -34600000.0,
        "Pretax Income": -470800000.0,
        "Other Income Expense": 190000000.0,
        "Other Non Operating Income Expenses": 12400000.0,
        "Earnings From Equity Interest": NaN,
        "Net Non Operating Interest Income Expense": -104700000.0,
        "Interest Expense Non Operating": 107100000.0,
        "Interest Income Non Operating": 2400000.0,
        "Operating Income": -556100000.0,
        "Operating Expense": 1361000000.0,
        "Selling General And Administration": 1361000000.0,
        "General And Administrative Expense": 1361000000.0,
        "Other Gand A": 1361000000.0,
        "Salaries And Wages": -12400000.0,
        "Gross Profit": 804900000.0,
        "Cost Of Revenue": 2101000000.0,
        "Total Revenue": 2905900000.0,
        "Operating Revenue": 2905900000.0
    },
    "2024-08-31": {
        "Tax Effect Of Unusual Items": 0.0,
        "Tax Rate For Calcs": 0.21,
        "Normalized EBITDA": 533800000.0,
        "Net Income From Continuing Operation Net Minority Interest": 466800000.0,
        "Reconciled Depreciation": 99100000.0,
        "Reconciled Cost Of Revenue": 2055600000.0,
        "EBITDA": 533800000.0,
        "EBIT": 434700000.0,
        "Net Interest Income": -105800000.0,
        "Interest Expense": 106700000.0,
        "Interest Income": 900000.0,
        "Normalized Income": 466800000.0,
        "Net Income From Continuing And Discontinued Operation": 466800000.0,
        "Total Expenses": 2393300000.0,
        "Diluted Average Shares": 480300000.0,
        "Basic Average Shares": 478800000.0,
        "Diluted EPS": 0.97,
        "Basic EPS": 0.97,
        "Diluted NI Availto Com Stockholders": 466800000.0,
        "Net Income Common Stockholders": 466800000.0,
        "Net Income": 466800000.0,
        "Minority Interests": -100000.0,
        "Net Income Including Noncontrolling Interests": 466900000.0,
        "Net Income Continuous Operations": 466900000.0,
        "Earnings From Equity Interest Net Of Tax": NaN,
        "Tax Provision": -138900000.0,
        "Pretax Income": 328000000.0,
        "Other Income Expense": 32200000.0,
        "Other Non Operating Income Expenses": 3100000.0,
        "Earnings From Equity Interest": 29100000.0,
        "Net Non Operating Interest Income Expense": -105800000.0,
        "Interest Expense Non Operating": 106700000.0,
        "Interest Income Non Operating": 900000.0,
        "Operating Income": 401600000.0,
        "Operating Expense": 337700000.0,
        "Selling General And Administration": 337700000.0,
        "General And Administrative Expense": 337700000.0,
        "Other Gand A": 337700000.0,
        "Salaries And Wages": NaN,
        "Gross Profit": 739300000.0,
        "Cost Of Revenue": 2055600000.0,
        "Total Revenue": 2794900000.0,
        "Operating Revenue": 2794900000.0
    },
    "2024-11-30": {
        "Tax Effect Of Unusual Items": 0.0,
        "Tax Rate For Calcs": 0.178,
        "Normalized EBITDA": 552300000.0,
        "Net Income From Continuing Operation Net Minority Interest": 284500000.0,
        "Reconciled Depreciation": 97500000.0,
        "Reconciled Cost Of Revenue": 2348400000.0,
        "EBITDA": 552300000.0,
        "EBIT": 454800000.0,
        "Net Interest Income": -108200000.0,
        "Interest Expense": 108800000.0,
        "Interest Income": 600000.0,
        "Normalized Income": 284500000.0,
        "Net Income From Continuing And Discontinued Operation": 284500000.0,
        "Total Expenses": 2792500000.0,
        "Diluted Average Shares": 479300000.0,
        "Basic Average Shares": 478000000.0,
        "Diluted EPS": 0.59,
        "Basic EPS": 0.6,
        "Diluted NI Availto Com Stockholders": 284500000.0,
        "Net Income Common Stockholders": 284500000.0,
        "Net Income": 284500000.0,
        "Minority Interests": 0.0,
        "Net Income Including Noncontrolling Interests": 284500000.0,
        "Net Income Continuous Operations": 284500000.0,
        "Earnings From Equity Interest Net Of Tax": NaN,
        "Tax Provision": 61500000.0,
        "Pretax Income": 346000000.0,
        "Other Income Expense": 51600000.0,
        "Other Non Operating Income Expenses": 3100000.0,
        "Earnings From Equity Interest": 48500000.0,
        "Net Non Operating Interest Income Expense": -108200000.0,
        "Interest Expense Non Operating": 108800000.0,
        "Interest Income Non Operating": 600000.0,
        "Operating Income": 402600000.0,
        "Operating Expense": 444100000.0,
        "Selling General And Administration": 444100000.0,
        "General And Administrative Expense": 444100000.0,
        "Other Gand A": 444100000.0,
        "Salaries And Wages": NaN,
        "Gross Profit": 846700000.0,
        "Cost Of Revenue": 2348400000.0,
        "Total Revenue": 3195100000.0,
        "Operating Revenue": 3195100000.0
    }
}