{
    "2023-03-31": {
        "Tax Effect Of Unusual Items": NaN,
        "Tax Rate For Calcs": NaN,
        "Normalized EBITDA": NaN,
        "Total Unusual Items": 3168000.0,
        "Total Unusual Items Excluding Goodwill": 3168000.0,
        "Net Income From Continuing Operation Net Minority Interest": NaN,
        "Reconciled Depreciation": NaN,
        "EBITDA": NaN,
        "EBIT": NaN,
        "Normalized Income": NaN,
        "Net Income From Continuing And Discontinued Operation": NaN,
        "Total Expenses": NaN,
        "Total Operating Income As Reported": NaN,
        "Diluted Average Shares": NaN,
        "Basic Average Shares": NaN,
        "Diluted EPS": NaN,
        "Basic EPS": NaN,
        "Diluted NI Availto Com Stockholders": NaN,
        "Net Income Common Stockholders": NaN,
        "Net Income": NaN,
        "Net Income Including Noncontrolling Interests": NaN,
        "Net Income Continuous Operations": NaN,
        "Pretax Income": NaN,
        "Other Income Expense": NaN,
        "Other Non Operating Income Expenses": NaN,
        "Gain On Sale Of Security": 3168000.0,
        "Operating Income": NaN,
        "Operating Expense": NaN,
        "Research And Development": NaN,
        "Selling General And Administration": NaN,
        "General And Administrative Expense": NaN,
        "Other Gand A": NaN,
        "Salaries And Wages": NaN,
        "Total Revenue": NaN,
        "Operating Revenue": NaN
    },
    "2022-12-31": {
        "Tax Effect Of Unusual Items": NaN,
        "Tax Rate For Calcs": NaN,
        "Normalized EBITDA": NaN,
        "Total Unusual Items": -528000.0,
        "Total Unusual Items Excluding Goodwill": -528000.0,
        "Net Income From Continuing Operation Net Minority Interest": NaN,
        "Reconciled Depreciation": NaN,
        "EBITDA": NaN,
        "EBIT": NaN,
        "Net Interest Income": 309000.0,
        "Interest Income": 309000.0,
        "Normalized Income": NaN,
        "Net Income From Continuing And Discontinued Operation": NaN,
        "Total Expenses": NaN,
        "Total Operating Income As Reported": NaN,
        "Diluted Average Shares": NaN,
        "Basic Average Shares": NaN,
        "Diluted EPS": NaN,
        "Basic EPS": NaN,
        "Diluted NI Availto Com Stockholders": NaN,
        "Net Income Common Stockholders": NaN,
        "Net Income": NaN,
        "Net Income Including Noncontrolling Interests": NaN,
        "Net Income Continuous Operations": NaN,
        "Pretax Income": NaN,
        "Other Income Expense": NaN,
        "Other Non Operating Income Expenses": NaN,
        "Special Income Charges": -528000.0,
        "Impairment Of Capital Assets": 0.0,
        "Restructuring And Mergern Acquisition": 528000.0,
        "Gain On Sale Of Security": NaN,
        "Net Non Operating Interest Income Expense": 309000.0,
        "Interest Income Non Operating": 309000.0,
        "Operating Income": NaN,
        "Operating Expense": NaN,
        "Research And Development": NaN,
        "Selling General And Administration": NaN,
        "General And Administrative Expense": NaN,
        "Other Gand A": NaN,
        "Salaries And Wages": NaN,
        "Total Revenue": NaN,
        "Operating Revenue": NaN
    },
    "2022-09-30": {
        "Tax Effect Of Unusual Items": NaN,
        "Tax Rate For Calcs": NaN,
        "Normalized EBITDA": NaN,
        "Total Unusual Items": 756000.0,
        "Total Unusual Items Excluding Goodwill": 756000.0,
        "Net Income From Continuing Operation Net Minority Interest": NaN,
        "Reconciled Depreciation": NaN,
        "EBITDA": NaN,
        "EBIT": NaN,
        "Net Interest Income": 171000.0,
        "Interest Income": 171000.0,
        "Normalized Income": NaN,
        "Net Income From Continuing And Discontinued Operation": NaN,
        "Total Expenses": NaN,
        "Total Operating Income As Reported": NaN,
        "Diluted Average Shares": 83154.0,
        "Basic Average Shares": 83154.0,
        "Diluted EPS": -31.04,
        "Basic EPS": -31.04,
        "Diluted NI Availto Com Stockholders": NaN,
        "Net Income Common Stockholders": NaN,
        "Net Income": NaN,
        "Net Income Including Noncontrolling Interests": NaN,
        "Net Income Continuous Operations": NaN,
        "Pretax Income": NaN,
        "Other Income Expense": NaN,
        "Other Non Operating Income Expenses": NaN,
        "Special Income Charges": -2435000.0,
        "Impairment Of Capital Assets": NaN,
        "Restructuring And Mergern Acquisition": 2435000.0,
        "Gain On Sale Of Security": 756000.0,
        "Net Non Operating Interest Income Expense": 171000.0,
        "Interest Income Non Operating": 171000.0,
        "Operating Income": NaN,
        "Operating Expense": NaN,
        "Research And Development": NaN,
        "Selling General And Administration": NaN,
        "General And Administrative Expense": NaN,
        "Other Gand A": NaN,
        "Salaries And Wages": NaN,
        "Total Revenue": NaN,
        "Operating Revenue": NaN
    },
    "2022-06-30": {
        "Tax Effect Of Unusual Items": 0.0,
        "Tax Rate For Calcs": 0.0,
        "Normalized EBITDA": -8301000.0,
        "Total Unusual Items": 0.0,
        "Total Unusual Items Excluding Goodwill": 0.0,
        "Net Income From Continuing Operation Net Minority Interest": -8241000.0,
        "Reconciled Depreciation": 125000.0,
        "EBITDA": -8301000.0,
        "EBIT": -8301000.0,
        "Net Interest Income": 60000.0,
        "Interest Income": 60000.0,
        "Normalized Income": -8241000.0,
        "Net Income From Continuing And Discontinued Operation": -8241000.0,
        "Total Expenses": 8301000.0,
        "Total Operating Income As Reported": -8301000.0,
        "Diluted Average Shares": 5921.0,
        "Basic Average Shares": 5921.0,
        "Diluted EPS": -511.904762,
        "Basic EPS": -511.904762,
        "Diluted NI Availto Com Stockholders": -8241000.0,
        "Net Income Common Stockholders": -8241000.0,
        "Net Income": -8241000.0,
        "Net Income Including Noncontrolling Interests": -8241000.0,
        "Net Income Continuous Operations": -8241000.0,
        "Pretax Income": -8241000.0,
        "Other Income Expense": NaN,
        "Other Non Operating Income Expenses": NaN,
        "Special Income Charges": 0.0,
        "Write Off": 0.0,
        "Impairment Of Capital Assets": 0.0,
        "Restructuring And Mergern Acquisition": NaN,
        "Gain On Sale Of Security": NaN,
        "Net Non Operating Interest Income Expense": 60000.0,
        "Interest Income Non Operating": 60000.0,
        "Operating Income": -8301000.0,
        "Operating Expense": 8301000.0,
        "Research And Development": 4058000.0,
        "Selling General And Administration": 4243000.0,
        "General And Administrative Expense": 4243000.0,
        "Other Gand A": 4243000.0,
        "Salaries And Wages": 2092000.0,
        "Total Revenue": 0.0,
        "Operating Revenue": 0.0
    },
    "2022-03-31": {
        "Diluted EPS": -46.13,
        "Total Revenue": NaN,
        "Gross Profit": NaN,
        "Operating Income": -4,
        "EBIT": -4,
        "Net Income": -4
    },
    "2021-12-31": {
        "Diluted EPS": -5.74,
        "Total Revenue": NaN,
        "Gross Profit": NaN,
        "Operating Income": -9,
        "EBIT": -9,
        "Net Income": -9
    },
    "2021-09-30": {
        "Diluted EPS": -5.32,
        "Total Revenue": NaN,
        "Gross Profit": NaN,
        "Operating Income": -8,
        "EBIT": -8,
        "Net Income": -8
    },
    "2021-06-30": {
        "Diluted EPS": -5.04,
        "Total Revenue": NaN,
        "Gross Profit": NaN,
        "Operating Income": -8,
        "EBIT": -8,
        "Net Income": -8
    },
    "2021-03-31": {
        "Diluted EPS": -7.56,
        "Total Revenue": NaN,
        "Gross Profit": NaN,
        "Operating Income": -11,
        "EBIT": -11,
        "Net Income": -11
    },
    "2020-12-31": {
        "Diluted EPS": 149.44,
        "Total Revenue": NaN,
        "Gross Profit": NaN,
        "Operating Income": -9,
        "EBIT": -9,
        "Net Income": -9
    },
    "2020-09-30": {
        "Diluted EPS": -35.29,
        "Total Revenue": NaN,
        "Gross Profit": NaN,
        "Operating Income": -7,
        "EBIT": -7,
        "Net Income": -7
    },
    "2020-06-30": {
        "Diluted EPS": -95.1,
        "Total Revenue": NaN,
        "Gross Profit": NaN,
        "Operating Income": -6,
        "EBIT": -6,
        "Net Income": -9
    },
    "2020-03-31": {
        "Diluted EPS": -92.58,
        "Total Revenue": NaN,
        "Gross Profit": NaN,
        "Operating Income": -8,
        "EBIT": -8,
        "Net Income": -9
    },
    "2019-12-31": {
        "Diluted EPS": 0.0,
        "Total Revenue": NaN,
        "Gross Profit": NaN,
        "Operating Income": NaN,
        "EBIT": NaN,
        "Net Income": NaN
    },
    "2019-09-30": {
        "Diluted EPS": -130.25,
        "Total Revenue": NaN,
        "Gross Profit": NaN,
        "Operating Income": -10,
        "EBIT": -10,
        "Net Income": -12
    },
    "2018-12-31": {
        "Diluted EPS": 0.0,
        "Total Revenue": NaN,
        "Gross Profit": NaN,
        "Operating Income": NaN,
        "EBIT": NaN,
        "Net Income": NaN
    },
    "2023-06-30": {
        "Tax Effect Of Unusual Items": NaN,
        "Tax Rate For Calcs": NaN,
        "Normalized EBITDA": NaN,
        "Total Unusual Items": NaN,
        "Total Unusual Items Excluding Goodwill": NaN,
        "Net Income From Continuing Operation Net Minority Interest": NaN,
        "Reconciled Depreciation": NaN,
        "EBITDA": NaN,
        "EBIT": NaN,
        "Normalized Income": NaN,
        "Net Income From Continuing And Discontinued Operation": NaN,
        "Total Expenses": NaN,
        "Total Operating Income As Reported": NaN,
        "Diluted Average Shares": 5661933.0,
        "Basic Average Shares": 5661933.0,
        "Diluted EPS": -1.11,
        "Basic EPS": -1.11,
        "Diluted NI Availto Com Stockholders": NaN,
        "Net Income Common Stockholders": NaN,
        "Net Income": NaN,
        "Net Income Including Noncontrolling Interests": NaN,
        "Net Income Continuous Operations": NaN,
        "Pretax Income": NaN,
        "Other Income Expense": NaN,
        "Other Non Operating Income Expenses": NaN,
        "Gain On Sale Of Security": NaN,
        "Operating Income": NaN,
        "Operating Expense": NaN,
        "Research And Development": NaN,
        "Selling General And Administration": NaN,
        "General And Administrative Expense": NaN,
        "Other Gand A": NaN,
        "Salaries And Wages": NaN,
        "Total Revenue": NaN,
        "Operating Revenue": NaN
    },
    "2023-09-30": {
        "Tax Effect Of Unusual Items": NaN,
        "Tax Rate For Calcs": NaN,
        "Normalized EBITDA": NaN,
        "Total Unusual Items": NaN,
        "Total Unusual Items Excluding Goodwill": NaN,
        "Net Income From Continuing Operation Net Minority Interest": NaN,
        "Reconciled Depreciation": NaN,
        "EBITDA": NaN,
        "EBIT": NaN,
        "Net Interest Income": NaN,
        "Interest Expense": NaN,
        "Normalized Income": NaN,
        "Net Income From Continuing And Discontinued Operation": NaN,
        "Total Expenses": NaN,
        "Total Operating Income As Reported": NaN,
        "Diluted Average Shares": 5667343.0,
        "Basic Average Shares": 5667343.0,
        "Diluted EPS": -0.82,
        "Basic EPS": -0.82,
        "Diluted NI Availto Com Stockholders": NaN,
        "Net Income Common Stockholders": NaN,
        "Net Income": NaN,
        "Net Income Including Noncontrolling Interests": NaN,
        "Net Income Continuous Operations": NaN,
        "Pretax Income": NaN,
        "Other Income Expense": NaN,
        "Other Non Operating Income Expenses": NaN,
        "Gain On Sale Of Security": NaN,
        "Net Non Operating Interest Income Expense": NaN,
        "Interest Expense Non Operating": NaN,
        "Operating Income": NaN,
        "Operating Expense": NaN,
        "Research And Development": NaN,
        "Selling General And Administration": NaN,
        "General And Administrative Expense": NaN,
        "Other Gand A": NaN,
        "Salaries And Wages": NaN,
        "Total Revenue": NaN,
        "Operating Revenue": NaN
    },
    "2023-12-31": {
        "Tax Effect Of Unusual Items": 0.0,
        "Tax Rate For Calcs": 0.0,
        "Normalized EBITDA": -472000.0,
        "Total Unusual Items": 0.0,
        "Total Unusual Items Excluding Goodwill": 0.0,
        "Net Income From Continuing Operation Net Minority Interest": -4146000.0,
        "Reconciled Depreciation": 19000.0,
        "EBITDA": -472000.0,
        "EBIT": -491000.0,
        "Normalized Income": -4146000.0,
        "Net Income From Continuing And Discontinued Operation": -4146000.0,
        "Total Expenses": 4319000.0,
        "Total Operating Income As Reported": -4319000.0,
        "Diluted Average Shares": NaN,
        "Basic Average Shares": NaN,
        "Diluted EPS": NaN,
        "Basic EPS": NaN,
        "Diluted NI Availto Com Stockholders": -4146000.0,
        "Net Income Common Stockholders": -4146000.0,
        "Net Income": -4146000.0,
        "Net Income Including Noncontrolling Interests": -4146000.0,
        "Net Income Continuous Operations": -4146000.0,
        "Pretax Income": -4146000.0,
        "Other Income Expense": 283000.0,
        "Other Non Operating Income Expenses": 283000.0,
        "Gain On Sale Of Security": 0.0,
        "Operating Income": -4319000.0,
        "Operating Expense": 4319000.0,
        "Research And Development": 2782000.0,
        "Selling General And Administration": 1537000.0,
        "General And Administrative Expense": 1537000.0,
        "Other Gand A": 1042000.0,
        "Salaries And Wages": 495000.0,
        "Total Revenue": 0.0,
        "Operating Revenue": 0.0
    },
    "2024-03-31": {
        "Tax Effect Of Unusual Items": NaN,
        "Tax Rate For Calcs": NaN,
        "Normalized EBITDA": NaN,
        "Total Unusual Items": NaN,
        "Total Unusual Items Excluding Goodwill": NaN,
        "Net Income From Continuing Operation Net Minority Interest": NaN,
        "Reconciled Depreciation": NaN,
        "EBITDA": NaN,
        "EBIT": NaN,
        "Net Interest Income": 0.0,
        "Interest Expense": 0.0,
        "Interest Income": NaN,
        "Normalized Income": NaN,
        "Net Income From Continuing And Discontinued Operation": NaN,
        "Total Expenses": NaN,
        "Total Operating Income As Reported": NaN,
        "Diluted Average Shares": 10047415.0,
        "Basic Average Shares": 9754517.0,
        "Diluted EPS": 0.01,
        "Basic EPS": 0.01,
        "Diluted NI Availto Com Stockholders": NaN,
        "Net Income Common Stockholders": NaN,
        "Net Income": NaN,
        "Net Income Including Noncontrolling Interests": NaN,
        "Net Income Continuous Operations": NaN,
        "Pretax Income": NaN,
        "Other Income Expense": NaN,
        "Other Non Operating Income Expenses": NaN,
        "Gain On Sale Of Security": NaN,
        "Net Non Operating Interest Income Expense": 0.0,
        "Interest Expense Non Operating": 0.0,
        "Interest Income Non Operating": NaN,
        "Operating Income": NaN,
        "Operating Expense": NaN,
        "Research And Development": NaN,
        "Selling General And Administration": NaN,
        "General And Administrative Expense": NaN,
        "Other Gand A": NaN,
        "Salaries And Wages": NaN,
        "Total Revenue": NaN,
        "Operating Revenue": NaN
    },
    "2024-06-30": {
        "Tax Effect Of Unusual Items": NaN,
        "Tax Rate For Calcs": NaN,
        "Normalized EBITDA": NaN,
        "Total Unusual Items": NaN,
        "Total Unusual Items Excluding Goodwill": NaN,
        "Net Income From Continuing Operation Net Minority Interest": NaN,
        "Reconciled Depreciation": NaN,
        "EBITDA": NaN,
        "EBIT": NaN,
        "Net Interest Income": 275000.0,
        "Interest Expense": 0.0,
        "Interest Income": 275000.0,
        "Normalized Income": NaN,
        "Net Income From Continuing And Discontinued Operation": NaN,
        "Total Expenses": NaN,
        "Total Operating Income As Reported": NaN,
        "Diluted Average Shares": 11129053.0,
        "Basic Average Shares": 11129053.0,
        "Diluted EPS": -0.36,
        "Basic EPS": -0.36,
        "Diluted NI Availto Com Stockholders": NaN,
        "Net Income Common Stockholders": NaN,
        "Net Income": NaN,
        "Net Income Including Noncontrolling Interests": NaN,
        "Net Income Continuous Operations": NaN,
        "Pretax Income": NaN,
        "Other Income Expense": NaN,
        "Other Non Operating Income Expenses": 275000.0,
        "Gain On Sale Of Security": NaN,
        "Net Non Operating Interest Income Expense": 275000.0,
        "Interest Expense Non Operating": 0.0,
        "Interest Income Non Operating": 275000.0,
        "Operating Income": NaN,
        "Operating Expense": NaN,
        "Research And Development": NaN,
        "Selling General And Administration": NaN,
        "General And Administrative Expense": NaN,
        "Other Gand A": NaN,
        "Salaries And Wages": NaN,
        "Total Revenue": NaN,
        "Operating Revenue": NaN
    },
    "2024-09-30": {
        "Tax Effect Of Unusual Items": 0.0,
        "Tax Rate For Calcs": 0.0,
        "Normalized EBITDA": -5503000.0,
        "Total Unusual Items": -100000.0,
        "Total Unusual Items Excluding Goodwill": -100000.0,
        "Net Income From Continuing Operation Net Minority Interest": -5618000.0,
        "Reconciled Depreciation": 15000.0,
        "EBITDA": -5603000.0,
        "EBIT": -5618000.0,
        "Net Interest Income": 218000.0,
        "Interest Expense": 0.0,
        "Interest Income": 218000.0,
        "Normalized Income": -5518000.0,
        "Net Income From Continuing And Discontinued Operation": -5618000.0,
        "Total Expenses": 5736000.0,
        "Total Operating Income As Reported": -5736000.0,
        "Diluted Average Shares": 11134964.0,
        "Basic Average Shares": 11134964.0,
        "Diluted EPS": -0.5,
        "Basic EPS": -0.5,
        "Diluted NI Availto Com Stockholders": -5618000.0,
        "Net Income Common Stockholders": -5618000.0,
        "Net Income": -5618000.0,
        "Net Income Including Noncontrolling Interests": -5618000.0,
        "Net Income Continuous Operations": -5618000.0,
        "Pretax Income": -5618000.0,
        "Other Income Expense": -100000.0,
        "Other Non Operating Income Expenses": 218000.0,
        "Gain On Sale Of Security": -100000.0,
        "Net Non Operating Interest Income Expense": 218000.0,
        "Interest Expense Non Operating": 0.0,
        "Interest Income Non Operating": 218000.0,
        "Operating Income": -5736000.0,
        "Operating Expense": 5736000.0,
        "Research And Development": 3546000.0,
        "Selling General And Administration": 2190000.0,
        "General And Administrative Expense": 2190000.0,
        "Other Gand A": 1094000.0,
        "Salaries And Wages": 1096000.0,
        "Total Revenue": 0.0,
        "Operating Revenue": 0.0
    },
    "2024-12-31": {
        "Tax Effect Of Unusual Items": 0.0,
        "Tax Rate For Calcs": 0.0,
        "Normalized EBITDA": -7858000.0,
        "Total Unusual Items": 1700000.0,
        "Total Unusual Items Excluding Goodwill": 1700000.0,
        "Net Income From Continuing Operation Net Minority Interest": -4258000.0,
        "Reconciled Depreciation": 14000.0,
        "EBITDA": -6158000.0,
        "EBIT": -6172000.0,
        "Net Interest Income": NaN,
        "Interest Expense": NaN,
        "Interest Income": NaN,
        "Normalized Income": -5958000.0,
        "Net Income From Continuing And Discontinued Operation": -4258000.0,
        "Total Expenses": 6172000.0,
        "Total Operating Income As Reported": -6172000.0,
        "Diluted Average Shares": NaN,
        "Basic Average Shares": NaN,
        "Diluted EPS": NaN,
        "Basic EPS": NaN,
        "Diluted NI Availto Com Stockholders": -4258000.0,
        "Net Income Common Stockholders": -4258000.0,
        "Net Income": -4258000.0,
        "Net Income Including Noncontrolling Interests": -4258000.0,
        "Net Income Continuous Operations": -4258000.0,
        "Pretax Income": -4258000.0,
        "Other Income Expense": 1914000.0,
        "Other Non Operating Income Expenses": 214000.0,
        "Gain On Sale Of Security": 1700000.0,
        "Net Non Operating Interest Income Expense": NaN,
        "Interest Expense Non Operating": NaN,
        "Interest Income Non Operating": NaN,
        "Operating Income": -6172000.0,
        "Operating Expense": 6172000.0,
        "Research And Development": 3831000.0,
        "Selling General And Administration": 2341000.0,
        "General And Administrative Expense": 2341000.0,
        "Other Gand A": 1279000.0,
        "Salaries And Wages": 1062000.0,
        "Total Revenue": 0.0,
        "Operating Revenue": 0.0
    },
    "2025-03-31": {
        "Tax Effect Of Unusual Items": 0.0,
        "Tax Rate For Calcs": 0.0,
        "Normalized EBITDA": -6280000.0,
        "Total Unusual Items": 1700000.0,
        "Total Unusual Items Excluding Goodwill": 1700000.0,
        "Net Income From Continuing Operation Net Minority Interest": -5042000.0,
        "Reconciled Depreciation": 15000.0,
        "EBITDA": -4580000.0,
        "EBIT": -4595000.0,
        "Net Interest Income": -447000.0,
        "Interest Expense": 447000.0,
        "Interest Income": NaN,
        "Normalized Income": -6742000.0,
        "Net Income From Continuing And Discontinued Operation": -5042000.0,
        "Total Expenses": 6497000.0,
        "Total Operating Income As Reported": -6497000.0,
        "Diluted Average Shares": 14121569.0,
        "Basic Average Shares": 14121569.0,
        "Diluted EPS": -0.36,
        "Basic EPS": -0.36,
        "Diluted NI Availto Com Stockholders": -5042000.0,
        "Net Income Common Stockholders": -5042000.0,
        "Net Income": -5042000.0,
        "Net Income Including Noncontrolling Interests": -5042000.0,
        "Net Income Continuous Operations": -5042000.0,
        "Pretax Income": -5042000.0,
        "Other Income Expense": 1902000.0,
        "Other Non Operating Income Expenses": 202000.0,
        "Gain On Sale Of Security": 1700000.0,
        "Net Non Operating Interest Income Expense": -447000.0,
        "Interest Expense Non Operating": 447000.0,
        "Interest Income Non Operating": NaN,
        "Operating Income": -6497000.0,
        "Operating Expense": 6497000.0,
        "Research And Development": 4224000.0,
        "Selling General And Administration": 2273000.0,
        "General And Administrative Expense": 2273000.0,
        "Other Gand A": 1118000.0,
        "Salaries And Wages": 1155000.0,
        "Total Revenue": 0.0,
        "Operating Revenue": 0.0
    },
    "2025-06-30": {
        "Tax Effect Of Unusual Items": 0.0,
        "Tax Rate For Calcs": 0.0,
        "Normalized EBITDA": -6118000.0,
        "Total Unusual Items": 500000.0,
        "Total Unusual Items Excluding Goodwill": 500000.0,
        "Net Income From Continuing Operation Net Minority Interest": -5956000.0,
        "Reconciled Depreciation": 14000.0,
        "EBITDA": -5618000.0,
        "EBIT": -5632000.0,
        "Net Interest Income": -104000.0,
        "Interest Expense": 324000.0,
        "Interest Income": 220000.0,
        "Normalized Income": -6456000.0,
        "Net Income From Continuing And Discontinued Operation": -5956000.0,
        "Total Expenses": 6621000.0,
        "Total Operating Income As Reported": -6621000.0,
        "Diluted Average Shares": 14995404.0,
        "Basic Average Shares": 14995404.0,
        "Diluted EPS": -0.4,
        "Basic EPS": -0.4,
        "Diluted NI Availto Com Stockholders": -5956000.0,
        "Net Income Common Stockholders": -5956000.0,
        "Net Income": -5956000.0,
        "Net Income Including Noncontrolling Interests": -5956000.0,
        "Net Income Continuous Operations": -5956000.0,
        "Pretax Income": -5956000.0,
        "Other Income Expense": 769000.0,
        "Other Non Operating Income Expenses": 269000.0,
        "Gain On Sale Of Security": 500000.0,
        "Net Non Operating Interest Income Expense": -104000.0,
        "Interest Expense Non Operating": 324000.0,
        "Interest Income Non Operating": 220000.0,
        "Operating Income": -6621000.0,
        "Operating Expense": 6621000.0,
        "Research And Development": 4052000.0,
        "Selling General And Administration": 2569000.0,
        "General And Administrative Expense": 2569000.0,
        "Other Gand A": 1044000.0,
        "Salaries And Wages": 1525000.0,
        "Total Revenue": 0.0,
        "Operating Revenue": 0.0
    },
    "2025-09-30": {
        "Tax Effect Of Unusual Items": 0.0,
        "Tax Rate For Calcs": 0.0,
        "Normalized EBITDA": -5466000.0,
        "Total Unusual Items": -2000000.0,
        "Total Unusual Items Excluding Goodwill": -2000000.0,
        "Net Income From Continuing Operation Net Minority Interest": -7804000.0,
        "Reconciled Depreciation": 12000.0,
        "EBITDA": -7466000.0,
        "EBIT": -7478000.0,
        "Net Interest Income": -186000.0,
        "Interest Expense": 326000.0,
        "Interest Income": 140000.0,
        "Normalized Income": -5804000.0,
        "Net Income From Continuing And Discontinued Operation": -7804000.0,
        "Total Expenses": 5618000.0,
        "Total Operating Income As Reported": -5618000.0,
        "Diluted Average Shares": 15076456.0,
        "Basic Average Shares": 15076456.0,
        "Diluted EPS": -0.52,
        "Basic EPS": -0.52,
        "Diluted NI Availto Com Stockholders": -7804000.0,
        "Net Income Common Stockholders": -7804000.0,
        "Net Income": -7804000.0,
        "Net Income Including Noncontrolling Interests": -7804000.0,
        "Net Income Continuous Operations": -7804000.0,
        "Pretax Income": -7804000.0,
        "Other Income Expense": -2000000.0,
        "Other Non Operating Income Expenses": NaN,
        "Gain On Sale Of Security": -2000000.0,
        "Net Non Operating Interest Income Expense": -186000.0,
        "Interest Expense Non Operating": 326000.0,
        "Interest Income Non Operating": 140000.0,
        "Operating Income": -5618000.0,
        "Operating Expense": 5618000.0,
        "Research And Development": 3851000.0,
        "Selling General And Administration": 1767000.0,
        "General And Administrative Expense": 1767000.0,
        "Other Gand A": 659000.0,
        "Salaries And Wages": 1108000.0,
        "Total Revenue": 0.0,
        "Operating Revenue": 0.0
    }
}