{
    "2022-12-31": {
        "Tax Effect Of Unusual Items": NaN,
        "Tax Rate For Calcs": NaN,
        "Normalized EBITDA": NaN,
        "Net Income From Continuing Operation Net Minority Interest": NaN,
        "Reconciled Cost Of Revenue": NaN,
        "EBITDA": NaN,
        "EBIT": NaN,
        "Net Interest Income": NaN,
        "Interest Expense": NaN,
        "Normalized Income": NaN,
        "Net Income From Continuing And Discontinued Operation": NaN,
        "Total Expenses": NaN,
        "Total Operating Income As Reported": NaN,
        "Diluted Average Shares": NaN,
        "Basic Average Shares": NaN,
        "Diluted EPS": NaN,
        "Basic EPS": NaN,
        "Diluted NI Availto Com Stockholders": NaN,
        "Net Income Common Stockholders": NaN,
        "Net Income": NaN,
        "Minority Interests": 0.0,
        "Net Income Including Noncontrolling Interests": NaN,
        "Net Income Continuous Operations": NaN,
        "Tax Provision": NaN,
        "Pretax Income": NaN,
        "Net Non Operating Interest Income Expense": NaN,
        "Total Other Finance Cost": 39829000.0,
        "Interest Expense Non Operating": NaN,
        "Operating Income": NaN,
        "Operating Expense": NaN,
        "Other Operating Expenses": NaN,
        "Research And Development": NaN,
        "Selling General And Administration": NaN,
        "Selling And Marketing Expense": NaN,
        "General And Administrative Expense": NaN,
        "Other Gand A": NaN,
        "Gross Profit": NaN,
        "Cost Of Revenue": NaN,
        "Total Revenue": NaN,
        "Operating Revenue": NaN
    },
    "2022-09-30": {
        "Tax Effect Of Unusual Items": NaN,
        "Tax Rate For Calcs": NaN,
        "Normalized EBITDA": NaN,
        "Net Income From Continuing Operation Net Minority Interest": NaN,
        "Reconciled Cost Of Revenue": NaN,
        "EBITDA": NaN,
        "EBIT": NaN,
        "Net Interest Income": NaN,
        "Interest Expense": NaN,
        "Normalized Income": NaN,
        "Net Income From Continuing And Discontinued Operation": NaN,
        "Total Expenses": NaN,
        "Total Operating Income As Reported": NaN,
        "Diluted Average Shares": NaN,
        "Basic Average Shares": NaN,
        "Diluted EPS": NaN,
        "Basic EPS": NaN,
        "Diluted NI Availto Com Stockholders": NaN,
        "Net Income Common Stockholders": NaN,
        "Net Income": NaN,
        "Minority Interests": 0.0,
        "Net Income Including Noncontrolling Interests": NaN,
        "Net Income Continuous Operations": NaN,
        "Tax Provision": NaN,
        "Pretax Income": NaN,
        "Net Non Operating Interest Income Expense": NaN,
        "Total Other Finance Cost": -20269000.0,
        "Interest Expense Non Operating": NaN,
        "Operating Income": NaN,
        "Operating Expense": NaN,
        "Other Operating Expenses": NaN,
        "Research And Development": NaN,
        "Selling General And Administration": NaN,
        "Selling And Marketing Expense": NaN,
        "General And Administrative Expense": NaN,
        "Other Gand A": NaN,
        "Gross Profit": NaN,
        "Cost Of Revenue": NaN,
        "Total Revenue": NaN,
        "Operating Revenue": NaN
    },
    "2022-06-30": {
        "Tax Effect Of Unusual Items": 0.0,
        "Tax Rate For Calcs": 0.4,
        "Normalized EBITDA": -209845000.0,
        "Net Income From Continuing Operation Net Minority Interest": -192429000.0,
        "Reconciled Cost Of Revenue": 2385000.0,
        "EBITDA": -209845000.0,
        "EBIT": -209845000.0,
        "Net Interest Income": 17754000.0,
        "Normalized Income": -192429000.0,
        "Net Income From Continuing And Discontinued Operation": -192429000.0,
        "Total Expenses": 273892000.0,
        "Total Operating Income As Reported": -209844000.0,
        "Diluted Average Shares": 26595085.0,
        "Basic Average Shares": 26595085.0,
        "Diluted EPS": -7.24,
        "Basic EPS": -7.24,
        "Diluted NI Availto Com Stockholders": -192429000.0,
        "Net Income Common Stockholders": -192429000.0,
        "Net Income": -192429000.0,
        "Minority Interests": 0.0,
        "Net Income Including Noncontrolling Interests": -192429000.0,
        "Net Income Continuous Operations": -192429000.0,
        "Tax Provision": 339000.0,
        "Pretax Income": -192090000.0,
        "Net Non Operating Interest Income Expense": 17754000.0,
        "Total Other Finance Cost": -17754000.0,
        "Operating Income": -209845000.0,
        "Operating Expense": 271507000.0,
        "Other Operating Expenses": 3038000.0,
        "Research And Development": 96290000.0,
        "Selling General And Administration": 172179000.0,
        "Selling And Marketing Expense": 113272000.0,
        "General And Administrative Expense": 58907000.0,
        "Other Gand A": 58907000.0,
        "Gross Profit": 61662000.0,
        "Cost Of Revenue": 2385000.0,
        "Total Revenue": 64047000.0,
        "Operating Revenue": 64047000.0
    },
    "2023-03-31": {
        "Tax Effect Of Unusual Items": NaN,
        "Tax Rate For Calcs": NaN,
        "Normalized EBITDA": NaN,
        "Net Income From Continuing Operation Net Minority Interest": NaN,
        "Reconciled Cost Of Revenue": NaN,
        "EBITDA": NaN,
        "EBIT": NaN,
        "Net Interest Income": NaN,
        "Interest Expense": 27944000.0,
        "Normalized Income": NaN,
        "Net Income From Continuing And Discontinued Operation": NaN,
        "Total Expenses": NaN,
        "Total Operating Income As Reported": NaN,
        "Diluted Average Shares": NaN,
        "Basic Average Shares": NaN,
        "Diluted EPS": NaN,
        "Basic EPS": NaN,
        "Diluted NI Availto Com Stockholders": NaN,
        "Net Income Common Stockholders": NaN,
        "Net Income": NaN,
        "Net Income Including Noncontrolling Interests": NaN,
        "Net Income Continuous Operations": NaN,
        "Tax Provision": NaN,
        "Pretax Income": NaN,
        "Net Non Operating Interest Income Expense": NaN,
        "Total Other Finance Cost": NaN,
        "Interest Expense Non Operating": 27944000.0,
        "Operating Income": NaN,
        "Operating Expense": NaN,
        "Other Operating Expenses": NaN,
        "Research And Development": NaN,
        "Selling General And Administration": NaN,
        "Selling And Marketing Expense": NaN,
        "General And Administrative Expense": NaN,
        "Other Gand A": NaN,
        "Gross Profit": NaN,
        "Cost Of Revenue": NaN,
        "Total Revenue": NaN,
        "Operating Revenue": NaN
    },
    "2022-03-31": {
        "Diluted EPS": -0.85,
        "Total Revenue": 5,
        "Gross Profit": 5,
        "Operating Income": -22,
        "EBIT": -22,
        "Net Income": -22
    },
    "2021-12-31": {
        "Diluted EPS": -0.98,
        "Total Revenue": 4,
        "Gross Profit": 4,
        "Operating Income": -25,
        "EBIT": -25,
        "Net Income": -26
    },
    "2021-09-30": {
        "Diluted EPS": 0.05,
        "Total Revenue": 23,
        "Gross Profit": 23,
        "Operating Income": 1,
        "EBIT": 1,
        "Net Income": 1
    },
    "2021-06-30": {
        "Diluted EPS": -0.76,
        "Total Revenue": NaN,
        "Gross Profit": NaN,
        "Operating Income": -19,
        "EBIT": -19,
        "Net Income": -19
    },
    "2021-03-31": {
        "Diluted EPS": -0.6,
        "Total Revenue": NaN,
        "Gross Profit": NaN,
        "Operating Income": -18,
        "EBIT": -18,
        "Net Income": -15
    },
    "2020-12-31": {
        "Diluted EPS": -0.83,
        "Total Revenue": 0,
        "Gross Profit": 0,
        "Operating Income": -15,
        "EBIT": -15,
        "Net Income": -19
    },
    "2020-09-30": {
        "Diluted EPS": -0.63,
        "Total Revenue": NaN,
        "Gross Profit": NaN,
        "Operating Income": -12,
        "EBIT": -12,
        "Net Income": -16
    },
    "2020-06-30": {
        "Diluted EPS": -0.31,
        "Total Revenue": NaN,
        "Gross Profit": NaN,
        "Operating Income": -7,
        "EBIT": -7,
        "Net Income": -6
    },
    "2020-03-31": {
        "Diluted EPS": -0.34,
        "Total Revenue": 0,
        "Gross Profit": 0,
        "Operating Income": -7,
        "EBIT": -7,
        "Net Income": -7
    },
    "2019-12-31": {
        "Diluted EPS": -0.15,
        "Total Revenue": 5,
        "Gross Profit": 5,
        "Operating Income": -2,
        "EBIT": -2,
        "Net Income": -2
    },
    "2019-09-30": {
        "Diluted EPS": -0.27,
        "Total Revenue": NaN,
        "Gross Profit": NaN,
        "Operating Income": -5,
        "EBIT": -5,
        "Net Income": -5
    },
    "2019-06-30": {
        "Diluted EPS": 0.5,
        "Total Revenue": 15,
        "Gross Profit": 15,
        "Operating Income": 9,
        "EBIT": 9,
        "Net Income": 9
    },
    "2019-03-31": {
        "Diluted EPS": -0.26,
        "Total Revenue": NaN,
        "Gross Profit": NaN,
        "Operating Income": -5,
        "EBIT": -5,
        "Net Income": -5
    },
    "2023-06-30": {
        "Tax Effect Of Unusual Items": 0.0,
        "Tax Rate For Calcs": 0.206,
        "Normalized EBITDA": -75173000.0,
        "Net Income From Continuing Operation Net Minority Interest": -91934000.0,
        "Reconciled Cost Of Revenue": 14214000.0,
        "EBITDA": -75173000.0,
        "EBIT": -75173000.0,
        "Net Interest Income": 4512000.0,
        "Interest Expense": NaN,
        "Normalized Income": -91934000.0,
        "Net Income From Continuing And Discontinued Operation": -91934000.0,
        "Total Expenses": 344556000.0,
        "Total Operating Income As Reported": -75172000.0,
        "Diluted Average Shares": 26836034.0,
        "Basic Average Shares": 26836034.0,
        "Diluted EPS": -3.42,
        "Basic EPS": -3.42,
        "Diluted NI Availto Com Stockholders": -91934000.0,
        "Net Income Common Stockholders": -91934000.0,
        "Net Income": -91934000.0,
        "Net Income Including Noncontrolling Interests": -91934000.0,
        "Net Income Continuous Operations": -91934000.0,
        "Tax Provision": 21274000.0,
        "Pretax Income": -70660000.0,
        "Net Non Operating Interest Income Expense": 4512000.0,
        "Total Other Finance Cost": -4512000.0,
        "Interest Expense Non Operating": NaN,
        "Operating Income": -75173000.0,
        "Operating Expense": 330342000.0,
        "Other Operating Expenses": -27267000.0,
        "Research And Development": 88986000.0,
        "Selling General And Administration": 268623000.0,
        "Selling And Marketing Expense": 191472000.0,
        "General And Administrative Expense": 77151000.0,
        "Other Gand A": 77151000.0,
        "Gross Profit": 255169000.0,
        "Cost Of Revenue": 14214000.0,
        "Total Revenue": 269384000.0,
        "Operating Revenue": 269384000.0
    },
    "2023-09-30": {
        "Tax Effect Of Unusual Items": 0.0,
        "Tax Rate For Calcs": 0.206,
        "Normalized EBITDA": -159572000.0,
        "Net Income From Continuing Operation Net Minority Interest": -168357000.0,
        "Reconciled Cost Of Revenue": 14921000.0,
        "EBITDA": -159572000.0,
        "EBIT": -159572000.0,
        "Net Interest Income": -4509000.0,
        "Interest Expense": NaN,
        "Normalized Income": -168357000.0,
        "Net Income From Continuing And Discontinued Operation": -168357000.0,
        "Total Expenses": 454164000.0,
        "Total Operating Income As Reported": -159573000.0,
        "Diluted Average Shares": 26836034.0,
        "Basic Average Shares": 26836034.0,
        "Diluted EPS": -6.28,
        "Basic EPS": -6.28,
        "Diluted NI Availto Com Stockholders": -168357000.0,
        "Net Income Common Stockholders": -168357000.0,
        "Net Income": -168357000.0,
        "Net Income Including Noncontrolling Interests": -168357000.0,
        "Net Income Continuous Operations": -168358000.0,
        "Tax Provision": 4276000.0,
        "Pretax Income": -164082000.0,
        "Net Non Operating Interest Income Expense": -4509000.0,
        "Total Other Finance Cost": 4509000.0,
        "Interest Expense Non Operating": NaN,
        "Operating Income": -159572000.0,
        "Operating Expense": 439243000.0,
        "Other Operating Expenses": 167000.0,
        "Research And Development": 179906000.0,
        "Selling General And Administration": 259170000.0,
        "Selling And Marketing Expense": 170502000.0,
        "General And Administrative Expense": 88668000.0,
        "Other Gand A": 88668000.0,
        "Gross Profit": 279671000.0,
        "Cost Of Revenue": 14921000.0,
        "Total Revenue": 294592000.0,
        "Operating Revenue": 294592000.0
    },
    "2023-12-31": {
        "Tax Effect Of Unusual Items": 0.0,
        "Tax Rate For Calcs": 0.206,
        "Normalized EBITDA": 31002000.0,
        "Net Income From Continuing Operation Net Minority Interest": -18368000.0,
        "Reconciled Cost Of Revenue": 22299000.0,
        "EBITDA": 31002000.0,
        "EBIT": 31002000.0,
        "Net Interest Income": -57313000.0,
        "Interest Expense": NaN,
        "Normalized Income": -18368000.0,
        "Net Income From Continuing And Discontinued Operation": -18368000.0,
        "Total Expenses": 446160000.0,
        "Total Operating Income As Reported": 41764000.0,
        "Diluted Average Shares": 26836034.0,
        "Basic Average Shares": 26836034.0,
        "Diluted EPS": -0.68,
        "Basic EPS": -0.68,
        "Diluted NI Availto Com Stockholders": -18368000.0,
        "Net Income Common Stockholders": -18368000.0,
        "Net Income": -18368000.0,
        "Net Income Including Noncontrolling Interests": -18368000.0,
        "Net Income Continuous Operations": -18369000.0,
        "Tax Provision": 4112000.0,
        "Pretax Income": -14257000.0,
        "Net Non Operating Interest Income Expense": -57313000.0,
        "Total Other Finance Cost": 13209000.0,
        "Interest Expense Non Operating": NaN,
        "Operating Income": 5401000.0,
        "Operating Expense": 423861000.0,
        "Other Operating Expenses": 24017000.0,
        "Research And Development": 106677000.0,
        "Selling General And Administration": 293167000.0,
        "Selling And Marketing Expense": 198543000.0,
        "General And Administrative Expense": 94624000.0,
        "Other Gand A": 94624000.0,
        "Gross Profit": 429262000.0,
        "Cost Of Revenue": 22299000.0,
        "Total Revenue": 451561000.0,
        "Operating Revenue": 451561000.0
    },
    "2024-03-31": {
        "Tax Effect Of Unusual Items": 0.0,
        "Tax Rate For Calcs": 0.004706,
        "Normalized EBITDA": -203826000.0,
        "Net Income From Continuing Operation Net Minority Interest": -246160000.0,
        "Reconciled Cost Of Revenue": 14012000.0,
        "EBITDA": -203826000.0,
        "EBIT": -203826000.0,
        "Net Interest Income": -43498000.0,
        "Interest Expense": 43498000.0,
        "Normalized Income": -246160000.0,
        "Net Income From Continuing And Discontinued Operation": -246160000.0,
        "Total Expenses": 499307000.0,
        "Total Operating Income As Reported": -203826000.0,
        "Diluted Average Shares": 26836034.0,
        "Basic Average Shares": 26836034.0,
        "Diluted EPS": -9.18,
        "Basic EPS": -9.18,
        "Diluted NI Availto Com Stockholders": -246160000.0,
        "Net Income Common Stockholders": -246160000.0,
        "Net Income": -246160000.0,
        "Net Income Including Noncontrolling Interests": -246160000.0,
        "Net Income Continuous Operations": -246160000.0,
        "Tax Provision": -1164000.0,
        "Pretax Income": -247324000.0,
        "Net Non Operating Interest Income Expense": -43498000.0,
        "Total Other Finance Cost": NaN,
        "Interest Expense Non Operating": 43498000.0,
        "Operating Income": -203826000.0,
        "Operating Expense": 485295000.0,
        "Other Operating Expenses": -7483000.0,
        "Research And Development": 150613000.0,
        "Selling General And Administration": 342165000.0,
        "Selling And Marketing Expense": 240147000.0,
        "General And Administrative Expense": 102018000.0,
        "Other Gand A": 102018000.0,
        "Gross Profit": 281469000.0,
        "Cost Of Revenue": 14012000.0,
        "Total Revenue": 295481000.0,
        "Operating Revenue": 295481000.0
    },
    "2024-06-30": {
        "Tax Effect Of Unusual Items": 0.0,
        "Tax Rate For Calcs": 0.206,
        "Normalized EBITDA": -31503000.0,
        "Net Income From Continuing Operation Net Minority Interest": -47478000.0,
        "Reconciled Cost Of Revenue": 53448000.0,
        "EBITDA": -31503000.0,
        "EBIT": -31503000.0,
        "Net Interest Income": -11158000.0,
        "Interest Expense": NaN,
        "Normalized Income": -47478000.0,
        "Net Income From Continuing And Discontinued Operation": -47478000.0,
        "Total Expenses": 591283000.0,
        "Total Operating Income As Reported": -31503000.0,
        "Diluted Average Shares": 26843474.0,
        "Basic Average Shares": 26843474.0,
        "Diluted EPS": -1.76,
        "Basic EPS": -1.76,
        "Diluted NI Availto Com Stockholders": -47478000.0,
        "Net Income Common Stockholders": -47478000.0,
        "Net Income": -47478000.0,
        "Net Income Including Noncontrolling Interests": -47478000.0,
        "Net Income Continuous Operations": -47478000.0,
        "Tax Provision": 4817000.0,
        "Pretax Income": -42661000.0,
        "Net Non Operating Interest Income Expense": -11158000.0,
        "Total Other Finance Cost": 11158000.0,
        "Interest Expense Non Operating": NaN,
        "Operating Income": -31503000.0,
        "Operating Expense": 537835000.0,
        "Other Operating Expenses": -2696000.0,
        "Research And Development": 120715000.0,
        "Selling General And Administration": 419816000.0,
        "Selling And Marketing Expense": 252985000.0,
        "General And Administrative Expense": 166831000.0,
        "Other Gand A": 166831000.0,
        "Gross Profit": 506332000.0,
        "Cost Of Revenue": 53448000.0,
        "Total Revenue": 559780000.0,
        "Operating Revenue": 559780000.0
    }
}