{
    "2023-03-31": {
        "Tax Effect Of Unusual Items": NaN,
        "Tax Rate For Calcs": NaN,
        "Normalized EBITDA": NaN,
        "Total Unusual Items": NaN,
        "Total Unusual Items Excluding Goodwill": NaN,
        "Net Income From Continuing Operation Net Minority Interest": NaN,
        "Reconciled Depreciation": NaN,
        "EBITDA": NaN,
        "EBIT": NaN,
        "Normalized Income": NaN,
        "Net Income From Continuing And Discontinued Operation": NaN,
        "Total Expenses": NaN,
        "Total Operating Income As Reported": NaN,
        "Diluted Average Shares": 25247354.0,
        "Basic Average Shares": 25247354.0,
        "Diluted EPS": -0.31,
        "Basic EPS": -0.31,
        "Diluted NI Availto Com Stockholders": NaN,
        "Net Income Common Stockholders": NaN,
        "Net Income": NaN,
        "Net Income Including Noncontrolling Interests": NaN,
        "Net Income Continuous Operations": NaN,
        "Pretax Income": NaN,
        "Other Income Expense": NaN,
        "Special Income Charges": NaN,
        "Gain On Sale Of Ppe": NaN,
        "Gain On Sale Of Security": NaN,
        "Operating Income": NaN,
        "Operating Expense": NaN,
        "Depreciation Amortization Depletion Income Statement": 92351.0,
        "Depreciation And Amortization In Income Statement": 92351.0,
        "Depreciation Income Statement": 92351.0,
        "Research And Development": NaN,
        "Selling General And Administration": NaN,
        "General And Administrative Expense": NaN,
        "Other Gand A": NaN,
        "Salaries And Wages": NaN,
        "Total Revenue": NaN,
        "Operating Revenue": NaN
    },
    "2022-12-31": {
        "Tax Effect Of Unusual Items": NaN,
        "Tax Rate For Calcs": NaN,
        "Normalized EBITDA": NaN,
        "Total Unusual Items": NaN,
        "Total Unusual Items Excluding Goodwill": NaN,
        "Net Income From Continuing Operation Net Minority Interest": NaN,
        "Reconciled Depreciation": NaN,
        "EBITDA": NaN,
        "EBIT": NaN,
        "Normalized Income": NaN,
        "Net Income From Continuing And Discontinued Operation": NaN,
        "Total Expenses": NaN,
        "Total Operating Income As Reported": NaN,
        "Diluted Average Shares": NaN,
        "Basic Average Shares": NaN,
        "Diluted EPS": NaN,
        "Basic EPS": NaN,
        "Diluted NI Availto Com Stockholders": NaN,
        "Net Income Common Stockholders": NaN,
        "Net Income": NaN,
        "Net Income Including Noncontrolling Interests": NaN,
        "Net Income Continuous Operations": NaN,
        "Pretax Income": NaN,
        "Other Income Expense": NaN,
        "Other Non Operating Income Expenses": 0.0,
        "Special Income Charges": -34266.0,
        "Gain On Sale Of Ppe": NaN,
        "Gain On Sale Of Security": NaN,
        "Operating Income": NaN,
        "Operating Expense": NaN,
        "Depreciation Amortization Depletion Income Statement": NaN,
        "Depreciation And Amortization In Income Statement": NaN,
        "Depreciation Income Statement": NaN,
        "Research And Development": NaN,
        "Selling General And Administration": NaN,
        "General And Administrative Expense": NaN,
        "Other Gand A": NaN,
        "Salaries And Wages": NaN,
        "Total Revenue": NaN,
        "Operating Revenue": NaN
    },
    "2022-09-30": {
        "Tax Effect Of Unusual Items": NaN,
        "Tax Rate For Calcs": NaN,
        "Normalized EBITDA": NaN,
        "Total Unusual Items": NaN,
        "Total Unusual Items Excluding Goodwill": NaN,
        "Net Income From Continuing Operation Net Minority Interest": NaN,
        "Reconciled Depreciation": NaN,
        "EBITDA": NaN,
        "EBIT": NaN,
        "Normalized Income": NaN,
        "Net Income From Continuing And Discontinued Operation": NaN,
        "Total Expenses": NaN,
        "Total Operating Income As Reported": NaN,
        "Diluted Average Shares": NaN,
        "Basic Average Shares": NaN,
        "Diluted EPS": NaN,
        "Basic EPS": NaN,
        "Diluted NI Availto Com Stockholders": NaN,
        "Net Income Common Stockholders": NaN,
        "Net Income": NaN,
        "Net Income Including Noncontrolling Interests": NaN,
        "Net Income Continuous Operations": NaN,
        "Pretax Income": NaN,
        "Other Income Expense": NaN,
        "Other Non Operating Income Expenses": NaN,
        "Special Income Charges": 0.0,
        "Gain On Sale Of Ppe": 0.0,
        "Gain On Sale Of Security": NaN,
        "Operating Income": NaN,
        "Operating Expense": NaN,
        "Depreciation Amortization Depletion Income Statement": NaN,
        "Depreciation And Amortization In Income Statement": NaN,
        "Depreciation Income Statement": NaN,
        "Research And Development": NaN,
        "Selling General And Administration": NaN,
        "General And Administrative Expense": NaN,
        "Other Gand A": NaN,
        "Salaries And Wages": NaN,
        "Total Revenue": NaN,
        "Operating Revenue": NaN
    },
    "2022-06-30": {
        "Tax Effect Of Unusual Items": 0.0,
        "Tax Rate For Calcs": 0.0,
        "Normalized EBITDA": -7343515.0,
        "Total Unusual Items": 21761.0,
        "Total Unusual Items Excluding Goodwill": 21761.0,
        "Net Income From Continuing Operation Net Minority Interest": -7109411.0,
        "Reconciled Depreciation": 112011.0,
        "EBITDA": -7321754.0,
        "EBIT": -7321754.0,
        "Normalized Income": -7131172.0,
        "Net Income From Continuing And Discontinued Operation": -7109411.0,
        "Total Expenses": 7321754.0,
        "Total Operating Income As Reported": -7321754.0,
        "Diluted Average Shares": 24324156.0,
        "Basic Average Shares": 24324156.0,
        "Diluted EPS": -0.29,
        "Basic EPS": -0.29,
        "Diluted NI Availto Com Stockholders": -7109411.0,
        "Net Income Common Stockholders": -7109411.0,
        "Net Income": -7109411.0,
        "Net Income Including Noncontrolling Interests": -7109411.0,
        "Net Income Continuous Operations": -7109411.0,
        "Pretax Income": -7109411.0,
        "Other Income Expense": 212343.0,
        "Other Non Operating Income Expenses": 190582.0,
        "Special Income Charges": 0.0,
        "Gain On Sale Of Ppe": NaN,
        "Gain On Sale Of Security": 21761.0,
        "Operating Income": -7321754.0,
        "Operating Expense": 7321754.0,
        "Research And Development": 4965088.0,
        "Selling General And Administration": 2356666.0,
        "General And Administrative Expense": 2356666.0,
        "Other Gand A": 2356666.0,
        "Salaries And Wages": NaN,
        "Total Revenue": 0.0,
        "Operating Revenue": 0.0
    },
    "2022-03-31": {
        "Diluted EPS": -0.32,
        "Total Revenue": NaN,
        "Gross Profit": NaN,
        "Operating Income": -8,
        "EBIT": -8,
        "Net Income": -8
    },
    "2021-12-31": {
        "Diluted EPS": -0.26,
        "Total Revenue": 0,
        "Gross Profit": 0,
        "Operating Income": -6,
        "EBIT": -6,
        "Net Income": -6
    },
    "2021-09-30": {
        "Diluted EPS": -0.17,
        "Total Revenue": NaN,
        "Gross Profit": NaN,
        "Operating Income": -4,
        "EBIT": -4,
        "Net Income": -4
    },
    "2021-06-30": {
        "Diluted EPS": -0.21,
        "Total Revenue": 0,
        "Gross Profit": 0,
        "Operating Income": -5,
        "EBIT": -5,
        "Net Income": -5
    },
    "2021-03-31": {
        "Diluted EPS": -0.23,
        "Total Revenue": 0,
        "Gross Profit": 0,
        "Operating Income": -5,
        "EBIT": -5,
        "Net Income": -5
    },
    "2020-12-31": {
        "Diluted EPS": -0.15,
        "Total Revenue": 0,
        "Gross Profit": 0,
        "Operating Income": -4,
        "EBIT": -4,
        "Net Income": -4
    },
    "2020-09-30": {
        "Diluted EPS": -0.2,
        "Total Revenue": 0,
        "Gross Profit": 0,
        "Operating Income": -4,
        "EBIT": -4,
        "Net Income": -4
    },
    "2020-06-30": {
        "Diluted EPS": -0.23,
        "Total Revenue": 0,
        "Gross Profit": 0,
        "Operating Income": -3,
        "EBIT": -3,
        "Net Income": -3
    },
    "2020-03-31": {
        "Diluted EPS": -0.3,
        "Total Revenue": 0,
        "Gross Profit": 0,
        "Operating Income": -2,
        "EBIT": -2,
        "Net Income": -2
    },
    "2019-12-31": {
        "Diluted EPS": -0.29,
        "Total Revenue": 0,
        "Gross Profit": 0,
        "Operating Income": -1,
        "EBIT": -1,
        "Net Income": -1
    },
    "2019-09-30": {
        "Diluted EPS": -0.43,
        "Total Revenue": 0,
        "Gross Profit": 0,
        "Operating Income": -2,
        "EBIT": -2,
        "Net Income": -2
    },
    "2019-06-30": {
        "Diluted EPS": -0.59,
        "Total Revenue": 0,
        "Gross Profit": 0,
        "Operating Income": -2,
        "EBIT": -2,
        "Net Income": -2
    },
    "2019-03-31": {
        "Diluted EPS": -0.75,
        "Total Revenue": 0,
        "Gross Profit": 0,
        "Operating Income": -3,
        "EBIT": -3,
        "Net Income": -3
    },
    "2018-12-31": {
        "Diluted EPS": -1.0,
        "Total Revenue": 1,
        "Gross Profit": 1,
        "Operating Income": -3,
        "EBIT": -3,
        "Net Income": -3
    },
    "2018-09-30": {
        "Diluted EPS": -1.35,
        "Total Revenue": 0,
        "Gross Profit": 0,
        "Operating Income": -4,
        "EBIT": -4,
        "Net Income": -4
    },
    "2018-06-30": {
        "Diluted EPS": -1.42,
        "Total Revenue": 0,
        "Gross Profit": 0,
        "Operating Income": -4,
        "EBIT": -4,
        "Net Income": -4
    },
    "2018-03-31": {
        "Diluted EPS": -1.4,
        "Total Revenue": 0,
        "Gross Profit": 0,
        "Operating Income": -4,
        "EBIT": -4,
        "Net Income": -4
    },
    "2017-12-31": {
        "Diluted EPS": 5.4,
        "Total Revenue": 0,
        "Gross Profit": 0,
        "Operating Income": -3,
        "EBIT": -3,
        "Net Income": 12
    },
    "2017-09-30": {
        "Diluted EPS": -1.2,
        "Total Revenue": 0,
        "Gross Profit": 0,
        "Operating Income": -3,
        "EBIT": -3,
        "Net Income": -3
    },
    "2017-06-30": {
        "Diluted EPS": -1.6,
        "Total Revenue": 1,
        "Gross Profit": 1,
        "Operating Income": -3,
        "EBIT": -3,
        "Net Income": -3
    },
    "2017-03-31": {
        "Diluted EPS": -1.7,
        "Total Revenue": 1,
        "Gross Profit": 1,
        "Operating Income": -4,
        "EBIT": -4,
        "Net Income": -4
    },
    "2016-12-31": {
        "Diluted EPS": -2.0,
        "Total Revenue": 1,
        "Gross Profit": 1,
        "Operating Income": -3,
        "EBIT": -3,
        "Net Income": -5
    },
    "2016-09-30": {
        "Diluted EPS": -2.9,
        "Total Revenue": 1,
        "Gross Profit": 1,
        "Operating Income": -5,
        "EBIT": -5,
        "Net Income": -5
    },
    "2016-06-30": {
        "Diluted EPS": -2.6,
        "Total Revenue": 1,
        "Gross Profit": 1,
        "Operating Income": -5,
        "EBIT": -5,
        "Net Income": -5
    },
    "2016-03-31": {
        "Diluted EPS": -2.6,
        "Total Revenue": 1,
        "Gross Profit": 1,
        "Operating Income": -4,
        "EBIT": -4,
        "Net Income": -4
    },
    "2015-12-31": {
        "Diluted EPS": -2.1,
        "Total Revenue": 1,
        "Gross Profit": 1,
        "Operating Income": -3,
        "EBIT": -3,
        "Net Income": -3
    },
    "2015-09-30": {
        "Diluted EPS": -1.8,
        "Total Revenue": 1,
        "Gross Profit": 1,
        "Operating Income": -3,
        "EBIT": -3,
        "Net Income": -3
    },
    "2015-06-30": {
        "Diluted EPS": -1.9,
        "Total Revenue": 1,
        "Gross Profit": 1,
        "Operating Income": -3,
        "EBIT": -3,
        "Net Income": -3
    },
    "2015-03-31": {
        "Diluted EPS": -2.3,
        "Total Revenue": 2,
        "Gross Profit": 2,
        "Operating Income": -3,
        "EBIT": -3,
        "Net Income": -3
    },
    "2014-12-31": {
        "Diluted EPS": -1.7,
        "Total Revenue": 1,
        "Gross Profit": 1,
        "Operating Income": -2,
        "EBIT": -2,
        "Net Income": -2
    },
    "2014-09-30": {
        "Diluted EPS": -1.3,
        "Total Revenue": 1,
        "Gross Profit": 1,
        "Operating Income": -1,
        "EBIT": -1,
        "Net Income": -2
    },
    "2014-06-30": {
        "Diluted EPS": -1.3,
        "Total Revenue": 1,
        "Gross Profit": 1,
        "Operating Income": -1,
        "EBIT": -1,
        "Net Income": -2
    },
    "2014-03-31": {
        "Diluted EPS": -1.0,
        "Total Revenue": 1,
        "Gross Profit": 1,
        "Operating Income": -1,
        "EBIT": -1,
        "Net Income": -1
    },
    "2013-12-31": {
        "Diluted EPS": -4.0,
        "Total Revenue": 0,
        "Gross Profit": 0,
        "Operating Income": -2,
        "EBIT": -2,
        "Net Income": -4
    },
    "2013-09-30": {
        "Diluted EPS": -1.5,
        "Total Revenue": 0,
        "Gross Profit": 0,
        "Operating Income": -1,
        "EBIT": -1,
        "Net Income": -2
    },
    "2013-06-30": {
        "Diluted EPS": -1.6,
        "Total Revenue": 0,
        "Gross Profit": 0,
        "Operating Income": -2,
        "EBIT": -2,
        "Net Income": -2
    },
    "2013-03-31": {
        "Diluted EPS": -1.4,
        "Total Revenue": 0,
        "Gross Profit": 0,
        "Operating Income": -1,
        "EBIT": -1,
        "Net Income": -1
    },
    "2012-12-31": {
        "Diluted EPS": 17.9,
        "Total Revenue": 2,
        "Gross Profit": 2,
        "Operating Income": 0,
        "EBIT": 0,
        "Net Income": 0
    },
    "2012-09-30": {
        "Diluted EPS": -5.0,
        "Total Revenue": NaN,
        "Gross Profit": NaN,
        "Operating Income": -1,
        "EBIT": -1,
        "Net Income": -1
    },
    "2012-06-30": {
        "Diluted EPS": -5.0,
        "Total Revenue": NaN,
        "Gross Profit": NaN,
        "Operating Income": -1,
        "EBIT": -1,
        "Net Income": 0
    },
    "2012-03-31": {
        "Diluted EPS": -10.0,
        "Total Revenue": 0,
        "Gross Profit": 0,
        "Operating Income": -1,
        "EBIT": -1,
        "Net Income": -1
    },
    "2011-12-31": {
        "Diluted EPS": -20.0,
        "Total Revenue": 0,
        "Gross Profit": 0,
        "Operating Income": -2,
        "EBIT": -2,
        "Net Income": -2
    },
    "2011-09-30": {
        "Diluted EPS": -15.0,
        "Total Revenue": 1,
        "Gross Profit": 1,
        "Operating Income": -1,
        "EBIT": -1,
        "Net Income": -1
    },
    "2011-06-30": {
        "Diluted EPS": -15.0,
        "Total Revenue": 0,
        "Gross Profit": 0,
        "Operating Income": -1,
        "EBIT": -1,
        "Net Income": -1
    },
    "2011-03-31": {
        "Diluted EPS": -15.0,
        "Total Revenue": NaN,
        "Gross Profit": NaN,
        "Operating Income": -1,
        "EBIT": -1,
        "Net Income": -1
    },
    "2010-12-31": {
        "Diluted EPS": -10.0,
        "Total Revenue": NaN,
        "Gross Profit": NaN,
        "Operating Income": -1,
        "EBIT": -1,
        "Net Income": -1
    },
    "2010-09-30": {
        "Diluted EPS": -25.0,
        "Total Revenue": NaN,
        "Gross Profit": NaN,
        "Operating Income": -2,
        "EBIT": -2,
        "Net Income": -2
    },
    "2010-06-30": {
        "Diluted EPS": -25.0,
        "Total Revenue": NaN,
        "Gross Profit": NaN,
        "Operating Income": -2,
        "EBIT": -1,
        "Net Income": -1
    },
    "2010-03-31": {
        "Diluted EPS": -35.0,
        "Total Revenue": NaN,
        "Gross Profit": NaN,
        "Operating Income": -2,
        "EBIT": -2,
        "Net Income": -2
    },
    "2009-12-31": {
        "Diluted EPS": -30.0,
        "Total Revenue": NaN,
        "Gross Profit": NaN,
        "Operating Income": -2,
        "EBIT": -2,
        "Net Income": -2
    },
    "2009-09-30": {
        "Diluted EPS": -40.0,
        "Total Revenue": NaN,
        "Gross Profit": NaN,
        "Operating Income": -2,
        "EBIT": -2,
        "Net Income": -2
    },
    "2009-06-30": {
        "Diluted EPS": -50.0,
        "Total Revenue": NaN,
        "Gross Profit": NaN,
        "Operating Income": -3,
        "EBIT": -2,
        "Net Income": -3
    },
    "2009-03-31": {
        "Diluted EPS": -35.0,
        "Total Revenue": NaN,
        "Gross Profit": NaN,
        "Operating Income": -2,
        "EBIT": -2,
        "Net Income": -2
    },
    "2023-06-30": {
        "Tax Effect Of Unusual Items": NaN,
        "Tax Rate For Calcs": NaN,
        "Normalized EBITDA": NaN,
        "Total Unusual Items": NaN,
        "Total Unusual Items Excluding Goodwill": NaN,
        "Net Income From Continuing Operation Net Minority Interest": NaN,
        "Reconciled Depreciation": NaN,
        "EBITDA": NaN,
        "EBIT": NaN,
        "Normalized Income": NaN,
        "Net Income From Continuing And Discontinued Operation": NaN,
        "Total Expenses": NaN,
        "Total Operating Income As Reported": NaN,
        "Diluted Average Shares": 25335342.0,
        "Basic Average Shares": 25335342.0,
        "Diluted EPS": -0.29,
        "Basic EPS": -0.29,
        "Diluted NI Availto Com Stockholders": NaN,
        "Net Income Common Stockholders": NaN,
        "Net Income": NaN,
        "Net Income Including Noncontrolling Interests": NaN,
        "Net Income Continuous Operations": NaN,
        "Pretax Income": NaN,
        "Other Income Expense": NaN,
        "Special Income Charges": NaN,
        "Gain On Sale Of Ppe": NaN,
        "Gain On Sale Of Security": NaN,
        "Operating Income": NaN,
        "Operating Expense": NaN,
        "Depreciation Amortization Depletion Income Statement": NaN,
        "Depreciation And Amortization In Income Statement": NaN,
        "Depreciation Income Statement": NaN,
        "Research And Development": NaN,
        "Selling General And Administration": NaN,
        "General And Administrative Expense": NaN,
        "Other Gand A": NaN,
        "Salaries And Wages": NaN,
        "Total Revenue": NaN,
        "Operating Revenue": NaN
    },
    "2023-09-30": {
        "Tax Effect Of Unusual Items": NaN,
        "Tax Rate For Calcs": NaN,
        "Normalized EBITDA": NaN,
        "Total Unusual Items": NaN,
        "Total Unusual Items Excluding Goodwill": NaN,
        "Net Income From Continuing Operation Net Minority Interest": NaN,
        "Reconciled Depreciation": NaN,
        "EBITDA": NaN,
        "EBIT": NaN,
        "Normalized Income": NaN,
        "Net Income From Continuing And Discontinued Operation": NaN,
        "Total Expenses": NaN,
        "Total Operating Income As Reported": NaN,
        "Diluted Average Shares": 25817676.0,
        "Basic Average Shares": 25817676.0,
        "Diluted EPS": -0.25,
        "Basic EPS": -0.25,
        "Diluted NI Availto Com Stockholders": NaN,
        "Net Income Common Stockholders": NaN,
        "Net Income": NaN,
        "Net Income Including Noncontrolling Interests": NaN,
        "Net Income Continuous Operations": NaN,
        "Pretax Income": NaN,
        "Other Income Expense": NaN,
        "Special Income Charges": -5388.0,
        "Gain On Sale Of Ppe": -5388.0,
        "Gain On Sale Of Security": NaN,
        "Operating Income": NaN,
        "Operating Expense": NaN,
        "Depreciation Amortization Depletion Income Statement": 113677.0,
        "Depreciation And Amortization In Income Statement": 113677.0,
        "Depreciation Income Statement": 113677.0,
        "Research And Development": NaN,
        "Selling General And Administration": NaN,
        "General And Administrative Expense": NaN,
        "Other Gand A": NaN,
        "Salaries And Wages": NaN,
        "Total Revenue": NaN,
        "Operating Revenue": NaN
    },
    "2023-12-31": {
        "Tax Effect Of Unusual Items": NaN,
        "Tax Rate For Calcs": NaN,
        "Normalized EBITDA": NaN,
        "Total Unusual Items": NaN,
        "Total Unusual Items Excluding Goodwill": NaN,
        "Net Income From Continuing Operation Net Minority Interest": NaN,
        "Reconciled Depreciation": NaN,
        "EBITDA": NaN,
        "EBIT": NaN,
        "Normalized Income": NaN,
        "Net Income From Continuing And Discontinued Operation": NaN,
        "Total Expenses": NaN,
        "Total Operating Income As Reported": NaN,
        "Diluted Average Shares": NaN,
        "Basic Average Shares": NaN,
        "Diluted EPS": NaN,
        "Basic EPS": NaN,
        "Diluted NI Availto Com Stockholders": NaN,
        "Net Income Common Stockholders": NaN,
        "Net Income": NaN,
        "Net Income Including Noncontrolling Interests": NaN,
        "Net Income Continuous Operations": NaN,
        "Pretax Income": NaN,
        "Other Income Expense": NaN,
        "Other Non Operating Income Expenses": NaN,
        "Special Income Charges": -653.0,
        "Gain On Sale Of Ppe": -653.0,
        "Gain On Sale Of Security": NaN,
        "Operating Income": NaN,
        "Operating Expense": NaN,
        "Depreciation Amortization Depletion Income Statement": NaN,
        "Depreciation And Amortization In Income Statement": NaN,
        "Depreciation Income Statement": NaN,
        "Research And Development": NaN,
        "Selling General And Administration": NaN,
        "General And Administrative Expense": NaN,
        "Other Gand A": NaN,
        "Salaries And Wages": NaN,
        "Total Revenue": NaN,
        "Operating Revenue": NaN
    },
    "2024-03-31": {
        "Tax Effect Of Unusual Items": 0.0,
        "Tax Rate For Calcs": 0.0,
        "Normalized EBITDA": -10406325.0,
        "Total Unusual Items": 471829.0,
        "Total Unusual Items Excluding Goodwill": 471829.0,
        "Net Income From Continuing Operation Net Minority Interest": -9794073.0,
        "Reconciled Depreciation": 331406.0,
        "EBITDA": -9934496.0,
        "EBIT": -10265902.0,
        "Normalized Income": -10265902.0,
        "Net Income From Continuing And Discontinued Operation": -9794073.0,
        "Total Expenses": 15172779.0,
        "Total Operating Income As Reported": -10265902.0,
        "Diluted Average Shares": 31354629.0,
        "Basic Average Shares": 31354629.0,
        "Diluted EPS": -0.31,
        "Basic EPS": -0.31,
        "Diluted NI Availto Com Stockholders": -9794073.0,
        "Net Income Common Stockholders": -9794073.0,
        "Net Income": -9794073.0,
        "Net Income Including Noncontrolling Interests": -9794073.0,
        "Net Income Continuous Operations": -9794073.0,
        "Pretax Income": -9794073.0,
        "Other Income Expense": 471829.0,
        "Other Non Operating Income Expenses": NaN,
        "Special Income Charges": 0.0,
        "Gain On Sale Of Ppe": 0.0,
        "Gain On Sale Of Security": 471829.0,
        "Operating Income": -10265902.0,
        "Operating Expense": 15172779.0,
        "Depreciation Amortization Depletion Income Statement": 152239.0,
        "Depreciation And Amortization In Income Statement": 152239.0,
        "Depreciation Income Statement": 152239.0,
        "Research And Development": 11101013.0,
        "Selling General And Administration": 3919527.0,
        "General And Administrative Expense": 3919527.0,
        "Other Gand A": 863909.0,
        "Salaries And Wages": 3055618.0,
        "Total Revenue": 4906877.0,
        "Operating Revenue": 4906877.0
    },
    "2024-06-30": {
        "Tax Effect Of Unusual Items": 0.0,
        "Tax Rate For Calcs": 0.0,
        "Normalized EBITDA": -11825721.0,
        "Total Unusual Items": 591437.0,
        "Total Unusual Items Excluding Goodwill": 591437.0,
        "Net Income From Continuing Operation Net Minority Interest": -10999782.0,
        "Reconciled Depreciation": 356935.0,
        "EBITDA": -11234284.0,
        "EBIT": -11591219.0,
        "Normalized Income": -11591219.0,
        "Net Income From Continuing And Discontinued Operation": -10999782.0,
        "Total Expenses": 15562657.0,
        "Total Operating Income As Reported": -11591219.0,
        "Diluted Average Shares": 31841964.0,
        "Basic Average Shares": 31841964.0,
        "Diluted EPS": -0.35,
        "Basic EPS": -0.35,
        "Diluted NI Availto Com Stockholders": -10999782.0,
        "Net Income Common Stockholders": -10999782.0,
        "Net Income": -10999782.0,
        "Net Income Including Noncontrolling Interests": -10999782.0,
        "Net Income Continuous Operations": -10999782.0,
        "Pretax Income": -10999782.0,
        "Other Income Expense": 591437.0,
        "Other Non Operating Income Expenses": NaN,
        "Special Income Charges": NaN,
        "Gain On Sale Of Ppe": NaN,
        "Gain On Sale Of Security": 591437.0,
        "Operating Income": -11591219.0,
        "Operating Expense": 15562657.0,
        "Depreciation Amortization Depletion Income Statement": 156800.0,
        "Depreciation And Amortization In Income Statement": 156800.0,
        "Depreciation Income Statement": 156800.0,
        "Research And Development": 12504769.0,
        "Selling General And Administration": 2901088.0,
        "General And Administrative Expense": 2901088.0,
        "Other Gand A": 763293.0,
        "Salaries And Wages": 2137795.0,
        "Total Revenue": 3971438.0,
        "Operating Revenue": 3971438.0
    },
    "2024-09-30": {
        "Tax Effect Of Unusual Items": 0.0,
        "Tax Rate For Calcs": 0.0,
        "Normalized EBITDA": -13101864.0,
        "Total Unusual Items": 453152.0,
        "Total Unusual Items Excluding Goodwill": 453152.0,
        "Net Income From Continuing Operation Net Minority Interest": -12556728.0,
        "Reconciled Depreciation": 361168.0,
        "EBITDA": -12648712.0,
        "EBIT": -13009880.0,
        "Normalized Income": -13009880.0,
        "Net Income From Continuing And Discontinued Operation": -12556728.0,
        "Total Expenses": 15271522.0,
        "Total Operating Income As Reported": -13009880.0,
        "Diluted Average Shares": 33090063.0,
        "Basic Average Shares": 33090063.0,
        "Diluted EPS": -0.38,
        "Basic EPS": -0.38,
        "Diluted NI Availto Com Stockholders": -12556728.0,
        "Net Income Common Stockholders": -12556728.0,
        "Net Income": -12556728.0,
        "Net Income Including Noncontrolling Interests": -12556728.0,
        "Net Income Continuous Operations": -12556728.0,
        "Pretax Income": -12556728.0,
        "Other Income Expense": 453152.0,
        "Other Non Operating Income Expenses": NaN,
        "Special Income Charges": 0.0,
        "Gain On Sale Of Ppe": 0.0,
        "Gain On Sale Of Security": 453152.0,
        "Operating Income": -13009880.0,
        "Operating Expense": 15271522.0,
        "Depreciation Amortization Depletion Income Statement": 160440.0,
        "Depreciation And Amortization In Income Statement": 160440.0,
        "Depreciation Income Statement": 160440.0,
        "Research And Development": 11807867.0,
        "Selling General And Administration": 3303215.0,
        "General And Administrative Expense": 3303215.0,
        "Other Gand A": 979831.0,
        "Salaries And Wages": 2323384.0,
        "Total Revenue": 2261642.0,
        "Operating Revenue": 2261642.0
    },
    "2024-12-31": {
        "Tax Effect Of Unusual Items": 0.0,
        "Tax Rate For Calcs": 0.0,
        "Normalized EBITDA": -7895903.0,
        "Total Unusual Items": 573767.0,
        "Total Unusual Items Excluding Goodwill": 573767.0,
        "Net Income From Continuing Operation Net Minority Interest": -7116603.0,
        "Reconciled Depreciation": 375705.0,
        "EBITDA": -7322136.0,
        "EBIT": -7697841.0,
        "Normalized Income": -7690370.0,
        "Net Income From Continuing And Discontinued Operation": -7116603.0,
        "Total Expenses": 18828350.0,
        "Total Operating Income As Reported": -7697841.0,
        "Diluted Average Shares": 44509154.0,
        "Basic Average Shares": 44509154.0,
        "Diluted EPS": -0.16,
        "Basic EPS": -0.16,
        "Diluted NI Availto Com Stockholders": -7116603.0,
        "Net Income Common Stockholders": -7116603.0,
        "Net Income": -7116603.0,
        "Net Income Including Noncontrolling Interests": -7116603.0,
        "Net Income Continuous Operations": -7116603.0,
        "Pretax Income": -7116603.0,
        "Other Income Expense": 581238.0,
        "Other Non Operating Income Expenses": NaN,
        "Special Income Charges": -112805.0,
        "Gain On Sale Of Ppe": -112805.0,
        "Gain On Sale Of Security": 686572.0,
        "Operating Income": -7697841.0,
        "Operating Expense": 18828350.0,
        "Depreciation Amortization Depletion Income Statement": 181750.0,
        "Depreciation And Amortization In Income Statement": 181750.0,
        "Depreciation Income Statement": 181750.0,
        "Research And Development": 14554936.0,
        "Selling General And Administration": 4091664.0,
        "General And Administrative Expense": 4091664.0,
        "Other Gand A": 1002067.0,
        "Salaries And Wages": 3089597.0,
        "Total Revenue": 11130509.0,
        "Operating Revenue": 11130509.0
    },
    "2025-03-31": {
        "Tax Effect Of Unusual Items": 0.0,
        "Tax Rate For Calcs": 0.0,
        "Normalized EBITDA": -25156367.0,
        "Total Unusual Items": 578869.0,
        "Total Unusual Items Excluding Goodwill": 578869.0,
        "Net Income From Continuing Operation Net Minority Interest": -24391594.0,
        "Reconciled Depreciation": 405450.0,
        "EBITDA": -24577498.0,
        "EBIT": -24982948.0,
        "Normalized Income": -24970463.0,
        "Net Income From Continuing And Discontinued Operation": -24391594.0,
        "Total Expenses": 24982948.0,
        "Total Operating Income As Reported": -24982948.0,
        "Diluted Average Shares": 45636633.0,
        "Basic Average Shares": 45636633.0,
        "Diluted EPS": -0.53,
        "Basic EPS": -0.53,
        "Diluted NI Availto Com Stockholders": -24391594.0,
        "Net Income Common Stockholders": -24391594.0,
        "Net Income": -24391594.0,
        "Net Income Including Noncontrolling Interests": -24391594.0,
        "Net Income Continuous Operations": -24391594.0,
        "Pretax Income": -24391594.0,
        "Other Income Expense": 591354.0,
        "Other Non Operating Income Expenses": 12485.0,
        "Special Income Charges": -150673.0,
        "Gain On Sale Of Ppe": -150673.0,
        "Gain On Sale Of Security": 729542.0,
        "Operating Income": -24982948.0,
        "Operating Expense": 24982948.0,
        "Depreciation Amortization Depletion Income Statement": 190486.0,
        "Depreciation And Amortization In Income Statement": 190486.0,
        "Depreciation Income Statement": 190486.0,
        "Research And Development": 18915572.0,
        "Selling General And Administration": 5876890.0,
        "General And Administrative Expense": 5876890.0,
        "Other Gand A": 1375233.0,
        "Salaries And Wages": 4501657.0,
        "Total Revenue": 0.0,
        "Operating Revenue": 0.0
    }
}