{
    "2023-06-30": {
        "Tax Effect Of Unusual Items": NaN,
        "Tax Rate For Calcs": NaN,
        "Normalized EBITDA": NaN,
        "Total Unusual Items": NaN,
        "Total Unusual Items Excluding Goodwill": NaN,
        "Net Income From Continuing Operation Net Minority Interest": NaN,
        "Reconciled Depreciation": NaN,
        "Reconciled Cost Of Revenue": NaN,
        "EBITDA": NaN,
        "EBIT": NaN,
        "Net Interest Income": NaN,
        "Interest Expense": NaN,
        "Normalized Income": NaN,
        "Net Income From Continuing And Discontinued Operation": NaN,
        "Total Expenses": NaN,
        "Rent Expense Supplemental": 40000000.0,
        "Diluted Average Shares": NaN,
        "Basic Average Shares": NaN,
        "Diluted EPS": NaN,
        "Basic EPS": NaN,
        "Diluted NI Availto Com Stockholders": NaN,
        "Net Income Common Stockholders": NaN,
        "Net Income": NaN,
        "Minority Interests": NaN,
        "Net Income Including Noncontrolling Interests": NaN,
        "Net Income Continuous Operations": NaN,
        "Tax Provision": NaN,
        "Pretax Income": NaN,
        "Other Income Expense": NaN,
        "Other Non Operating Income Expenses": NaN,
        "Special Income Charges": NaN,
        "Other Special Charges": NaN,
        "Restructuring And Mergern Acquisition": NaN,
        "Net Non Operating Interest Income Expense": NaN,
        "Interest Expense Non Operating": NaN,
        "Operating Income": NaN,
        "Operating Expense": NaN,
        "Other Operating Expenses": NaN,
        "Depreciation Amortization Depletion Income Statement": NaN,
        "Depreciation And Amortization In Income Statement": NaN,
        "Selling General And Administration": NaN,
        "Gross Profit": NaN,
        "Cost Of Revenue": NaN,
        "Total Revenue": NaN,
        "Operating Revenue": NaN
    },
    "2023-03-31": {
        "Tax Effect Of Unusual Items": NaN,
        "Tax Rate For Calcs": NaN,
        "Normalized EBITDA": NaN,
        "Total Unusual Items": NaN,
        "Total Unusual Items Excluding Goodwill": NaN,
        "Net Income From Continuing Operation Net Minority Interest": NaN,
        "Reconciled Depreciation": NaN,
        "Reconciled Cost Of Revenue": NaN,
        "EBITDA": NaN,
        "EBIT": NaN,
        "Net Interest Income": NaN,
        "Interest Expense": NaN,
        "Normalized Income": NaN,
        "Net Income From Continuing And Discontinued Operation": NaN,
        "Total Expenses": NaN,
        "Rent Expense Supplemental": 38000000.0,
        "Diluted Average Shares": NaN,
        "Basic Average Shares": NaN,
        "Diluted EPS": NaN,
        "Basic EPS": NaN,
        "Diluted NI Availto Com Stockholders": NaN,
        "Net Income Common Stockholders": NaN,
        "Net Income": NaN,
        "Minority Interests": NaN,
        "Net Income Including Noncontrolling Interests": NaN,
        "Net Income Continuous Operations": NaN,
        "Tax Provision": NaN,
        "Pretax Income": NaN,
        "Other Income Expense": NaN,
        "Other Non Operating Income Expenses": NaN,
        "Special Income Charges": NaN,
        "Other Special Charges": NaN,
        "Restructuring And Mergern Acquisition": NaN,
        "Net Non Operating Interest Income Expense": NaN,
        "Interest Expense Non Operating": NaN,
        "Operating Income": NaN,
        "Operating Expense": NaN,
        "Other Operating Expenses": NaN,
        "Depreciation Amortization Depletion Income Statement": NaN,
        "Depreciation And Amortization In Income Statement": NaN,
        "Selling General And Administration": NaN,
        "Gross Profit": NaN,
        "Cost Of Revenue": NaN,
        "Total Revenue": NaN,
        "Operating Revenue": NaN
    },
    "2022-12-31": {
        "Tax Effect Of Unusual Items": NaN,
        "Tax Rate For Calcs": NaN,
        "Normalized EBITDA": NaN,
        "Total Unusual Items": NaN,
        "Total Unusual Items Excluding Goodwill": NaN,
        "Net Income From Continuing Operation Net Minority Interest": NaN,
        "Reconciled Depreciation": NaN,
        "Reconciled Cost Of Revenue": NaN,
        "EBITDA": NaN,
        "EBIT": NaN,
        "Net Interest Income": NaN,
        "Interest Expense": NaN,
        "Normalized Income": NaN,
        "Net Income From Continuing And Discontinued Operation": NaN,
        "Total Expenses": NaN,
        "Rent Expense Supplemental": 35000000.0,
        "Diluted Average Shares": NaN,
        "Basic Average Shares": NaN,
        "Diluted EPS": NaN,
        "Basic EPS": NaN,
        "Diluted NI Availto Com Stockholders": NaN,
        "Net Income Common Stockholders": NaN,
        "Net Income": NaN,
        "Minority Interests": NaN,
        "Net Income Including Noncontrolling Interests": NaN,
        "Net Income Continuous Operations": NaN,
        "Tax Provision": NaN,
        "Pretax Income": NaN,
        "Other Income Expense": NaN,
        "Other Non Operating Income Expenses": NaN,
        "Special Income Charges": NaN,
        "Gain On Sale Of Ppe": 163000000.0,
        "Other Special Charges": NaN,
        "Restructuring And Mergern Acquisition": NaN,
        "Net Non Operating Interest Income Expense": NaN,
        "Interest Expense Non Operating": NaN,
        "Operating Income": NaN,
        "Operating Expense": NaN,
        "Other Operating Expenses": NaN,
        "Depreciation Amortization Depletion Income Statement": NaN,
        "Depreciation And Amortization In Income Statement": NaN,
        "Selling General And Administration": NaN,
        "Gross Profit": NaN,
        "Cost Of Revenue": NaN,
        "Total Revenue": NaN,
        "Operating Revenue": NaN
    },
    "2022-09-30": {
        "Tax Effect Of Unusual Items": NaN,
        "Tax Rate For Calcs": NaN,
        "Normalized EBITDA": NaN,
        "Total Unusual Items": NaN,
        "Total Unusual Items Excluding Goodwill": NaN,
        "Net Income From Continuing Operation Net Minority Interest": NaN,
        "Reconciled Depreciation": NaN,
        "Reconciled Cost Of Revenue": NaN,
        "EBITDA": NaN,
        "EBIT": NaN,
        "Net Interest Income": NaN,
        "Interest Expense": NaN,
        "Normalized Income": NaN,
        "Net Income From Continuing And Discontinued Operation": NaN,
        "Total Expenses": NaN,
        "Rent Expense Supplemental": NaN,
        "Diluted Average Shares": NaN,
        "Basic Average Shares": NaN,
        "Diluted EPS": NaN,
        "Basic EPS": NaN,
        "Diluted NI Availto Com Stockholders": NaN,
        "Net Income Common Stockholders": NaN,
        "Net Income": NaN,
        "Minority Interests": NaN,
        "Net Income Including Noncontrolling Interests": NaN,
        "Net Income Continuous Operations": NaN,
        "Tax Provision": NaN,
        "Pretax Income": NaN,
        "Other Income Expense": NaN,
        "Other Non Operating Income Expenses": NaN,
        "Special Income Charges": NaN,
        "Gain On Sale Of Ppe": 359000000.0,
        "Other Special Charges": NaN,
        "Restructuring And Mergern Acquisition": NaN,
        "Net Non Operating Interest Income Expense": NaN,
        "Interest Expense Non Operating": NaN,
        "Operating Income": NaN,
        "Operating Expense": NaN,
        "Other Operating Expenses": NaN,
        "Depreciation Amortization Depletion Income Statement": NaN,
        "Depreciation And Amortization In Income Statement": NaN,
        "Selling General And Administration": NaN,
        "Gross Profit": NaN,
        "Cost Of Revenue": NaN,
        "Total Revenue": NaN,
        "Operating Revenue": NaN
    },
    "2022-06-30": {
        "Tax Effect Of Unusual Items": -1997229.916898,
        "Tax Rate For Calcs": 0.285319,
        "Normalized EBITDA": 1205000000.0,
        "Total Unusual Items": -7000000.0,
        "Total Unusual Items Excluding Goodwill": -7000000.0,
        "Net Income From Continuing Operation Net Minority Interest": 778000000.0,
        "Reconciled Depreciation": 51000000.0,
        "Reconciled Cost Of Revenue": 331000000.0,
        "EBITDA": 1198000000.0,
        "EBIT": 1147000000.0,
        "Net Interest Income": -64000000.0,
        "Interest Expense": 64000000.0,
        "Normalized Income": 783002770.083102,
        "Net Income From Continuing And Discontinued Operation": 778000000.0,
        "Total Expenses": 2090000000.0,
        "Rent Expense Supplemental": 32000000.0,
        "Diluted Average Shares": 49500000.0,
        "Basic Average Shares": 48500000.0,
        "Diluted EPS": 15.71,
        "Basic EPS": 16.05,
        "Diluted NI Availto Com Stockholders": 778000000.0,
        "Net Income Common Stockholders": 778000000.0,
        "Net Income": 778000000.0,
        "Minority Interests": 4000000.0,
        "Net Income Including Noncontrolling Interests": 774000000.0,
        "Net Income Continuous Operations": 774000000.0,
        "Tax Provision": 309000000.0,
        "Pretax Income": 1083000000.0,
        "Other Income Expense": -7000000.0,
        "Other Non Operating Income Expenses": NaN,
        "Special Income Charges": -7000000.0,
        "Gain On Sale Of Ppe": 194000000.0,
        "Restructuring And Mergern Acquisition": 7000000.0,
        "Net Non Operating Interest Income Expense": -64000000.0,
        "Interest Expense Non Operating": 64000000.0,
        "Operating Income": 1154000000.0,
        "Operating Expense": 1759000000.0,
        "Other Operating Expenses": 1349000000.0,
        "Depreciation Amortization Depletion Income Statement": 51000000.0,
        "Depreciation And Amortization In Income Statement": 51000000.0,
        "Selling General And Administration": 359000000.0,
        "Gross Profit": 2913000000.0,
        "Cost Of Revenue": 331000000.0,
        "Total Revenue": 3244000000.0,
        "Operating Revenue": 3244000000.0
    },
    "2022-03-31": {
        "Diluted EPS": 9.71,
        "Total Revenue": NaN,
        "Gross Profit": NaN,
        "Operating Income": 748,
        "EBIT": NaN,
        "Net Income": 529
    },
    "2021-12-31": {
        "Diluted EPS": 5.79,
        "Total Revenue": NaN,
        "Gross Profit": NaN,
        "Operating Income": 640,
        "EBIT": NaN,
        "Net Income": 382
    },
    "2021-09-30": {
        "Diluted EPS": 10.45,
        "Total Revenue": NaN,
        "Gross Profit": NaN,
        "Operating Income": 984,
        "EBIT": NaN,
        "Net Income": 675
    },
    "2021-06-30": {
        "Diluted EPS": 5.63,
        "Total Revenue": NaN,
        "Gross Profit": NaN,
        "Operating Income": 546,
        "EBIT": NaN,
        "Net Income": 398
    },
    "2021-03-31": {
        "Diluted EPS": -2.43,
        "Total Revenue": NaN,
        "Gross Profit": 540,
        "Operating Income": -39,
        "EBIT": 607,
        "Net Income": -170
    },
    "2020-12-31": {
        "Diluted EPS": -1.27,
        "Total Revenue": NaN,
        "Gross Profit": 538,
        "Operating Income": -38,
        "EBIT": 616,
        "Net Income": -90
    },
    "2020-09-30": {
        "Diluted EPS": 0.63,
        "Total Revenue": NaN,
        "Gross Profit": 709,
        "Operating Income": 136,
        "EBIT": 896,
        "Net Income": 45
    },
    "2020-06-30": {
        "Diluted EPS": -6.91,
        "Total Revenue": 760,
        "Gross Profit": 138,
        "Operating Income": -526,
        "EBIT": 167,
        "Net Income": -481
    },
    "2020-03-31": {
        "Diluted EPS": -2.16,
        "Total Revenue": NaN,
        "Gross Profit": 695,
        "Operating Income": -167,
        "EBIT": 638,
        "Net Income": -158
    },
    "2019-12-31": {
        "Diluted EPS": 1.87,
        "Total Revenue": NaN,
        "Gross Profit": 998,
        "Operating Income": 73,
        "EBIT": 902,
        "Net Income": 142
    },
    "2019-09-30": {
        "Diluted EPS": 2.5,
        "Total Revenue": NaN,
        "Gross Profit": NaN,
        "Operating Income": 409,
        "EBIT": NaN,
        "Net Income": 189
    },
    "2019-06-30": {
        "Diluted EPS": 0.81,
        "Total Revenue": NaN,
        "Gross Profit": NaN,
        "Operating Income": 153,
        "EBIT": NaN,
        "Net Income": 62
    },
    "2019-03-31": {
        "Diluted EPS": -1.2,
        "Total Revenue": NaN,
        "Gross Profit": 849,
        "Operating Income": -68,
        "EBIT": 739,
        "Net Income": -91
    },
    "2018-12-31": {
        "Diluted EPS": 0.14,
        "Total Revenue": NaN,
        "Gross Profit": 972,
        "Operating Income": 86,
        "EBIT": 674,
        "Net Income": 13
    },
    "2018-09-30": {
        "Diluted EPS": 2.68,
        "Total Revenue": NaN,
        "Gross Profit": NaN,
        "Operating Income": 410,
        "EBIT": NaN,
        "Net Income": 213
    },
    "2018-06-30": {
        "Diluted EPS": 0.32,
        "Total Revenue": NaN,
        "Gross Profit": NaN,
        "Operating Income": 94,
        "EBIT": 782,
        "Net Income": 26
    },
    "2018-03-31": {
        "Diluted EPS": -1.08,
        "Total Revenue": NaN,
        "Gross Profit": 876,
        "Operating Income": -74,
        "EBIT": 527,
        "Net Income": -87
    },
    "2017-12-31": {
        "Diluted EPS": 2.55,
        "Total Revenue": NaN,
        "Gross Profit": 960,
        "Operating Income": 57,
        "EBIT": 649,
        "Net Income": 220
    },
    "2017-09-30": {
        "Diluted EPS": 2.91,
        "Total Revenue": NaN,
        "Gross Profit": NaN,
        "Operating Income": 416,
        "EBIT": NaN,
        "Net Income": 245
    },
    "2017-06-30": {
        "Diluted EPS": 0.04,
        "Total Revenue": NaN,
        "Gross Profit": NaN,
        "Operating Income": 64,
        "EBIT": 726,
        "Net Income": 3
    },
    "2017-03-31": {
        "Diluted EPS": -1.25,
        "Total Revenue": NaN,
        "Gross Profit": 790,
        "Operating Income": -110,
        "EBIT": 463,
        "Net Income": -107
    },
    "2016-12-31": {
        "Diluted EPS": -0.38,
        "Total Revenue": NaN,
        "Gross Profit": 878,
        "Operating Income": 2,
        "EBIT": 567,
        "Net Income": -31
    },
    "2016-09-30": {
        "Diluted EPS": 2.28,
        "Total Revenue": NaN,
        "Gross Profit": NaN,
        "Operating Income": 406,
        "EBIT": NaN,
        "Net Income": 209
    },
    "2016-06-30": {
        "Diluted EPS": 0.38,
        "Total Revenue": NaN,
        "Gross Profit": NaN,
        "Operating Income": 139,
        "EBIT": 786,
        "Net Income": 36
    },
    "2016-03-31": {
        "Diluted EPS": -0.53,
        "Total Revenue": NaN,
        "Gross Profit": 841,
        "Operating Income": -17,
        "EBIT": 551,
        "Net Income": -51
    },
    "2015-12-31": {
        "Diluted EPS": -0.04,
        "Total Revenue": NaN,
        "Gross Profit": 897,
        "Operating Income": 71,
        "EBIT": 624,
        "Net Income": -5
    },
    "2015-09-30": {
        "Diluted EPS": 1.77,
        "Total Revenue": NaN,
        "Gross Profit": NaN,
        "Operating Income": 375,
        "EBIT": NaN,
        "Net Income": 184
    },
    "2015-06-30": {
        "Diluted EPS": 1.34,
        "Total Revenue": NaN,
        "Gross Profit": NaN,
        "Operating Income": 171,
        "EBIT": 804,
        "Net Income": 143
    },
    "2015-03-31": {
        "Diluted EPS": -0.09,
        "Total Revenue": NaN,
        "Gross Profit": 865,
        "Operating Income": 68,
        "EBIT": 619,
        "Net Income": -9
    },
    "2014-12-31": {
        "Diluted EPS": 0.21,
        "Total Revenue": NaN,
        "Gross Profit": 909,
        "Operating Income": 81,
        "EBIT": 631,
        "Net Income": 23
    },
    "2014-09-30": {
        "Diluted EPS": 1.74,
        "Total Revenue": NaN,
        "Gross Profit": NaN,
        "Operating Income": 371,
        "EBIT": NaN,
        "Net Income": 192
    },
    "2014-06-30": {
        "Diluted EPS": 0.24,
        "Total Revenue": NaN,
        "Gross Profit": NaN,
        "Operating Income": 168,
        "EBIT": 787,
        "Net Income": 26
    },
    "2014-03-31": {
        "Diluted EPS": 0.03,
        "Total Revenue": NaN,
        "Gross Profit": 862,
        "Operating Income": 76,
        "EBIT": 597,
        "Net Income": 4
    },
    "2013-12-31": {
        "Diluted EPS": -0.18,
        "Total Revenue": NaN,
        "Gross Profit": 855,
        "Operating Income": 163,
        "EBIT": 666,
        "Net Income": -28
    },
    "2013-09-30": {
        "Diluted EPS": 1.02,
        "Total Revenue": NaN,
        "Gross Profit": NaN,
        "Operating Income": 344,
        "EBIT": 952,
        "Net Income": 118
    },
    "2013-06-30": {
        "Diluted EPS": -0.26,
        "Total Revenue": NaN,
        "Gross Profit": 995,
        "Operating Income": 142,
        "EBIT": 711,
        "Net Income": -28
    },
    "2013-03-31": {
        "Diluted EPS": -0.43,
        "Total Revenue": NaN,
        "Gross Profit": 760,
        "Operating Income": 59,
        "EBIT": 514,
        "Net Income": -46
    },
    "2012-12-31": {
        "Diluted EPS": -0.4,
        "Total Revenue": NaN,
        "Gross Profit": 756,
        "Operating Income": 138,
        "EBIT": 589,
        "Net Income": -46
    },
    "2012-09-30": {
        "Diluted EPS": 2.38,
        "Total Revenue": NaN,
        "Gross Profit": NaN,
        "Operating Income": 347,
        "EBIT": 872,
        "Net Income": 280
    },
    "2012-06-30": {
        "Diluted EPS": 0.66,
        "Total Revenue": NaN,
        "Gross Profit": 913,
        "Operating Income": 237,
        "EBIT": 725,
        "Net Income": 79
    },
    "2012-03-31": {
        "Diluted EPS": -0.22,
        "Total Revenue": NaN,
        "Gross Profit": 730,
        "Operating Income": 80,
        "EBIT": 533,
        "Net Income": -23
    },
    "2011-12-31": {
        "Diluted EPS": -1.41,
        "Total Revenue": NaN,
        "Gross Profit": 772,
        "Operating Income": 125,
        "EBIT": 608,
        "Net Income": -170
    },
    "2011-09-30": {
        "Diluted EPS": 0.65,
        "Total Revenue": NaN,
        "Gross Profit": 840,
        "Operating Income": 250,
        "EBIT": 763,
        "Net Income": 82
    },
    "2011-06-30": {
        "Diluted EPS": 0.42,
        "Total Revenue": NaN,
        "Gross Profit": 687,
        "Operating Income": 170,
        "EBIT": 627,
        "Net Income": 52
    },
    "2011-03-31": {
        "Diluted EPS": 0.06,
        "Total Revenue": NaN,
        "Gross Profit": 576,
        "Operating Income": 60,
        "EBIT": 461,
        "Net Income": 7
    },
    "2010-12-31": {
        "Diluted EPS": -0.09,
        "Total Revenue": NaN,
        "Gross Profit": 566,
        "Operating Income": 8,
        "EBIT": 448,
        "Net Income": -24
    },
    "2010-09-30": {
        "Diluted EPS": 0.73,
        "Total Revenue": NaN,
        "Gross Profit": 807,
        "Operating Income": 213,
        "EBIT": 672,
        "Net Income": 90
    },
    "2010-06-30": {
        "Diluted EPS": 0.22,
        "Total Revenue": NaN,
        "Gross Profit": 655,
        "Operating Income": 72,
        "EBIT": 507,
        "Net Income": 26
    },
    "2010-03-31": {
        "Diluted EPS": -0.37,
        "Total Revenue": NaN,
        "Gross Profit": 541,
        "Operating Income": 15,
        "EBIT": 402,
        "Net Income": -38
    },
    "2009-12-31": {
        "Diluted EPS": -0.46,
        "Total Revenue": NaN,
        "Gross Profit": 543,
        "Operating Income": -30,
        "EBIT": 369,
        "Net Income": -49
    },
    "2009-09-30": {
        "Diluted EPS": 0.54,
        "Total Revenue": NaN,
        "Gross Profit": 734,
        "Operating Income": 121,
        "EBIT": 585,
        "Net Income": 57
    },
    "2009-06-30": {
        "Diluted EPS": -0.06,
        "Total Revenue": NaN,
        "Gross Profit": 664,
        "Operating Income": 43,
        "EBIT": 524,
        "Net Income": -6
    },
    "2009-03-31": {
        "Diluted EPS": -0.48,
        "Total Revenue": NaN,
        "Gross Profit": 554,
        "Operating Income": -25,
        "EBIT": 412,
        "Net Income": -49
    },
    "2023-09-30": {
        "Tax Effect Of Unusual Items": NaN,
        "Tax Rate For Calcs": NaN,
        "Normalized EBITDA": NaN,
        "Total Unusual Items": NaN,
        "Total Unusual Items Excluding Goodwill": NaN,
        "Net Income From Continuing Operation Net Minority Interest": NaN,
        "Reconciled Depreciation": NaN,
        "Reconciled Cost Of Revenue": NaN,
        "EBITDA": NaN,
        "EBIT": NaN,
        "Net Interest Income": NaN,
        "Interest Expense": NaN,
        "Normalized Income": NaN,
        "Net Income From Continuing And Discontinued Operation": NaN,
        "Total Expenses": NaN,
        "Rent Expense Supplemental": 48000000.0,
        "Diluted Average Shares": NaN,
        "Basic Average Shares": NaN,
        "Diluted EPS": NaN,
        "Basic EPS": NaN,
        "Diluted NI Availto Com Stockholders": NaN,
        "Net Income Common Stockholders": NaN,
        "Net Income": NaN,
        "Minority Interests": NaN,
        "Net Income Including Noncontrolling Interests": NaN,
        "Net Income Continuous Operations": NaN,
        "Tax Provision": NaN,
        "Pretax Income": NaN,
        "Other Income Expense": NaN,
        "Other Non Operating Income Expenses": NaN,
        "Special Income Charges": NaN,
        "Other Special Charges": 1000000.0,
        "Restructuring And Mergern Acquisition": NaN,
        "Net Non Operating Interest Income Expense": NaN,
        "Interest Expense Non Operating": NaN,
        "Operating Income": NaN,
        "Operating Expense": NaN,
        "Other Operating Expenses": NaN,
        "Depreciation Amortization Depletion Income Statement": NaN,
        "Depreciation And Amortization In Income Statement": NaN,
        "Selling General And Administration": NaN,
        "Gross Profit": NaN,
        "Cost Of Revenue": NaN,
        "Total Revenue": NaN,
        "Operating Revenue": NaN
    },
    "2023-12-31": {
        "Tax Effect Of Unusual Items": -2100000.0,
        "Tax Rate For Calcs": 0.21,
        "Normalized EBITDA": 1079000000.0,
        "Total Unusual Items": -10000000.0,
        "Total Unusual Items Excluding Goodwill": -10000000.0,
        "Net Income From Continuing Operation Net Minority Interest": 259000000.0,
        "Reconciled Depreciation": 832000000.0,
        "Reconciled Cost Of Revenue": 82000000.0,
        "EBITDA": 1069000000.0,
        "EBIT": 237000000.0,
        "Net Interest Income": -75000000.0,
        "Interest Expense": 75000000.0,
        "Normalized Income": 266900000.0,
        "Net Income From Continuing And Discontinued Operation": 259000000.0,
        "Total Expenses": 2573000000.0,
        "Rent Expense Supplemental": 41000000.0,
        "Diluted Average Shares": 36400000.0,
        "Basic Average Shares": 36000000.0,
        "Diluted EPS": 7.1,
        "Basic EPS": 7.18,
        "Diluted NI Availto Com Stockholders": 259000000.0,
        "Net Income Common Stockholders": 259000000.0,
        "Net Income": 259000000.0,
        "Minority Interests": -1000000.0,
        "Net Income Including Noncontrolling Interests": 260000000.0,
        "Net Income Continuous Operations": 260000000.0,
        "Tax Provision": -98000000.0,
        "Pretax Income": 162000000.0,
        "Other Income Expense": -10000000.0,
        "Other Non Operating Income Expenses": 0.0,
        "Special Income Charges": -10000000.0,
        "Other Special Charges": 4000000.0,
        "Restructuring And Mergern Acquisition": 6000000.0,
        "Net Non Operating Interest Income Expense": -75000000.0,
        "Interest Expense Non Operating": 75000000.0,
        "Operating Income": 247000000.0,
        "Operating Expense": 1712000000.0,
        "Other Operating Expenses": 1350000000.0,
        "Depreciation Amortization Depletion Income Statement": 53000000.0,
        "Depreciation And Amortization In Income Statement": 53000000.0,
        "Selling General And Administration": 309000000.0,
        "Gross Profit": 1959000000.0,
        "Cost Of Revenue": 861000000.0,
        "Total Revenue": 2820000000.0,
        "Operating Revenue": 2764000000.0
    },
    "2024-03-31": {
        "Tax Effect Of Unusual Items": -816000.0,
        "Tax Rate For Calcs": 0.204,
        "Normalized EBITDA": 870000000.0,
        "Total Unusual Items": -4000000.0,
        "Total Unusual Items Excluding Goodwill": -4000000.0,
        "Net Income From Continuing Operation Net Minority Interest": -113000000.0,
        "Reconciled Depreciation": 925000000.0,
        "Reconciled Cost Of Revenue": 836000000.0,
        "EBITDA": 866000000.0,
        "EBIT": -59000000.0,
        "Net Interest Income": -83000000.0,
        "Interest Expense": 83000000.0,
        "Normalized Income": -109816000.0,
        "Net Income From Continuing And Discontinued Operation": -113000000.0,
        "Total Expenses": 2566000000.0,
        "Rent Expense Supplemental": NaN,
        "Diluted Average Shares": 35600000.0,
        "Basic Average Shares": 35600000.0,
        "Diluted EPS": -3.21,
        "Basic EPS": -3.21,
        "Diluted NI Availto Com Stockholders": -113000000.0,
        "Net Income Common Stockholders": -113000000.0,
        "Net Income": -113000000.0,
        "Minority Interests": 1000000.0,
        "Net Income Including Noncontrolling Interests": -114000000.0,
        "Net Income Continuous Operations": -114000000.0,
        "Tax Provision": -29000000.0,
        "Pretax Income": -142000000.0,
        "Other Income Expense": -5000000.0,
        "Other Non Operating Income Expenses": -1000000.0,
        "Special Income Charges": -4000000.0,
        "Other Special Charges": NaN,
        "Restructuring And Mergern Acquisition": 4000000.0,
        "Net Non Operating Interest Income Expense": -83000000.0,
        "Interest Expense Non Operating": 83000000.0,
        "Operating Income": -54000000.0,
        "Operating Expense": 1730000000.0,
        "Other Operating Expenses": 1344000000.0,
        "Depreciation Amortization Depletion Income Statement": 61000000.0,
        "Depreciation And Amortization In Income Statement": 61000000.0,
        "Selling General And Administration": 325000000.0,
        "Gross Profit": 1676000000.0,
        "Cost Of Revenue": 836000000.0,
        "Total Revenue": 2512000000.0,
        "Operating Revenue": 2551000000.0
    },
    "2024-06-30": {
        "Tax Effect Of Unusual Items": -3360000.0,
        "Tax Rate For Calcs": 0.21,
        "Normalized EBITDA": 1075000000.0,
        "Total Unusual Items": -16000000.0,
        "Total Unusual Items Excluding Goodwill": -16000000.0,
        "Net Income From Continuing Operation Net Minority Interest": 14000000.0,
        "Reconciled Depreciation": 944000000.0,
        "Reconciled Cost Of Revenue": 52000000.0,
        "EBITDA": 1059000000.0,
        "EBIT": 115000000.0,
        "Net Interest Income": -88000000.0,
        "Interest Expense": 88000000.0,
        "Normalized Income": 26640000.0,
        "Net Income From Continuing And Discontinued Operation": 14000000.0,
        "Total Expenses": 2876000000.0,
        "Rent Expense Supplemental": NaN,
        "Diluted Average Shares": 35700000.0,
        "Basic Average Shares": 35600000.0,
        "Diluted EPS": 0.41,
        "Basic EPS": 0.41,
        "Diluted NI Availto Com Stockholders": 14000000.0,
        "Net Income Common Stockholders": 14000000.0,
        "Net Income": 14000000.0,
        "Minority Interests": -1000000.0,
        "Net Income Including Noncontrolling Interests": 15000000.0,
        "Net Income Continuous Operations": 15000000.0,
        "Tax Provision": 12000000.0,
        "Pretax Income": 27000000.0,
        "Other Income Expense": -18000000.0,
        "Other Non Operating Income Expenses": -2000000.0,
        "Special Income Charges": -16000000.0,
        "Other Special Charges": 1000000.0,
        "Restructuring And Mergern Acquisition": 15000000.0,
        "Net Non Operating Interest Income Expense": -88000000.0,
        "Interest Expense Non Operating": 88000000.0,
        "Operating Income": 133000000.0,
        "Operating Expense": 1938000000.0,
        "Other Operating Expenses": 1532000000.0,
        "Depreciation Amortization Depletion Income Statement": 58000000.0,
        "Depreciation And Amortization In Income Statement": 58000000.0,
        "Selling General And Administration": 348000000.0,
        "Gross Profit": 2071000000.0,
        "Cost Of Revenue": 938000000.0,
        "Total Revenue": 3009000000.0,
        "Operating Revenue": 3048000000.0
    },
    "2024-09-30": {
        "Tax Effect Of Unusual Items": -1662000.0,
        "Tax Rate For Calcs": 0.277,
        "Normalized EBITDA": 1509000000.0,
        "Total Unusual Items": -6000000.0,
        "Total Unusual Items Excluding Goodwill": -6000000.0,
        "Net Income From Continuing Operation Net Minority Interest": 237000000.0,
        "Reconciled Depreciation": 1079000000.0,
        "Reconciled Cost Of Revenue": 1005000000.0,
        "EBITDA": 1503000000.0,
        "EBIT": 424000000.0,
        "Net Interest Income": -95000000.0,
        "Interest Expense": 95000000.0,
        "Normalized Income": 241338000.0,
        "Net Income From Continuing And Discontinued Operation": 237000000.0,
        "Total Expenses": 3005000000.0,
        "Rent Expense Supplemental": NaN,
        "Diluted Average Shares": 35700000.0,
        "Basic Average Shares": 35500000.0,
        "Diluted EPS": 6.65,
        "Basic EPS": 6.67,
        "Diluted NI Availto Com Stockholders": 237000000.0,
        "Net Income Common Stockholders": 237000000.0,
        "Net Income": 237000000.0,
        "Minority Interests": -1000000.0,
        "Net Income Including Noncontrolling Interests": 238000000.0,
        "Net Income Continuous Operations": 238000000.0,
        "Tax Provision": 91000000.0,
        "Pretax Income": 329000000.0,
        "Other Income Expense": -9000000.0,
        "Other Non Operating Income Expenses": -3000000.0,
        "Special Income Charges": -6000000.0,
        "Other Special Charges": NaN,
        "Restructuring And Mergern Acquisition": 6000000.0,
        "Net Non Operating Interest Income Expense": -95000000.0,
        "Interest Expense Non Operating": 95000000.0,
        "Operating Income": 433000000.0,
        "Operating Expense": 2000000000.0,
        "Other Operating Expenses": 1575000000.0,
        "Depreciation Amortization Depletion Income Statement": 58000000.0,
        "Depreciation And Amortization In Income Statement": 58000000.0,
        "Selling General And Administration": 367000000.0,
        "Gross Profit": 2433000000.0,
        "Cost Of Revenue": 1005000000.0,
        "Total Revenue": 3438000000.0,
        "Operating Revenue": 3480000000.0
    },
    "2024-12-31": {
        "Tax Effect Of Unusual Items": -778828581.485392,
        "Tax Rate For Calcs": 0.311158,
        "Normalized EBITDA": 815000000.0,
        "Total Unusual Items": -2503000000.0,
        "Total Unusual Items Excluding Goodwill": -2503000000.0,
        "Net Income From Continuing Operation Net Minority Interest": -1958000000.0,
        "Reconciled Depreciation": 1061000000.0,
        "Reconciled Cost Of Revenue": 971000000.0,
        "EBITDA": -1688000000.0,
        "EBIT": -2749000000.0,
        "Net Interest Income": -92000000.0,
        "Interest Expense": 92000000.0,
        "Normalized Income": -233828581.485392,
        "Net Income From Continuing And Discontinued Operation": -1958000000.0,
        "Total Expenses": 2906000000.0,
        "Rent Expense Supplemental": NaN,
        "Diluted Average Shares": 35200000.0,
        "Basic Average Shares": 35200000.0,
        "Diluted EPS": -55.66,
        "Basic EPS": -55.66,
        "Diluted NI Availto Com Stockholders": -1958000000.0,
        "Net Income Common Stockholders": -1958000000.0,
        "Net Income": -1958000000.0,
        "Minority Interests": -1000000.0,
        "Net Income Including Noncontrolling Interests": -1957000000.0,
        "Net Income Continuous Operations": -1957000000.0,
        "Tax Provision": -884000000.0,
        "Pretax Income": -2841000000.0,
        "Other Income Expense": -2506000000.0,
        "Other Non Operating Income Expenses": -3000000.0,
        "Special Income Charges": -2503000000.0,
        "Other Special Charges": 18000000.0,
        "Restructuring And Mergern Acquisition": 15000000.0,
        "Net Non Operating Interest Income Expense": -92000000.0,
        "Interest Expense Non Operating": 92000000.0,
        "Operating Income": -243000000.0,
        "Operating Expense": 1935000000.0,
        "Other Operating Expenses": 1563000000.0,
        "Depreciation Amortization Depletion Income Statement": 60000000.0,
        "Depreciation And Amortization In Income Statement": 60000000.0,
        "Selling General And Administration": 312000000.0,
        "Gross Profit": 1692000000.0,
        "Cost Of Revenue": 971000000.0,
        "Total Revenue": 2663000000.0,
        "Operating Revenue": 2710000000.0
    }
}