{
    "2023-06-30": {
        "Tax Effect Of Unusual Items": NaN,
        "Tax Rate For Calcs": NaN,
        "Total Unusual Items": 0.0,
        "Total Unusual Items Excluding Goodwill": 0.0,
        "Net Income From Continuing Operation Net Minority Interest": NaN,
        "Reconciled Depreciation": NaN,
        "Net Interest Income": NaN,
        "Interest Expense": NaN,
        "Interest Income": NaN,
        "Normalized Income": NaN,
        "Net Income From Continuing And Discontinued Operation": NaN,
        "Diluted Average Shares": NaN,
        "Basic Average Shares": NaN,
        "Diluted EPS": NaN,
        "Basic EPS": NaN,
        "Diluted NI Availto Com Stockholders": NaN,
        "Net Income Common Stockholders": NaN,
        "Otherunder Preferred Stock Dividend": 49000.0,
        "Net Income": NaN,
        "Net Income Including Noncontrolling Interests": NaN,
        "Net Income Continuous Operations": NaN,
        "Tax Provision": NaN,
        "Pretax Income": NaN,
        "Special Income Charges": NaN,
        "Write Off": NaN,
        "Gain On Sale Of Security": NaN,
        "Selling General And Administration": NaN,
        "Selling And Marketing Expense": NaN,
        "General And Administrative Expense": NaN,
        "Other Gand A": 412000.0,
        "Insurance And Claims": NaN,
        "Salaries And Wages": NaN,
        "Total Revenue": NaN,
        "Operating Revenue": NaN,
        "Occupancy And Equipment": NaN,
        "Professional Expense And Contract Services Expense": NaN,
        "Other Non Interest Expense": NaN
    },
    "2023-03-31": {
        "Tax Effect Of Unusual Items": NaN,
        "Tax Rate For Calcs": NaN,
        "Total Unusual Items": 0.0,
        "Total Unusual Items Excluding Goodwill": 0.0,
        "Net Income From Continuing Operation Net Minority Interest": NaN,
        "Reconciled Depreciation": NaN,
        "Net Interest Income": NaN,
        "Interest Expense": NaN,
        "Interest Income": NaN,
        "Normalized Income": NaN,
        "Net Income From Continuing And Discontinued Operation": NaN,
        "Diluted Average Shares": NaN,
        "Basic Average Shares": NaN,
        "Diluted EPS": NaN,
        "Basic EPS": NaN,
        "Diluted NI Availto Com Stockholders": NaN,
        "Net Income Common Stockholders": NaN,
        "Otherunder Preferred Stock Dividend": NaN,
        "Net Income": NaN,
        "Net Income Including Noncontrolling Interests": NaN,
        "Net Income Continuous Operations": NaN,
        "Tax Provision": NaN,
        "Pretax Income": NaN,
        "Special Income Charges": 0.0,
        "Write Off": NaN,
        "Gain On Sale Of Security": NaN,
        "Selling General And Administration": NaN,
        "Selling And Marketing Expense": NaN,
        "General And Administrative Expense": NaN,
        "Other Gand A": NaN,
        "Insurance And Claims": NaN,
        "Salaries And Wages": NaN,
        "Total Revenue": NaN,
        "Operating Revenue": NaN,
        "Occupancy And Equipment": NaN,
        "Professional Expense And Contract Services Expense": NaN,
        "Other Non Interest Expense": NaN
    },
    "2022-12-31": {
        "Tax Effect Of Unusual Items": NaN,
        "Tax Rate For Calcs": NaN,
        "Total Unusual Items": -433000.0,
        "Total Unusual Items Excluding Goodwill": -433000.0,
        "Net Income From Continuing Operation Net Minority Interest": NaN,
        "Reconciled Depreciation": NaN,
        "Net Interest Income": NaN,
        "Interest Expense": NaN,
        "Interest Income": NaN,
        "Normalized Income": NaN,
        "Net Income From Continuing And Discontinued Operation": NaN,
        "Diluted Average Shares": NaN,
        "Basic Average Shares": NaN,
        "Diluted EPS": NaN,
        "Basic EPS": NaN,
        "Diluted NI Availto Com Stockholders": NaN,
        "Net Income Common Stockholders": NaN,
        "Otherunder Preferred Stock Dividend": NaN,
        "Net Income": NaN,
        "Net Income Including Noncontrolling Interests": NaN,
        "Net Income Continuous Operations": NaN,
        "Tax Provision": NaN,
        "Pretax Income": NaN,
        "Special Income Charges": 73000.0,
        "Write Off": NaN,
        "Gain On Sale Of Security": NaN,
        "Selling General And Administration": NaN,
        "Selling And Marketing Expense": NaN,
        "General And Administrative Expense": NaN,
        "Other Gand A": NaN,
        "Insurance And Claims": NaN,
        "Salaries And Wages": NaN,
        "Total Revenue": NaN,
        "Operating Revenue": NaN,
        "Occupancy And Equipment": NaN,
        "Professional Expense And Contract Services Expense": NaN,
        "Other Non Interest Expense": NaN
    },
    "2022-09-30": {
        "Tax Effect Of Unusual Items": NaN,
        "Tax Rate For Calcs": NaN,
        "Total Unusual Items": NaN,
        "Total Unusual Items Excluding Goodwill": NaN,
        "Net Income From Continuing Operation Net Minority Interest": NaN,
        "Reconciled Depreciation": NaN,
        "Net Interest Income": NaN,
        "Interest Expense": NaN,
        "Interest Income": NaN,
        "Normalized Income": NaN,
        "Net Income From Continuing And Discontinued Operation": NaN,
        "Diluted Average Shares": NaN,
        "Basic Average Shares": NaN,
        "Diluted EPS": NaN,
        "Basic EPS": NaN,
        "Diluted NI Availto Com Stockholders": NaN,
        "Net Income Common Stockholders": NaN,
        "Otherunder Preferred Stock Dividend": NaN,
        "Net Income": NaN,
        "Net Income Including Noncontrolling Interests": NaN,
        "Net Income Continuous Operations": NaN,
        "Tax Provision": NaN,
        "Pretax Income": NaN,
        "Special Income Charges": 760000.0,
        "Other Special Charges": 4000.0,
        "Write Off": -764000.0,
        "Gain On Sale Of Security": NaN,
        "Selling General And Administration": NaN,
        "Selling And Marketing Expense": NaN,
        "General And Administrative Expense": NaN,
        "Other Gand A": 1281000.0,
        "Insurance And Claims": NaN,
        "Salaries And Wages": NaN,
        "Total Revenue": NaN,
        "Operating Revenue": NaN
    },
    "2022-06-30": {
        "Tax Effect Of Unusual Items": 3278.918059,
        "Tax Rate For Calcs": 0.142562,
        "Total Unusual Items": 23000.0,
        "Total Unusual Items Excluding Goodwill": 23000.0,
        "Net Income From Continuing Operation Net Minority Interest": 10778000.0,
        "Reconciled Depreciation": 1499000.0,
        "Net Interest Income": 32459000.0,
        "Interest Expense": 4502000.0,
        "Interest Income": 36961000.0,
        "Normalized Income": 10758278.918059,
        "Net Income From Continuing And Discontinued Operation": 10778000.0,
        "Diluted Average Shares": 24490302.0,
        "Basic Average Shares": 24490302.0,
        "Diluted EPS": 0.44,
        "Basic EPS": 0.44,
        "Diluted NI Availto Com Stockholders": 10778000.0,
        "Net Income Common Stockholders": 10778000.0,
        "Net Income": 10778000.0,
        "Net Income Including Noncontrolling Interests": 10778000.0,
        "Net Income Continuous Operations": 10778000.0,
        "Tax Provision": 1792000.0,
        "Pretax Income": 12570000.0,
        "Special Income Charges": 0.0,
        "Other Special Charges": NaN,
        "Gain On Sale Of Security": 76000.0,
        "Selling General And Administration": 14636000.0,
        "Selling And Marketing Expense": 267000.0,
        "General And Administrative Expense": 14369000.0,
        "Other Gand A": 1296000.0,
        "Insurance And Claims": 629000.0,
        "Salaries And Wages": 12444000.0,
        "Total Revenue": 37464000.0,
        "Operating Revenue": 37464000.0
    },
    "2022-03-31": {
        "Diluted EPS": 0.3,
        "Total Revenue": NaN,
        "Gross Profit": NaN,
        "Operating Income": 390,
        "EBIT": 860,
        "Net Income": 177
    },
    "2021-12-31": {
        "Diluted EPS": 0.45,
        "Total Revenue": NaN,
        "Gross Profit": NaN,
        "Operating Income": 513,
        "EBIT": NaN,
        "Net Income": 261
    },
    "2021-09-30": {
        "Diluted EPS": 0.55,
        "Total Revenue": NaN,
        "Gross Profit": NaN,
        "Operating Income": 595,
        "EBIT": NaN,
        "Net Income": 322
    },
    "2021-06-30": {
        "Diluted EPS": 0.45,
        "Total Revenue": NaN,
        "Gross Profit": NaN,
        "Operating Income": 511,
        "EBIT": 987,
        "Net Income": 263
    },
    "2021-03-31": {
        "Diluted EPS": 0.51,
        "Total Revenue": NaN,
        "Gross Profit": NaN,
        "Operating Income": 572,
        "EBIT": NaN,
        "Net Income": 300
    },
    "2020-12-31": {
        "Diluted EPS": 0.37,
        "Total Revenue": NaN,
        "Gross Profit": NaN,
        "Operating Income": 559,
        "EBIT": NaN,
        "Net Income": 218
    },
    "2020-09-30": {
        "Diluted EPS": 0.71,
        "Total Revenue": NaN,
        "Gross Profit": NaN,
        "Operating Income": 739,
        "EBIT": NaN,
        "Net Income": 413
    },
    "2020-06-30": {
        "Diluted EPS": 0.66,
        "Total Revenue": NaN,
        "Gross Profit": NaN,
        "Operating Income": 722,
        "EBIT": NaN,
        "Net Income": 386
    },
    "2020-03-31": {
        "Diluted EPS": 0.52,
        "Total Revenue": NaN,
        "Gross Profit": NaN,
        "Operating Income": 612,
        "EBIT": NaN,
        "Net Income": 312
    },
    "2019-12-31": {
        "Diluted EPS": 0.64,
        "Total Revenue": NaN,
        "Gross Profit": NaN,
        "Operating Income": 685,
        "EBIT": NaN,
        "Net Income": 381
    },
    "2019-09-30": {
        "Diluted EPS": 0.61,
        "Total Revenue": NaN,
        "Gross Profit": NaN,
        "Operating Income": 662,
        "EBIT": NaN,
        "Net Income": 370
    },
    "2019-06-30": {
        "Diluted EPS": 0.47,
        "Total Revenue": NaN,
        "Gross Profit": NaN,
        "Operating Income": 586,
        "EBIT": NaN,
        "Net Income": 285
    },
    "2019-03-31": {
        "Diluted EPS": 0.5,
        "Total Revenue": NaN,
        "Gross Profit": NaN,
        "Operating Income": 609,
        "EBIT": NaN,
        "Net Income": 308
    },
    "2018-12-31": {
        "Diluted EPS": 0.78,
        "Total Revenue": NaN,
        "Gross Profit": NaN,
        "Operating Income": 694,
        "EBIT": 929,
        "Net Income": 482
    },
    "2018-09-30": {
        "Diluted EPS": 0.54,
        "Total Revenue": NaN,
        "Gross Profit": NaN,
        "Operating Income": 612,
        "EBIT": 810,
        "Net Income": 331
    },
    "2018-06-30": {
        "Diluted EPS": 1.94,
        "Total Revenue": NaN,
        "Gross Profit": NaN,
        "Operating Income": NaN,
        "EBIT": NaN,
        "Net Income": NaN
    },
    "2018-03-31": {
        "Diluted EPS": 0.56,
        "Total Revenue": NaN,
        "Gross Profit": NaN,
        "Operating Income": 611,
        "EBIT": 826,
        "Net Income": 342
    },
    "2017-12-31": {
        "Diluted EPS": 0.74,
        "Total Revenue": NaN,
        "Gross Profit": NaN,
        "Operating Income": 619,
        "EBIT": 800,
        "Net Income": 459
    },
    "2017-09-30": {
        "Diluted EPS": 0.59,
        "Total Revenue": NaN,
        "Gross Profit": NaN,
        "Operating Income": 715,
        "EBIT": 952,
        "Net Income": 363
    },
    "2017-06-30": {
        "Diluted EPS": 0.48,
        "Total Revenue": NaN,
        "Gross Profit": NaN,
        "Operating Income": 642,
        "EBIT": 853,
        "Net Income": 296
    },
    "2017-03-31": {
        "Diluted EPS": 0.54,
        "Total Revenue": NaN,
        "Gross Profit": NaN,
        "Operating Income": 694,
        "EBIT": 896,
        "Net Income": 328
    },
    "2016-12-31": {
        "Diluted EPS": 0.63,
        "Total Revenue": NaN,
        "Gross Profit": NaN,
        "Operating Income": 786,
        "EBIT": 990,
        "Net Income": 388
    },
    "2016-09-30": {
        "Diluted EPS": 0.55,
        "Total Revenue": NaN,
        "Gross Profit": NaN,
        "Operating Income": 670,
        "EBIT": 867,
        "Net Income": 333
    },
    "2016-06-30": {
        "Diluted EPS": 0.48,
        "Total Revenue": NaN,
        "Gross Profit": NaN,
        "Operating Income": 641,
        "EBIT": 835,
        "Net Income": 294
    },
    "2016-03-31": {
        "Diluted EPS": 0.38,
        "Total Revenue": NaN,
        "Gross Profit": NaN,
        "Operating Income": 540,
        "EBIT": 722,
        "Net Income": 228
    },
    "2015-12-31": {
        "Diluted EPS": 0.52,
        "Total Revenue": NaN,
        "Gross Profit": NaN,
        "Operating Income": 662,
        "EBIT": 843,
        "Net Income": 317
    },
    "2015-09-30": {
        "Diluted EPS": 0.43,
        "Total Revenue": NaN,
        "Gross Profit": NaN,
        "Operating Income": 614,
        "EBIT": 793,
        "Net Income": 262
    },
    "2015-06-30": {
        "Diluted EPS": 0.4,
        "Total Revenue": NaN,
        "Gross Profit": NaN,
        "Operating Income": 547,
        "EBIT": 728,
        "Net Income": 241
    },
    "2015-03-31": {
        "Diluted EPS": 0.35,
        "Total Revenue": NaN,
        "Gross Profit": NaN,
        "Operating Income": 504,
        "EBIT": 680,
        "Net Income": 210
    },
    "2014-12-31": {
        "Diluted EPS": 0.56,
        "Total Revenue": NaN,
        "Gross Profit": NaN,
        "Operating Income": 663,
        "EBIT": 849,
        "Net Income": 335
    },
    "2014-09-30": {
        "Diluted EPS": 0.45,
        "Total Revenue": NaN,
        "Gross Profit": NaN,
        "Operating Income": 590,
        "EBIT": 767,
        "Net Income": 271
    },
    "2014-06-30": {
        "Diluted EPS": 0.39,
        "Total Revenue": NaN,
        "Gross Profit": NaN,
        "Operating Income": 556,
        "EBIT": 725,
        "Net Income": 234
    },
    "2014-03-31": {
        "Diluted EPS": 0.34,
        "Total Revenue": NaN,
        "Gross Profit": NaN,
        "Operating Income": 445,
        "EBIT": 612,
        "Net Income": 205
    },
    "2013-12-31": {
        "Diluted EPS": 0.58,
        "Total Revenue": NaN,
        "Gross Profit": NaN,
        "Operating Income": 659,
        "EBIT": 828,
        "Net Income": 349
    },
    "2013-09-30": {
        "Diluted EPS": 0.45,
        "Total Revenue": NaN,
        "Gross Profit": NaN,
        "Operating Income": 551,
        "EBIT": 716,
        "Net Income": 273
    },
    "2013-06-30": {
        "Diluted EPS": 0.43,
        "Total Revenue": NaN,
        "Gross Profit": NaN,
        "Operating Income": 532,
        "EBIT": 691,
        "Net Income": 263
    },
    "2013-03-31": {
        "Diluted EPS": 0.37,
        "Total Revenue": NaN,
        "Gross Profit": NaN,
        "Operating Income": 487,
        "EBIT": 644,
        "Net Income": 225
    },
    "2012-12-31": {
        "Diluted EPS": 0.84,
        "Total Revenue": NaN,
        "Gross Profit": NaN,
        "Operating Income": 554,
        "EBIT": 711,
        "Net Income": 257
    },
    "2012-09-30": {
        "Diluted EPS": 0.44,
        "Total Revenue": NaN,
        "Gross Profit": NaN,
        "Operating Income": 562,
        "EBIT": 714,
        "Net Income": 270
    },
    "2012-06-30": {
        "Diluted EPS": 0.47,
        "Total Revenue": NaN,
        "Gross Profit": NaN,
        "Operating Income": 560,
        "EBIT": 711,
        "Net Income": 289
    },
    "2012-03-31": {
        "Diluted EPS": 0.61,
        "Total Revenue": NaN,
        "Gross Profit": NaN,
        "Operating Income": 488,
        "EBIT": 632,
        "Net Income": 370
    },
    "2011-12-31": {
        "Diluted EPS": 0.51,
        "Total Revenue": NaN,
        "Gross Profit": NaN,
        "Operating Income": 578,
        "EBIT": 721,
        "Net Income": 310
    },
    "2011-09-30": {
        "Diluted EPS": 0.46,
        "Total Revenue": NaN,
        "Gross Profit": NaN,
        "Operating Income": 528,
        "EBIT": 669,
        "Net Income": 279
    },
    "2011-06-30": {
        "Diluted EPS": 0.43,
        "Total Revenue": NaN,
        "Gross Profit": NaN,
        "Operating Income": 501,
        "EBIT": 637,
        "Net Income": 261
    },
    "2011-03-31": {
        "Diluted EPS": 0.37,
        "Total Revenue": NaN,
        "Gross Profit": NaN,
        "Operating Income": 438,
        "EBIT": 574,
        "Net Income": 221
    },
    "2010-12-31": {
        "Diluted EPS": 0.45,
        "Total Revenue": NaN,
        "Gross Profit": NaN,
        "Operating Income": 542,
        "EBIT": 676,
        "Net Income": 271
    },
    "2010-09-30": {
        "Diluted EPS": 0.41,
        "Total Revenue": NaN,
        "Gross Profit": NaN,
        "Operating Income": 493,
        "EBIT": 617,
        "Net Income": 248
    },
    "2010-06-30": {
        "Diluted EPS": 0.42,
        "Total Revenue": NaN,
        "Gross Profit": NaN,
        "Operating Income": 465,
        "EBIT": 586,
        "Net Income": 248
    },
    "2010-03-31": {
        "Diluted EPS": 0.35,
        "Total Revenue": NaN,
        "Gross Profit": 964,
        "Operating Income": 424,
        "EBIT": 548,
        "Net Income": 211
    },
    "2009-12-31": {
        "Diluted EPS": 0.41,
        "Total Revenue": NaN,
        "Gross Profit": NaN,
        "Operating Income": 491,
        "EBIT": 614,
        "Net Income": 247
    },
    "2009-09-30": {
        "Diluted EPS": 0.38,
        "Total Revenue": NaN,
        "Gross Profit": 979,
        "Operating Income": 451,
        "EBIT": 570,
        "Net Income": 225
    },
    "2009-06-30": {
        "Diluted EPS": 0.37,
        "Total Revenue": NaN,
        "Gross Profit": 932,
        "Operating Income": 418,
        "EBIT": 528,
        "Net Income": 221
    },
    "2009-03-31": {
        "Diluted EPS": 0.34,
        "Total Revenue": NaN,
        "Gross Profit": 863,
        "Operating Income": 396,
        "EBIT": 502,
        "Net Income": 198
    },
    "2023-09-30": {
        "Tax Effect Of Unusual Items": NaN,
        "Tax Rate For Calcs": NaN,
        "Total Unusual Items": 0.0,
        "Total Unusual Items Excluding Goodwill": 0.0,
        "Net Income From Continuing Operation Net Minority Interest": NaN,
        "Reconciled Depreciation": NaN,
        "Net Interest Income": NaN,
        "Interest Expense": NaN,
        "Interest Income": NaN,
        "Normalized Income": NaN,
        "Net Income From Continuing And Discontinued Operation": NaN,
        "Diluted Average Shares": NaN,
        "Basic Average Shares": NaN,
        "Diluted EPS": NaN,
        "Basic EPS": NaN,
        "Diluted NI Availto Com Stockholders": NaN,
        "Net Income Common Stockholders": NaN,
        "Otherunder Preferred Stock Dividend": 33000.0,
        "Net Income": NaN,
        "Net Income Including Noncontrolling Interests": NaN,
        "Net Income Continuous Operations": NaN,
        "Tax Provision": NaN,
        "Pretax Income": NaN,
        "Special Income Charges": 0.0,
        "Write Off": 0.0,
        "Gain On Sale Of Security": NaN,
        "Selling General And Administration": NaN,
        "Selling And Marketing Expense": NaN,
        "General And Administrative Expense": NaN,
        "Other Gand A": NaN,
        "Insurance And Claims": NaN,
        "Salaries And Wages": NaN,
        "Total Revenue": NaN,
        "Operating Revenue": NaN,
        "Occupancy And Equipment": NaN,
        "Professional Expense And Contract Services Expense": NaN,
        "Other Non Interest Expense": NaN
    },
    "2023-12-31": {
        "Tax Effect Of Unusual Items": NaN,
        "Tax Rate For Calcs": NaN,
        "Total Unusual Items": -1100000.0,
        "Total Unusual Items Excluding Goodwill": -1100000.0,
        "Net Income From Continuing Operation Net Minority Interest": NaN,
        "Reconciled Depreciation": NaN,
        "Net Interest Income": NaN,
        "Interest Expense": NaN,
        "Interest Income": NaN,
        "Normalized Income": NaN,
        "Net Income From Continuing And Discontinued Operation": NaN,
        "Diluted Average Shares": NaN,
        "Basic Average Shares": NaN,
        "Diluted EPS": NaN,
        "Basic EPS": NaN,
        "Diluted NI Availto Com Stockholders": NaN,
        "Net Income Common Stockholders": NaN,
        "Otherunder Preferred Stock Dividend": NaN,
        "Net Income": NaN,
        "Net Income Including Noncontrolling Interests": NaN,
        "Net Income Continuous Operations": NaN,
        "Tax Provision": NaN,
        "Pretax Income": NaN,
        "Special Income Charges": 0.0,
        "Gain On Sale Of Security": NaN,
        "Selling General And Administration": NaN,
        "Selling And Marketing Expense": NaN,
        "General And Administrative Expense": NaN,
        "Other Gand A": NaN,
        "Insurance And Claims": NaN,
        "Salaries And Wages": NaN,
        "Total Revenue": NaN,
        "Operating Revenue": NaN,
        "Occupancy And Equipment": NaN,
        "Professional Expense And Contract Services Expense": NaN,
        "Other Non Interest Expense": NaN
    },
    "2024-03-31": {
        "Tax Effect Of Unusual Items": NaN,
        "Tax Rate For Calcs": NaN,
        "Total Unusual Items": NaN,
        "Total Unusual Items Excluding Goodwill": NaN,
        "Net Income From Continuing Operation Net Minority Interest": NaN,
        "Reconciled Depreciation": NaN,
        "Net Interest Income": NaN,
        "Interest Expense": NaN,
        "Interest Income": NaN,
        "Normalized Income": NaN,
        "Net Income From Continuing And Discontinued Operation": NaN,
        "Diluted Average Shares": NaN,
        "Basic Average Shares": NaN,
        "Diluted EPS": NaN,
        "Basic EPS": NaN,
        "Diluted NI Availto Com Stockholders": NaN,
        "Net Income Common Stockholders": NaN,
        "Otherunder Preferred Stock Dividend": 60000.0,
        "Net Income": NaN,
        "Net Income Including Noncontrolling Interests": NaN,
        "Net Income Continuous Operations": NaN,
        "Tax Provision": NaN,
        "Pretax Income": NaN,
        "Special Income Charges": NaN,
        "Gain On Sale Of Security": NaN,
        "Selling General And Administration": NaN,
        "Selling And Marketing Expense": NaN,
        "General And Administrative Expense": NaN,
        "Other Gand A": NaN,
        "Insurance And Claims": NaN,
        "Salaries And Wages": NaN,
        "Total Revenue": NaN,
        "Operating Revenue": NaN,
        "Occupancy And Equipment": NaN,
        "Professional Expense And Contract Services Expense": NaN,
        "Other Non Interest Expense": NaN
    },
    "2024-06-30": {
        "Tax Effect Of Unusual Items": 0.0,
        "Tax Rate For Calcs": 0.18923,
        "Total Unusual Items": NaN,
        "Total Unusual Items Excluding Goodwill": NaN,
        "Net Income From Continuing Operation Net Minority Interest": 4803000.0,
        "Reconciled Depreciation": 1750000.0,
        "Net Interest Income": 27788000.0,
        "Interest Expense": 26491000.0,
        "Interest Income": 54279000.0,
        "Normalized Income": 4803000.0,
        "Net Income From Continuing And Discontinued Operation": 4803000.0,
        "Diluted Average Shares": 22826510.0,
        "Basic Average Shares": 22826510.0,
        "Diluted EPS": 0.21,
        "Basic EPS": 0.21,
        "Diluted NI Availto Com Stockholders": 4756000.0,
        "Net Income Common Stockholders": 4756000.0,
        "Otherunder Preferred Stock Dividend": 47000.0,
        "Net Income": 4803000.0,
        "Net Income Including Noncontrolling Interests": 4803000.0,
        "Net Income Continuous Operations": 4803000.0,
        "Tax Provision": 1121000.0,
        "Pretax Income": 5924000.0,
        "Special Income Charges": NaN,
        "Gain On Sale Of Security": 36000.0,
        "Selling General And Administration": 16652000.0,
        "Selling And Marketing Expense": 528000.0,
        "General And Administrative Expense": 16124000.0,
        "Other Gand A": 342000.0,
        "Insurance And Claims": 1566000.0,
        "Salaries And Wages": 14216000.0,
        "Total Revenue": 32817000.0,
        "Operating Revenue": 32817000.0,
        "Occupancy And Equipment": 3793000.0,
        "Professional Expense And Contract Services Expense": 1542000.0,
        "Other Non Interest Expense": 4651000.0
    },
    "2024-09-30": {
        "Tax Effect Of Unusual Items": 0.0,
        "Tax Rate For Calcs": 0.199,
        "Total Unusual Items": NaN,
        "Total Unusual Items Excluding Goodwill": NaN,
        "Net Income From Continuing Operation Net Minority Interest": 5629000.0,
        "Reconciled Depreciation": 1794000.0,
        "Net Interest Income": 28588000.0,
        "Interest Expense": 27797000.0,
        "Interest Income": 56385000.0,
        "Normalized Income": 5629000.0,
        "Net Income From Continuing And Discontinued Operation": 5629000.0,
        "Diluted Average Shares": 23072014.0,
        "Basic Average Shares": 23072014.0,
        "Diluted EPS": 0.24,
        "Basic EPS": 0.24,
        "Diluted NI Availto Com Stockholders": 5571000.0,
        "Net Income Common Stockholders": 5571000.0,
        "Otherunder Preferred Stock Dividend": 58000.0,
        "Net Income": 5629000.0,
        "Net Income Including Noncontrolling Interests": 5629000.0,
        "Net Income Continuous Operations": 5629000.0,
        "Tax Provision": 1399000.0,
        "Pretax Income": 7028000.0,
        "Special Income Charges": NaN,
        "Gain On Sale Of Security": 0.0,
        "Selling General And Administration": 16717000.0,
        "Selling And Marketing Expense": 585000.0,
        "General And Administrative Expense": 16132000.0,
        "Other Gand A": NaN,
        "Insurance And Claims": 1529000.0,
        "Salaries And Wages": 14603000.0,
        "Total Revenue": 33331000.0,
        "Operating Revenue": 33331000.0,
        "Occupancy And Equipment": 3944000.0,
        "Professional Expense And Contract Services Expense": 1193000.0,
        "Other Non Interest Expense": 4690000.0
    },
    "2024-12-31": {
        "Tax Effect Of Unusual Items": 0.0,
        "Tax Rate For Calcs": 0.224937,
        "Total Unusual Items": NaN,
        "Total Unusual Items Excluding Goodwill": NaN,
        "Net Income From Continuing Operation Net Minority Interest": 8280000.0,
        "Reconciled Depreciation": 1839000.0,
        "Net Interest Income": 29028000.0,
        "Interest Expense": 27354000.0,
        "Interest Income": 56382000.0,
        "Normalized Income": 8280000.0,
        "Net Income From Continuing And Discontinued Operation": 8280000.0,
        "Diluted Average Shares": 23240543.0,
        "Basic Average Shares": 23240543.0,
        "Diluted EPS": 0.36,
        "Basic EPS": 0.36,
        "Diluted NI Availto Com Stockholders": 8445000.0,
        "Net Income Common Stockholders": 8445000.0,
        "Otherunder Preferred Stock Dividend": NaN,
        "Net Income": 8280000.0,
        "Net Income Including Noncontrolling Interests": 8280000.0,
        "Net Income Continuous Operations": 8280000.0,
        "Tax Provision": 2403000.0,
        "Pretax Income": 10683000.0,
        "Special Income Charges": NaN,
        "Gain On Sale Of Security": 32000.0,
        "Selling General And Administration": 17377000.0,
        "Selling And Marketing Expense": 1070000.0,
        "General And Administrative Expense": 16307000.0,
        "Other Gand A": NaN,
        "Insurance And Claims": 1418000.0,
        "Salaries And Wages": 14889000.0,
        "Total Revenue": 33546000.0,
        "Operating Revenue": 33546000.0,
        "Occupancy And Equipment": 4123000.0,
        "Professional Expense And Contract Services Expense": 1427000.0,
        "Other Non Interest Expense": 4969000.0
    },
    "2025-03-31": {
        "Tax Effect Of Unusual Items": 0.0,
        "Tax Rate For Calcs": 0.196,
        "Total Unusual Items": NaN,
        "Total Unusual Items Excluding Goodwill": NaN,
        "Net Income From Continuing Operation Net Minority Interest": 8953000.0,
        "Reconciled Depreciation": 1911000.0,
        "Net Interest Income": 30026000.0,
        "Interest Expense": 25869000.0,
        "Interest Income": 55895000.0,
        "Normalized Income": 8953000.0,
        "Net Income From Continuing And Discontinued Operation": 8953000.0,
        "Diluted Average Shares": 22873800.0,
        "Basic Average Shares": 22873800.0,
        "Diluted EPS": 0.39,
        "Basic EPS": 0.39,
        "Diluted NI Availto Com Stockholders": 8860000.0,
        "Net Income Common Stockholders": 8860000.0,
        "Otherunder Preferred Stock Dividend": 93000.0,
        "Net Income": 8953000.0,
        "Net Income Including Noncontrolling Interests": 8953000.0,
        "Net Income Continuous Operations": 8953000.0,
        "Tax Provision": 2183000.0,
        "Pretax Income": 11136000.0,
        "Special Income Charges": NaN,
        "Gain On Sale Of Security": 0.0,
        "Selling General And Administration": 15998000.0,
        "Selling And Marketing Expense": 911000.0,
        "General And Administrative Expense": 15087000.0,
        "Other Gand A": NaN,
        "Insurance And Claims": 1430000.0,
        "Salaries And Wages": 13657000.0,
        "Total Revenue": 36047000.0,
        "Operating Revenue": 36047000.0,
        "Occupancy And Equipment": 4472000.0,
        "Professional Expense And Contract Services Expense": 1230000.0,
        "Other Non Interest Expense": 5350000.0
    },
    "2025-06-30": {
        "Tax Effect Of Unusual Items": 0.0,
        "Tax Rate For Calcs": 0.199285,
        "Total Unusual Items": NaN,
        "Total Unusual Items Excluding Goodwill": NaN,
        "Net Income From Continuing Operation Net Minority Interest": 8510000.0,
        "Reconciled Depreciation": 1939000.0,
        "Net Interest Income": 32219000.0,
        "Interest Expense": 25388000.0,
        "Interest Income": 57607000.0,
        "Normalized Income": 8510000.0,
        "Net Income From Continuing And Discontinued Operation": 8510000.0,
        "Diluted Average Shares": 22805881.0,
        "Basic Average Shares": 22805881.0,
        "Diluted EPS": 0.37,
        "Basic EPS": 0.37,
        "Diluted NI Availto Com Stockholders": 8413000.0,
        "Net Income Common Stockholders": 8413000.0,
        "Otherunder Preferred Stock Dividend": 97000.0,
        "Net Income": 8510000.0,
        "Net Income Including Noncontrolling Interests": 8510000.0,
        "Net Income Continuous Operations": 8510000.0,
        "Tax Provision": 2118000.0,
        "Pretax Income": 10628000.0,
        "Special Income Charges": NaN,
        "Gain On Sale Of Security": 0.0,
        "Selling General And Administration": 16533000.0,
        "Selling And Marketing Expense": 708000.0,
        "General And Administrative Expense": 15825000.0,
        "Other Gand A": 307000.0,
        "Insurance And Claims": 1436000.0,
        "Salaries And Wages": 14082000.0,
        "Total Revenue": 36276000.0,
        "Operating Revenue": 36276000.0,
        "Occupancy And Equipment": 4230000.0,
        "Professional Expense And Contract Services Expense": 1921000.0,
        "Other Non Interest Expense": 5629000.0
    }
}