{
    "2023-06-30": {
        "Tax Effect Of Unusual Items": NaN,
        "Tax Rate For Calcs": NaN,
        "Normalized EBITDA": NaN,
        "Net Income From Continuing Operation Net Minority Interest": NaN,
        "Reconciled Depreciation": NaN,
        "Reconciled Cost Of Revenue": NaN,
        "EBITDA": NaN,
        "EBIT": NaN,
        "Net Interest Income": NaN,
        "Interest Expense": NaN,
        "Interest Income": NaN,
        "Normalized Income": NaN,
        "Net Income From Continuing And Discontinued Operation": NaN,
        "Total Expenses": NaN,
        "Total Operating Income As Reported": NaN,
        "Diluted Average Shares": NaN,
        "Basic Average Shares": NaN,
        "Diluted EPS": NaN,
        "Basic EPS": NaN,
        "Diluted NI Availto Com Stockholders": NaN,
        "Net Income Common Stockholders": NaN,
        "Net Income": NaN,
        "Minority Interests": NaN,
        "Net Income Including Noncontrolling Interests": NaN,
        "Net Income Discontinuous Operations": NaN,
        "Net Income Continuous Operations": NaN,
        "Tax Provision": NaN,
        "Pretax Income": NaN,
        "Other Income Expense": NaN,
        "Other Non Operating Income Expenses": NaN,
        "Earnings From Equity Interest": NaN,
        "Net Non Operating Interest Income Expense": NaN,
        "Interest Expense Non Operating": NaN,
        "Interest Income Non Operating": NaN,
        "Operating Income": NaN,
        "Operating Expense": NaN,
        "Research And Development": NaN,
        "Selling General And Administration": NaN,
        "General And Administrative Expense": 784000000.0,
        "Other Gand A": 784000000.0,
        "Salaries And Wages": 0.0,
        "Gross Profit": NaN,
        "Cost Of Revenue": NaN,
        "Total Revenue": NaN,
        "Operating Revenue": NaN
    },
    "2023-03-31": {
        "Tax Effect Of Unusual Items": NaN,
        "Tax Rate For Calcs": NaN,
        "Normalized EBITDA": NaN,
        "Net Income From Continuing Operation Net Minority Interest": NaN,
        "Reconciled Depreciation": NaN,
        "Reconciled Cost Of Revenue": NaN,
        "EBITDA": NaN,
        "EBIT": NaN,
        "Net Interest Income": NaN,
        "Interest Expense": NaN,
        "Interest Income": NaN,
        "Normalized Income": NaN,
        "Net Income From Continuing And Discontinued Operation": NaN,
        "Total Expenses": NaN,
        "Total Operating Income As Reported": NaN,
        "Diluted Average Shares": NaN,
        "Basic Average Shares": NaN,
        "Diluted EPS": NaN,
        "Basic EPS": NaN,
        "Diluted NI Availto Com Stockholders": NaN,
        "Net Income Common Stockholders": NaN,
        "Net Income": NaN,
        "Minority Interests": NaN,
        "Net Income Including Noncontrolling Interests": NaN,
        "Net Income Discontinuous Operations": NaN,
        "Net Income Continuous Operations": NaN,
        "Tax Provision": NaN,
        "Pretax Income": NaN,
        "Other Income Expense": NaN,
        "Other Non Operating Income Expenses": NaN,
        "Earnings From Equity Interest": NaN,
        "Net Non Operating Interest Income Expense": NaN,
        "Interest Expense Non Operating": NaN,
        "Interest Income Non Operating": NaN,
        "Operating Income": NaN,
        "Operating Expense": NaN,
        "Research And Development": NaN,
        "Selling General And Administration": NaN,
        "General And Administrative Expense": 721000000.0,
        "Other Gand A": 721000000.0,
        "Salaries And Wages": 0.0,
        "Gross Profit": NaN,
        "Cost Of Revenue": NaN,
        "Total Revenue": NaN,
        "Operating Revenue": NaN
    },
    "2022-12-31": {
        "Tax Effect Of Unusual Items": NaN,
        "Tax Rate For Calcs": NaN,
        "Normalized EBITDA": NaN,
        "Net Income From Continuing Operation Net Minority Interest": NaN,
        "Reconciled Depreciation": NaN,
        "Reconciled Cost Of Revenue": NaN,
        "EBITDA": NaN,
        "EBIT": NaN,
        "Net Interest Income": NaN,
        "Interest Expense": NaN,
        "Interest Income": NaN,
        "Normalized Income": NaN,
        "Net Income From Continuing And Discontinued Operation": NaN,
        "Total Expenses": NaN,
        "Total Operating Income As Reported": NaN,
        "Diluted Average Shares": NaN,
        "Basic Average Shares": NaN,
        "Diluted EPS": NaN,
        "Basic EPS": NaN,
        "Diluted NI Availto Com Stockholders": NaN,
        "Net Income Common Stockholders": NaN,
        "Net Income": NaN,
        "Minority Interests": NaN,
        "Net Income Including Noncontrolling Interests": NaN,
        "Net Income Continuous Operations": NaN,
        "Tax Provision": NaN,
        "Pretax Income": NaN,
        "Other Income Expense": NaN,
        "Other Non Operating Income Expenses": NaN,
        "Earnings From Equity Interest": NaN,
        "Net Non Operating Interest Income Expense": NaN,
        "Interest Expense Non Operating": NaN,
        "Interest Income Non Operating": NaN,
        "Operating Income": NaN,
        "Operating Expense": NaN,
        "Research And Development": NaN,
        "Selling General And Administration": NaN,
        "General And Administrative Expense": 675000000.0,
        "Other Gand A": 673000000.0,
        "Salaries And Wages": 2000000.0,
        "Gross Profit": NaN,
        "Cost Of Revenue": NaN,
        "Total Revenue": NaN,
        "Operating Revenue": NaN
    },
    "2022-09-30": {
        "Tax Effect Of Unusual Items": 0.0,
        "Tax Rate For Calcs": 0.094,
        "Normalized EBITDA": 1643000000.0,
        "Net Income From Continuing Operation Net Minority Interest": 1312000000.0,
        "Reconciled Depreciation": 102000000.0,
        "Reconciled Cost Of Revenue": 3974000000.0,
        "EBITDA": 1643000000.0,
        "EBIT": 1541000000.0,
        "Net Interest Income": -56000000.0,
        "Interest Expense": 71000000.0,
        "Interest Income": 15000000.0,
        "Normalized Income": 1312000000.0,
        "Net Income From Continuing And Discontinued Operation": 1312000000.0,
        "Total Expenses": 4741000000.0,
        "Total Operating Income As Reported": 1526000000.0,
        "Diluted Average Shares": 856500000.0,
        "Basic Average Shares": 839600000.0,
        "Diluted EPS": 1.53,
        "Basic EPS": 1.56,
        "Diluted NI Availto Com Stockholders": 1312000000.0,
        "Net Income Common Stockholders": 1312000000.0,
        "Net Income": 1312000000.0,
        "Minority Interests": -20000000.0,
        "Net Income Including Noncontrolling Interests": 1332000000.0,
        "Net Income Continuous Operations": 1332000000.0,
        "Tax Provision": 138000000.0,
        "Pretax Income": 1470000000.0,
        "Other Income Expense": 816000000.0,
        "Other Non Operating Income Expenses": 753000000.0,
        "Earnings From Equity Interest": 63000000.0,
        "Net Non Operating Interest Income Expense": -56000000.0,
        "Total Other Finance Cost": NaN,
        "Interest Expense Non Operating": 71000000.0,
        "Interest Income Non Operating": 15000000.0,
        "Operating Income": 710000000.0,
        "Operating Expense": 767000000.0,
        "Research And Development": 143000000.0,
        "Selling General And Administration": 624000000.0,
        "Gross Profit": 1477000000.0,
        "Cost Of Revenue": 3974000000.0,
        "Total Revenue": 5451000000.0,
        "Operating Revenue": 5451000000.0
    },
    "2022-06-30": {
        "Tax Effect Of Unusual Items": 0.0,
        "Tax Rate For Calcs": 0.225,
        "Normalized EBITDA": 901000000.0,
        "Net Income From Continuing Operation Net Minority Interest": 573000000.0,
        "Reconciled Depreciation": 76000000.0,
        "Reconciled Cost Of Revenue": 3764000000.0,
        "EBITDA": 901000000.0,
        "EBIT": 825000000.0,
        "Net Interest Income": -61000000.0,
        "Interest Expense": 68000000.0,
        "Interest Income": 7000000.0,
        "Normalized Income": 573000000.0,
        "Net Income From Continuing And Discontinued Operation": 573000000.0,
        "Total Expenses": 4500000000.0,
        "Total Operating Income As Reported": 819000000.0,
        "Diluted Average Shares": 862700000.0,
        "Basic Average Shares": 845700000.0,
        "Diluted EPS": 0.67,
        "Basic EPS": 0.68,
        "Diluted NI Availto Com Stockholders": 573000000.0,
        "Net Income Common Stockholders": 573000000.0,
        "Net Income": 573000000.0,
        "Minority Interests": -14000000.0,
        "Net Income Including Noncontrolling Interests": 587000000.0,
        "Net Income Continuous Operations": 587000000.0,
        "Tax Provision": 170000000.0,
        "Pretax Income": 757000000.0,
        "Other Income Expense": 107000000.0,
        "Other Non Operating Income Expenses": 6000000.0,
        "Earnings From Equity Interest": 101000000.0,
        "Net Non Operating Interest Income Expense": -61000000.0,
        "Total Other Finance Cost": NaN,
        "Interest Expense Non Operating": 68000000.0,
        "Interest Income Non Operating": 7000000.0,
        "Operating Income": 711000000.0,
        "Operating Expense": 736000000.0,
        "Research And Development": 122000000.0,
        "Selling General And Administration": 614000000.0,
        "Gross Profit": 1447000000.0,
        "Cost Of Revenue": 3764000000.0,
        "Total Revenue": 5211000000.0,
        "Operating Revenue": 5211000000.0
    },
    "2022-03-31": {
        "Diluted EPS": 1.58,
        "Total Revenue": NaN,
        "Gross Profit": NaN,
        "Operating Income": NaN,
        "EBIT": NaN,
        "Net Income": NaN
    },
    "2021-12-31": {
        "Diluted EPS": 0.36,
        "Total Revenue": NaN,
        "Gross Profit": NaN,
        "Operating Income": 463,
        "EBIT": 550,
        "Net Income": 324
    },
    "2021-09-30": {
        "Diluted EPS": 0.53,
        "Total Revenue": NaN,
        "Gross Profit": NaN,
        "Operating Income": 828,
        "EBIT": 911,
        "Net Income": 469
    },
    "2021-06-30": {
        "Diluted EPS": 0.55,
        "Total Revenue": NaN,
        "Gross Profit": NaN,
        "Operating Income": 783,
        "EBIT": 868,
        "Net Income": 487
    },
    "2021-03-31": {
        "Diluted EPS": 0.43,
        "Total Revenue": NaN,
        "Gross Profit": NaN,
        "Operating Income": 571,
        "EBIT": 654,
        "Net Income": 384
    },
    "2020-12-31": {
        "Diluted EPS": 1.0,
        "Total Revenue": NaN,
        "Gross Profit": NaN,
        "Operating Income": NaN,
        "EBIT": NaN,
        "Net Income": 884
    },
    "2020-09-30": {
        "Diluted EPS": 0.84,
        "Total Revenue": NaN,
        "Gross Profit": NaN,
        "Operating Income": NaN,
        "EBIT": NaN,
        "Net Income": 741
    },
    "2020-06-30": {
        "Diluted EPS": 0.3,
        "Total Revenue": NaN,
        "Gross Profit": NaN,
        "Operating Income": 442,
        "EBIT": 520,
        "Net Income": 261
    },
    "2020-03-31": {
        "Diluted EPS": 0.11,
        "Total Revenue": NaN,
        "Gross Profit": NaN,
        "Operating Income": 315,
        "EBIT": 396,
        "Net Income": 96
    },
    "2019-12-31": {
        "Diluted EPS": 0.5,
        "Total Revenue": NaN,
        "Gross Profit": NaN,
        "Operating Income": 557,
        "EBIT": 641,
        "Net Income": 440
    },
    "2019-09-30": {
        "Diluted EPS": 0.57,
        "Total Revenue": NaN,
        "Gross Profit": NaN,
        "Operating Income": 629,
        "EBIT": 713,
        "Net Income": 492
    },
    "2019-06-30": {
        "Diluted EPS": 0.91,
        "Total Revenue": NaN,
        "Gross Profit": NaN,
        "Operating Income": 805,
        "EBIT": 887,
        "Net Income": 784
    },
    "2019-03-31": {
        "Diluted EPS": 0.46,
        "Total Revenue": NaN,
        "Gross Profit": NaN,
        "Operating Income": 500,
        "EBIT": 585,
        "Net Income": 400
    },
    "2018-12-31": {
        "Diluted EPS": 0.0,
        "Total Revenue": NaN,
        "Gross Profit": NaN,
        "Operating Income": NaN,
        "EBIT": NaN,
        "Net Income": NaN
    },
    "2017-12-31": {
        "Diluted EPS": 0.0,
        "Total Revenue": NaN,
        "Gross Profit": NaN,
        "Operating Income": NaN,
        "EBIT": NaN,
        "Net Income": NaN
    },
    "2023-09-30": {
        "Tax Effect Of Unusual Items": NaN,
        "Tax Rate For Calcs": NaN,
        "Normalized EBITDA": NaN,
        "Net Income From Continuing Operation Net Minority Interest": NaN,
        "Reconciled Depreciation": NaN,
        "Reconciled Cost Of Revenue": NaN,
        "EBITDA": NaN,
        "EBIT": NaN,
        "Net Interest Income": NaN,
        "Interest Expense": NaN,
        "Interest Income": NaN,
        "Normalized Income": NaN,
        "Net Income From Continuing And Discontinued Operation": NaN,
        "Total Expenses": NaN,
        "Total Operating Income As Reported": NaN,
        "Diluted Average Shares": NaN,
        "Basic Average Shares": NaN,
        "Diluted EPS": NaN,
        "Basic EPS": NaN,
        "Diluted NI Availto Com Stockholders": NaN,
        "Net Income Common Stockholders": NaN,
        "Net Income": NaN,
        "Minority Interests": NaN,
        "Net Income Including Noncontrolling Interests": NaN,
        "Net Income Discontinuous Operations": 87000000.0,
        "Net Income Continuous Operations": NaN,
        "Tax Provision": NaN,
        "Pretax Income": NaN,
        "Other Income Expense": NaN,
        "Other Non Operating Income Expenses": NaN,
        "Earnings From Equity Interest": NaN,
        "Net Non Operating Interest Income Expense": NaN,
        "Interest Expense Non Operating": NaN,
        "Interest Income Non Operating": NaN,
        "Operating Income": NaN,
        "Operating Expense": NaN,
        "Research And Development": NaN,
        "Selling General And Administration": NaN,
        "General And Administrative Expense": 831000000.0,
        "Other Gand A": 831000000.0,
        "Salaries And Wages": 0.0,
        "Gross Profit": NaN,
        "Cost Of Revenue": NaN,
        "Total Revenue": NaN,
        "Operating Revenue": NaN
    },
    "2023-12-31": {
        "Tax Effect Of Unusual Items": NaN,
        "Tax Rate For Calcs": NaN,
        "Normalized EBITDA": NaN,
        "Net Income From Continuing Operation Net Minority Interest": NaN,
        "Reconciled Depreciation": NaN,
        "Reconciled Cost Of Revenue": NaN,
        "EBITDA": NaN,
        "EBIT": NaN,
        "Net Interest Income": NaN,
        "Interest Expense": NaN,
        "Interest Income": NaN,
        "Normalized Income": NaN,
        "Net Income From Continuing And Discontinued Operation": NaN,
        "Total Expenses": NaN,
        "Total Operating Income As Reported": NaN,
        "Diluted Average Shares": NaN,
        "Basic Average Shares": NaN,
        "Diluted EPS": NaN,
        "Basic EPS": NaN,
        "Diluted NI Availto Com Stockholders": NaN,
        "Net Income Common Stockholders": NaN,
        "Net Income": NaN,
        "Minority Interests": NaN,
        "Net Income Including Noncontrolling Interests": NaN,
        "Net Income Discontinuous Operations": NaN,
        "Net Income Continuous Operations": NaN,
        "Tax Provision": NaN,
        "Pretax Income": NaN,
        "Other Income Expense": NaN,
        "Other Non Operating Income Expenses": NaN,
        "Earnings From Equity Interest": NaN,
        "Net Non Operating Interest Income Expense": NaN,
        "Interest Expense Non Operating": NaN,
        "Interest Income Non Operating": NaN,
        "Operating Income": NaN,
        "Operating Expense": NaN,
        "Research And Development": NaN,
        "Selling General And Administration": NaN,
        "General And Administrative Expense": 961000000.0,
        "Other Gand A": 961000000.0,
        "Salaries And Wages": 1000000.0,
        "Gross Profit": NaN,
        "Cost Of Revenue": NaN,
        "Total Revenue": NaN,
        "Operating Revenue": NaN
    },
    "2024-03-31": {
        "Tax Effect Of Unusual Items": 0.0,
        "Tax Rate For Calcs": 0.192623,
        "Normalized EBITDA": 708000000.0,
        "Net Income From Continuing Operation Net Minority Interest": 177000000.0,
        "Reconciled Depreciation": 308000000.0,
        "Reconciled Cost Of Revenue": 4035000000.0,
        "EBITDA": 708000000.0,
        "EBIT": 400000000.0,
        "Net Interest Income": -141000000.0,
        "Interest Expense": 156000000.0,
        "Interest Income": 15000000.0,
        "Normalized Income": 177000000.0,
        "Net Income From Continuing And Discontinued Operation": 269000000.0,
        "Total Expenses": 5034000000.0,
        "Total Operating Income As Reported": 385000000.0,
        "Diluted Average Shares": 913000000.0,
        "Basic Average Shares": 899200000.0,
        "Diluted EPS": 0.29,
        "Basic EPS": 0.3,
        "Diluted NI Availto Com Stockholders": 269000000.0,
        "Net Income Common Stockholders": 269000000.0,
        "Net Income": 269000000.0,
        "Minority Interests": -20000000.0,
        "Net Income Including Noncontrolling Interests": 289000000.0,
        "Net Income Discontinuous Operations": 92000000.0,
        "Net Income Continuous Operations": 197000000.0,
        "Tax Provision": 47000000.0,
        "Pretax Income": 244000000.0,
        "Other Income Expense": -1000000.0,
        "Other Non Operating Income Expenses": -32000000.0,
        "Earnings From Equity Interest": 31000000.0,
        "Net Non Operating Interest Income Expense": -141000000.0,
        "Interest Expense Non Operating": 156000000.0,
        "Interest Income Non Operating": 15000000.0,
        "Operating Income": 386000000.0,
        "Operating Expense": 999000000.0,
        "Research And Development": 192000000.0,
        "Selling General And Administration": 807000000.0,
        "General And Administrative Expense": NaN,
        "Other Gand A": NaN,
        "Salaries And Wages": NaN,
        "Gross Profit": 1385000000.0,
        "Cost Of Revenue": 4035000000.0,
        "Total Revenue": 5420000000.0,
        "Operating Revenue": 5420000000.0
    },
    "2024-06-30": {
        "Tax Effect Of Unusual Items": 0.0,
        "Tax Rate For Calcs": 0.21164,
        "Normalized EBITDA": 1036000000.0,
        "Net Income From Continuing Operation Net Minority Interest": 415000000.0,
        "Reconciled Depreciation": 294000000.0,
        "Reconciled Cost Of Revenue": 4359000000.0,
        "EBITDA": 1036000000.0,
        "EBIT": 742000000.0,
        "Net Interest Income": -157000000.0,
        "Interest Expense": 175000000.0,
        "Interest Income": 18000000.0,
        "Normalized Income": 415000000.0,
        "Net Income From Continuing And Discontinued Operation": 2337000000.0,
        "Total Expenses": 5308000000.0,
        "Total Operating Income As Reported": 724000000.0,
        "Diluted Average Shares": 915300000.0,
        "Basic Average Shares": 902400000.0,
        "Diluted EPS": 2.55,
        "Basic EPS": 2.59,
        "Diluted NI Availto Com Stockholders": 2337000000.0,
        "Net Income Common Stockholders": 2337000000.0,
        "Net Income": 2337000000.0,
        "Minority Interests": -32000000.0,
        "Net Income Including Noncontrolling Interests": 2369000000.0,
        "Net Income Discontinuous Operations": 1922000000.0,
        "Net Income Continuous Operations": 447000000.0,
        "Tax Provision": 120000000.0,
        "Pretax Income": 567000000.0,
        "Other Income Expense": 98000000.0,
        "Other Non Operating Income Expenses": 8000000.0,
        "Earnings From Equity Interest": 90000000.0,
        "Net Non Operating Interest Income Expense": -157000000.0,
        "Interest Expense Non Operating": 175000000.0,
        "Interest Income Non Operating": 18000000.0,
        "Operating Income": 626000000.0,
        "Operating Expense": 949000000.0,
        "Research And Development": 160000000.0,
        "Selling General And Administration": 789000000.0,
        "General And Administrative Expense": 789000000.0,
        "Other Gand A": 789000000.0,
        "Salaries And Wages": 1000000.0,
        "Gross Profit": 1575000000.0,
        "Cost Of Revenue": 4359000000.0,
        "Total Revenue": 5934000000.0,
        "Operating Revenue": 5934000000.0
    },
    "2024-09-30": {
        "Tax Effect Of Unusual Items": 0.0,
        "Tax Rate For Calcs": 0.223,
        "Normalized EBITDA": 1213000000.0,
        "Net Income From Continuing Operation Net Minority Interest": 564000000.0,
        "Reconciled Depreciation": 312000000.0,
        "Reconciled Cost Of Revenue": 4307000000.0,
        "EBITDA": 1213000000.0,
        "EBIT": 901000000.0,
        "Net Interest Income": 8000000.0,
        "Interest Expense": 131000000.0,
        "Interest Income": 139000000.0,
        "Normalized Income": 564000000.0,
        "Net Income From Continuing And Discontinued Operation": 447000000.0,
        "Total Expenses": 5278000000.0,
        "Total Operating Income As Reported": 763000000.0,
        "Diluted Average Shares": 915000000.0,
        "Basic Average Shares": 901200000.0,
        "Diluted EPS": 0.49,
        "Basic EPS": 0.5,
        "Diluted NI Availto Com Stockholders": 447000000.0,
        "Net Income Common Stockholders": 447000000.0,
        "Net Income": 447000000.0,
        "Minority Interests": -34000000.0,
        "Net Income Including Noncontrolling Interests": 481000000.0,
        "Net Income Discontinuous Operations": -117000000.0,
        "Net Income Continuous Operations": 598000000.0,
        "Tax Provision": 172000000.0,
        "Pretax Income": 770000000.0,
        "Other Income Expense": 56000000.0,
        "Other Non Operating Income Expenses": -10000000.0,
        "Earnings From Equity Interest": 66000000.0,
        "Net Non Operating Interest Income Expense": 8000000.0,
        "Interest Expense Non Operating": 131000000.0,
        "Interest Income Non Operating": 139000000.0,
        "Operating Income": 706000000.0,
        "Operating Expense": 971000000.0,
        "Research And Development": 172000000.0,
        "Selling General And Administration": 799000000.0,
        "General And Administrative Expense": NaN,
        "Other Gand A": NaN,
        "Salaries And Wages": NaN,
        "Gross Profit": 1677000000.0,
        "Cost Of Revenue": 4307000000.0,
        "Total Revenue": 5984000000.0,
        "Operating Revenue": 5984000000.0
    },
    "2024-12-31": {
        "Tax Effect Of Unusual Items": 0.0,
        "Tax Rate For Calcs": 0.21,
        "Normalized EBITDA": 1129000000.0,
        "Net Income From Continuing Operation Net Minority Interest": -48000000.0,
        "Reconciled Depreciation": 318000000.0,
        "Reconciled Cost Of Revenue": 3804000000.0,
        "EBITDA": 1129000000.0,
        "EBIT": 811000000.0,
        "Net Interest Income": -81000000.0,
        "Interest Expense": 118000000.0,
        "Interest Income": 37000000.0,
        "Normalized Income": -48000000.0,
        "Net Income From Continuing And Discontinued Operation": 2551000000.0,
        "Total Expenses": 4769000000.0,
        "Total Operating Income As Reported": 774000000.0,
        "Diluted Average Shares": 903400000.0,
        "Basic Average Shares": 890100000.0,
        "Diluted EPS": 2.82,
        "Basic EPS": 2.87,
        "Diluted NI Availto Com Stockholders": 2551000000.0,
        "Net Income Common Stockholders": 2551000000.0,
        "Net Income": 2551000000.0,
        "Minority Interests": -18000000.0,
        "Net Income Including Noncontrolling Interests": 2569000000.0,
        "Net Income Discontinuous Operations": 2599000000.0,
        "Net Income Continuous Operations": -30000000.0,
        "Tax Provision": 723000000.0,
        "Pretax Income": 693000000.0,
        "Other Income Expense": 395000000.0,
        "Other Non Operating Income Expenses": 73000000.0,
        "Earnings From Equity Interest": 44000000.0,
        "Net Non Operating Interest Income Expense": -81000000.0,
        "Interest Expense Non Operating": 118000000.0,
        "Interest Income Non Operating": 37000000.0,
        "Operating Income": 379000000.0,
        "Operating Expense": 965000000.0,
        "Research And Development": 162000000.0,
        "Selling General And Administration": 803000000.0,
        "General And Administrative Expense": NaN,
        "Other Gand A": NaN,
        "Salaries And Wages": NaN,
        "Gross Profit": 1344000000.0,
        "Cost Of Revenue": 3804000000.0,
        "Total Revenue": 5148000000.0,
        "Operating Revenue": 5148000000.0
    },
    "2025-03-31": {
        "Tax Effect Of Unusual Items": 0.0,
        "Tax Rate For Calcs": 0.203,
        "Normalized EBITDA": 963000000.0,
        "Net Income From Continuing Operation Net Minority Interest": 412000000.0,
        "Reconciled Depreciation": 303000000.0,
        "Reconciled Cost Of Revenue": 3773000000.0,
        "EBITDA": 963000000.0,
        "EBIT": 660000000.0,
        "Net Interest Income": -82000000.0,
        "Interest Expense": 112000000.0,
        "Interest Income": 30000000.0,
        "Normalized Income": 412000000.0,
        "Net Income From Continuing And Discontinued Operation": 412000000.0,
        "Total Expenses": 4655000000.0,
        "Total Operating Income As Reported": 629000000.0,
        "Diluted Average Shares": 878300000.0,
        "Basic Average Shares": 866900000.0,
        "Diluted EPS": 0.47,
        "Basic EPS": 0.47,
        "Diluted NI Availto Com Stockholders": 412000000.0,
        "Net Income Common Stockholders": 412000000.0,
        "Net Income": 412000000.0,
        "Minority Interests": -25000000.0,
        "Net Income Including Noncontrolling Interests": 437000000.0,
        "Net Income Discontinuous Operations": 0.0,
        "Net Income Continuous Operations": 437000000.0,
        "Tax Provision": 111000000.0,
        "Pretax Income": 548000000.0,
        "Other Income Expense": 67000000.0,
        "Other Non Operating Income Expenses": 23000000.0,
        "Earnings From Equity Interest": 44000000.0,
        "Net Non Operating Interest Income Expense": -82000000.0,
        "Interest Expense Non Operating": 112000000.0,
        "Interest Income Non Operating": 30000000.0,
        "Operating Income": 563000000.0,
        "Operating Expense": 882000000.0,
        "Research And Development": 153000000.0,
        "Selling General And Administration": 729000000.0,
        "General And Administrative Expense": NaN,
        "Other Gand A": NaN,
        "Salaries And Wages": NaN,
        "Gross Profit": 1445000000.0,
        "Cost Of Revenue": 3773000000.0,
        "Total Revenue": 5218000000.0,
        "Operating Revenue": 5218000000.0
    },
    "2025-06-30": {
        "Tax Effect Of Unusual Items": 0.0,
        "Tax Rate For Calcs": 0.199507,
        "Normalized EBITDA": 1244000000.0,
        "Net Income From Continuing Operation Net Minority Interest": 608000000.0,
        "Reconciled Depreciation": 317000000.0,
        "Reconciled Cost Of Revenue": 4344000000.0,
        "EBITDA": 1244000000.0,
        "EBIT": 927000000.0,
        "Net Interest Income": -91000000.0,
        "Interest Expense": 115000000.0,
        "Interest Income": 24000000.0,
        "Normalized Income": 608000000.0,
        "Net Income From Continuing And Discontinued Operation": 591000000.0,
        "Total Expenses": 5318000000.0,
        "Total Operating Income As Reported": 903000000.0,
        "Diluted Average Shares": 866300000.0,
        "Basic Average Shares": 854900000.0,
        "Diluted EPS": 0.68,
        "Basic EPS": 0.69,
        "Diluted NI Availto Com Stockholders": 591000000.0,
        "Net Income Common Stockholders": 591000000.0,
        "Net Income": 591000000.0,
        "Minority Interests": -42000000.0,
        "Net Income Including Noncontrolling Interests": 633000000.0,
        "Net Income Discontinuous Operations": -17000000.0,
        "Net Income Continuous Operations": 650000000.0,
        "Tax Provision": 162000000.0,
        "Pretax Income": 812000000.0,
        "Other Income Expense": 108000000.0,
        "Other Non Operating Income Expenses": 30000000.0,
        "Earnings From Equity Interest": 78000000.0,
        "Net Non Operating Interest Income Expense": -91000000.0,
        "Interest Expense Non Operating": 115000000.0,
        "Interest Income Non Operating": 24000000.0,
        "Operating Income": 795000000.0,
        "Operating Expense": 974000000.0,
        "Research And Development": 161000000.0,
        "Selling General And Administration": 813000000.0,
        "General And Administrative Expense": 813000000.0,
        "Other Gand A": 813000000.0,
        "Salaries And Wages": NaN,
        "Gross Profit": 1769000000.0,
        "Cost Of Revenue": 4344000000.0,
        "Total Revenue": 6113000000.0,
        "Operating Revenue": 6113000000.0
    }
}