{
    "2023-09-30": {
        "Tax Effect Of Unusual Items": NaN,
        "Tax Rate For Calcs": NaN,
        "Normalized EBITDA": NaN,
        "Net Income From Continuing Operation Net Minority Interest": NaN,
        "Reconciled Depreciation": NaN,
        "Reconciled Cost Of Revenue": NaN,
        "EBITDA": NaN,
        "EBIT": NaN,
        "Net Interest Income": NaN,
        "Interest Income": NaN,
        "Normalized Income": NaN,
        "Net Income From Continuing And Discontinued Operation": NaN,
        "Total Expenses": NaN,
        "Total Operating Income As Reported": NaN,
        "Diluted Average Shares": NaN,
        "Basic Average Shares": NaN,
        "Diluted EPS": NaN,
        "Basic EPS": NaN,
        "Diluted NI Availto Com Stockholders": NaN,
        "Average Dilution Earnings": NaN,
        "Net Income Common Stockholders": NaN,
        "Preferred Stock Dividends": NaN,
        "Net Income": NaN,
        "Net Income Including Noncontrolling Interests": NaN,
        "Net Income Continuous Operations": NaN,
        "Tax Provision": NaN,
        "Pretax Income": NaN,
        "Other Income Expense": -5000000.0,
        "Other Non Operating Income Expenses": -5000000.0,
        "Net Non Operating Interest Income Expense": NaN,
        "Interest Income Non Operating": NaN,
        "Operating Income": NaN,
        "Operating Expense": NaN,
        "Other Operating Expenses": NaN,
        "Research And Development": NaN,
        "Selling General And Administration": NaN,
        "Selling And Marketing Expense": NaN,
        "General And Administrative Expense": NaN,
        "Other Gand A": NaN,
        "Gross Profit": NaN,
        "Cost Of Revenue": NaN,
        "Total Revenue": NaN,
        "Operating Revenue": NaN
    },
    "2022-12-31": {
        "Tax Effect Of Unusual Items": NaN,
        "Tax Rate For Calcs": NaN,
        "Normalized EBITDA": NaN,
        "Net Income From Continuing Operation Net Minority Interest": NaN,
        "Reconciled Depreciation": NaN,
        "Reconciled Cost Of Revenue": NaN,
        "EBITDA": NaN,
        "EBIT": NaN,
        "Net Interest Income": NaN,
        "Interest Income": NaN,
        "Normalized Income": NaN,
        "Net Income From Continuing And Discontinued Operation": NaN,
        "Total Expenses": NaN,
        "Total Operating Income As Reported": NaN,
        "Diluted Average Shares": NaN,
        "Basic Average Shares": NaN,
        "Diluted EPS": NaN,
        "Basic EPS": NaN,
        "Diluted NI Availto Com Stockholders": NaN,
        "Average Dilution Earnings": NaN,
        "Net Income Common Stockholders": NaN,
        "Preferred Stock Dividends": NaN,
        "Net Income": NaN,
        "Net Income Including Noncontrolling Interests": NaN,
        "Net Income Continuous Operations": NaN,
        "Tax Provision": NaN,
        "Pretax Income": NaN,
        "Other Income Expense": -1000000.0,
        "Other Non Operating Income Expenses": -1000000.0,
        "Net Non Operating Interest Income Expense": NaN,
        "Interest Income Non Operating": NaN,
        "Operating Income": NaN,
        "Operating Expense": NaN,
        "Other Operating Expenses": NaN,
        "Research And Development": NaN,
        "Selling General And Administration": NaN,
        "Selling And Marketing Expense": NaN,
        "General And Administrative Expense": NaN,
        "Other Gand A": NaN,
        "Gross Profit": NaN,
        "Cost Of Revenue": NaN,
        "Total Revenue": NaN,
        "Operating Revenue": NaN
    },
    "2022-09-30": {
        "Tax Effect Of Unusual Items": NaN,
        "Tax Rate For Calcs": NaN,
        "Normalized EBITDA": NaN,
        "Net Income From Continuing Operation Net Minority Interest": NaN,
        "Reconciled Depreciation": NaN,
        "Reconciled Cost Of Revenue": NaN,
        "EBITDA": NaN,
        "EBIT": NaN,
        "Net Interest Income": NaN,
        "Interest Income": NaN,
        "Normalized Income": NaN,
        "Net Income From Continuing And Discontinued Operation": NaN,
        "Total Expenses": NaN,
        "Total Operating Income As Reported": NaN,
        "Diluted Average Shares": 276459151.0,
        "Basic Average Shares": 276459151.0,
        "Diluted EPS": 0.0,
        "Basic EPS": 0.0,
        "Diluted NI Availto Com Stockholders": NaN,
        "Average Dilution Earnings": NaN,
        "Net Income Common Stockholders": NaN,
        "Preferred Stock Dividends": 36000000.0,
        "Net Income": NaN,
        "Net Income Including Noncontrolling Interests": NaN,
        "Net Income Continuous Operations": NaN,
        "Tax Provision": NaN,
        "Pretax Income": NaN,
        "Other Income Expense": -5000000.0,
        "Other Non Operating Income Expenses": -5000000.0,
        "Net Non Operating Interest Income Expense": NaN,
        "Interest Income Non Operating": NaN,
        "Operating Income": NaN,
        "Operating Expense": NaN,
        "Other Operating Expenses": NaN,
        "Research And Development": NaN,
        "Selling General And Administration": NaN,
        "Selling And Marketing Expense": NaN,
        "General And Administrative Expense": NaN,
        "Other Gand A": NaN,
        "Gross Profit": NaN,
        "Cost Of Revenue": NaN,
        "Total Revenue": NaN,
        "Operating Revenue": NaN
    },
    "2023-12-31": {
        "Tax Effect Of Unusual Items": 0.0,
        "Tax Rate For Calcs": 0.21,
        "Normalized EBITDA": 59000000.0,
        "Net Income From Continuing Operation Net Minority Interest": 135000000.0,
        "Reconciled Depreciation": 13000000.0,
        "Reconciled Cost Of Revenue": 195000000.0,
        "EBITDA": 59000000.0,
        "EBIT": 46000000.0,
        "Net Interest Income": 24000000.0,
        "Interest Income": 24000000.0,
        "Normalized Income": 135000000.0,
        "Net Income From Continuing And Discontinued Operation": 135000000.0,
        "Total Expenses": 757000000.0,
        "Total Operating Income As Reported": 46000000.0,
        "Diluted Average Shares": NaN,
        "Basic Average Shares": NaN,
        "Diluted EPS": NaN,
        "Basic EPS": NaN,
        "Diluted NI Availto Com Stockholders": 133000000.0,
        "Average Dilution Earnings": NaN,
        "Net Income Common Stockholders": 133000000.0,
        "Preferred Stock Dividends": NaN,
        "Net Income": 135000000.0,
        "Net Income Including Noncontrolling Interests": 135000000.0,
        "Net Income Continuous Operations": 135000000.0,
        "Tax Provision": -63000000.0,
        "Pretax Income": 72000000.0,
        "Other Income Expense": NaN,
        "Other Non Operating Income Expenses": NaN,
        "Net Non Operating Interest Income Expense": 24000000.0,
        "Interest Income Non Operating": 24000000.0,
        "Operating Income": 46000000.0,
        "Operating Expense": 562000000.0,
        "Other Operating Expenses": 71000000.0,
        "Research And Development": 205000000.0,
        "Selling General And Administration": 286000000.0,
        "Selling And Marketing Expense": 179000000.0,
        "General And Administrative Expense": 107000000.0,
        "Other Gand A": 107000000.0,
        "Gross Profit": 608000000.0,
        "Cost Of Revenue": 195000000.0,
        "Total Revenue": 803000000.0,
        "Operating Revenue": 803000000.0
    },
    "2024-03-31": {
        "Tax Effect Of Unusual Items": 0.0,
        "Tax Rate For Calcs": 0.211,
        "Normalized EBITDA": 159000000.0,
        "Net Income From Continuing Operation Net Minority Interest": 130000000.0,
        "Reconciled Depreciation": 15000000.0,
        "Reconciled Cost Of Revenue": 206000000.0,
        "EBITDA": 159000000.0,
        "EBIT": 144000000.0,
        "Net Interest Income": 22000000.0,
        "Interest Income": 22000000.0,
        "Normalized Income": 130000000.0,
        "Net Income From Continuing And Discontinued Operation": 130000000.0,
        "Total Expenses": 676000000.0,
        "Total Operating Income As Reported": 144000000.0,
        "Diluted Average Shares": 302126000.0,
        "Basic Average Shares": 274763000.0,
        "Diluted EPS": 0.43,
        "Basic EPS": 0.47,
        "Diluted NI Availto Com Stockholders": 130000000.0,
        "Average Dilution Earnings": 2000000.0,
        "Net Income Common Stockholders": 128000000.0,
        "Preferred Stock Dividends": 2000000.0,
        "Net Income": 130000000.0,
        "Net Income Including Noncontrolling Interests": 130000000.0,
        "Net Income Continuous Operations": 130000000.0,
        "Tax Provision": 35000000.0,
        "Pretax Income": 165000000.0,
        "Other Income Expense": -1000000.0,
        "Other Non Operating Income Expenses": -1000000.0,
        "Net Non Operating Interest Income Expense": 22000000.0,
        "Interest Income Non Operating": 22000000.0,
        "Operating Income": 144000000.0,
        "Operating Expense": 470000000.0,
        "Other Operating Expenses": 73000000.0,
        "Research And Development": 115000000.0,
        "Selling General And Administration": 282000000.0,
        "Selling And Marketing Expense": 184000000.0,
        "General And Administrative Expense": 98000000.0,
        "Other Gand A": 98000000.0,
        "Gross Profit": 614000000.0,
        "Cost Of Revenue": 206000000.0,
        "Total Revenue": 820000000.0,
        "Operating Revenue": 820000000.0
    },
    "2023-06-30": {
        "Tax Effect Of Unusual Items": NaN,
        "Tax Rate For Calcs": NaN,
        "Normalized EBITDA": NaN,
        "Net Income From Continuing Operation Net Minority Interest": NaN,
        "Reconciled Depreciation": NaN,
        "Reconciled Cost Of Revenue": NaN,
        "EBITDA": NaN,
        "EBIT": NaN,
        "Net Interest Income": NaN,
        "Interest Income": NaN,
        "Normalized Income": NaN,
        "Net Income From Continuing And Discontinued Operation": NaN,
        "Total Expenses": NaN,
        "Total Operating Income As Reported": NaN,
        "Diluted Average Shares": 276459151.0,
        "Basic Average Shares": 276459151.0,
        "Diluted EPS": 0.0,
        "Basic EPS": 0.0,
        "Diluted NI Availto Com Stockholders": NaN,
        "Average Dilution Earnings": NaN,
        "Net Income Common Stockholders": NaN,
        "Preferred Stock Dividends": 114000000.0,
        "Net Income": NaN,
        "Net Income Including Noncontrolling Interests": NaN,
        "Net Income Continuous Operations": NaN,
        "Tax Provision": NaN,
        "Pretax Income": NaN,
        "Other Income Expense": 3000000.0,
        "Other Non Operating Income Expenses": 3000000.0,
        "Net Non Operating Interest Income Expense": NaN,
        "Interest Income Non Operating": NaN,
        "Operating Income": NaN,
        "Operating Expense": NaN,
        "Other Operating Expenses": NaN,
        "Research And Development": NaN,
        "Selling General And Administration": NaN,
        "Selling And Marketing Expense": NaN,
        "General And Administrative Expense": NaN,
        "Other Gand A": NaN,
        "Gross Profit": NaN,
        "Cost Of Revenue": NaN,
        "Total Revenue": NaN,
        "Operating Revenue": NaN
    },
    "2023-03-31": {
        "Tax Effect Of Unusual Items": NaN,
        "Tax Rate For Calcs": NaN,
        "Normalized EBITDA": NaN,
        "Net Income From Continuing Operation Net Minority Interest": NaN,
        "Reconciled Depreciation": NaN,
        "Reconciled Cost Of Revenue": NaN,
        "EBITDA": NaN,
        "EBIT": NaN,
        "Net Interest Income": NaN,
        "Interest Income": NaN,
        "Normalized Income": NaN,
        "Net Income From Continuing And Discontinued Operation": NaN,
        "Total Expenses": NaN,
        "Total Operating Income As Reported": NaN,
        "Diluted Average Shares": NaN,
        "Basic Average Shares": NaN,
        "Diluted EPS": NaN,
        "Basic EPS": NaN,
        "Diluted NI Availto Com Stockholders": NaN,
        "Average Dilution Earnings": NaN,
        "Net Income Common Stockholders": NaN,
        "Preferred Stock Dividends": 128000000.0,
        "Net Income": NaN,
        "Net Income Including Noncontrolling Interests": NaN,
        "Net Income Continuous Operations": NaN,
        "Tax Provision": NaN,
        "Pretax Income": NaN,
        "Other Income Expense": NaN,
        "Other Non Operating Income Expenses": NaN,
        "Net Non Operating Interest Income Expense": NaN,
        "Interest Income Non Operating": NaN,
        "Operating Income": NaN,
        "Operating Expense": NaN,
        "Other Operating Expenses": NaN,
        "Research And Development": NaN,
        "Selling General And Administration": NaN,
        "Selling And Marketing Expense": NaN,
        "General And Administrative Expense": NaN,
        "Other Gand A": NaN,
        "Gross Profit": NaN,
        "Cost Of Revenue": NaN,
        "Total Revenue": NaN,
        "Operating Revenue": NaN
    },
    "2024-06-30": {
        "Tax Effect Of Unusual Items": 0.0,
        "Tax Rate For Calcs": 0.109,
        "Normalized EBITDA": 67000000.0,
        "Net Income From Continuing Operation Net Minority Interest": 61000000.0,
        "Reconciled Depreciation": 15000000.0,
        "Reconciled Cost Of Revenue": 200000000.0,
        "EBITDA": 67000000.0,
        "EBIT": 52000000.0,
        "Net Interest Income": 17000000.0,
        "Interest Income": 17000000.0,
        "Normalized Income": 61000000.0,
        "Net Income From Continuing And Discontinued Operation": 61000000.0,
        "Total Expenses": 771000000.0,
        "Total Operating Income As Reported": 52000000.0,
        "Diluted Average Shares": 286256000.0,
        "Basic Average Shares": 265542000.0,
        "Diluted EPS": 0.2,
        "Basic EPS": 0.22,
        "Diluted NI Availto Com Stockholders": 58000000.0,
        "Average Dilution Earnings": 0.0,
        "Net Income Common Stockholders": 58000000.0,
        "Preferred Stock Dividends": 3000000.0,
        "Net Income": 61000000.0,
        "Net Income Including Noncontrolling Interests": 61000000.0,
        "Net Income Continuous Operations": 61000000.0,
        "Tax Provision": 7000000.0,
        "Pretax Income": 68000000.0,
        "Other Income Expense": -1000000.0,
        "Other Non Operating Income Expenses": -1000000.0,
        "Net Non Operating Interest Income Expense": 17000000.0,
        "Interest Income Non Operating": 17000000.0,
        "Operating Income": 52000000.0,
        "Operating Expense": 571000000.0,
        "Other Operating Expenses": 69000000.0,
        "Research And Development": 185000000.0,
        "Selling General And Administration": 317000000.0,
        "Selling And Marketing Expense": 203000000.0,
        "General And Administrative Expense": 114000000.0,
        "Other Gand A": 114000000.0,
        "Gross Profit": 623000000.0,
        "Cost Of Revenue": 200000000.0,
        "Total Revenue": 823000000.0,
        "Operating Revenue": 823000000.0
    },
    "2024-09-30": {
        "Tax Effect Of Unusual Items": 0.0,
        "Tax Rate For Calcs": 0.23,
        "Normalized EBITDA": 156000000.0,
        "Net Income From Continuing Operation Net Minority Interest": 118000000.0,
        "Reconciled Depreciation": 18000000.0,
        "Reconciled Cost Of Revenue": 211000000.0,
        "EBITDA": 156000000.0,
        "EBIT": 138000000.0,
        "Net Interest Income": 15000000.0,
        "Interest Income": 15000000.0,
        "Normalized Income": 118000000.0,
        "Net Income From Continuing And Discontinued Operation": 118000000.0,
        "Total Expenses": 714000000.0,
        "Total Operating Income As Reported": 138000000.0,
        "Diluted Average Shares": 281003000.0,
        "Basic Average Shares": 259660000.0,
        "Diluted EPS": 0.45,
        "Basic EPS": 0.45,
        "Diluted NI Availto Com Stockholders": 118000000.0,
        "Average Dilution Earnings": 2000000.0,
        "Net Income Common Stockholders": 116000000.0,
        "Preferred Stock Dividends": 2000000.0,
        "Net Income": 118000000.0,
        "Net Income Including Noncontrolling Interests": 118000000.0,
        "Net Income Continuous Operations": 118000000.0,
        "Tax Provision": 35000000.0,
        "Pretax Income": 153000000.0,
        "Other Income Expense": NaN,
        "Other Non Operating Income Expenses": NaN,
        "Net Non Operating Interest Income Expense": 15000000.0,
        "Interest Income Non Operating": 15000000.0,
        "Operating Income": 138000000.0,
        "Operating Expense": 503000000.0,
        "Other Operating Expenses": 64000000.0,
        "Research And Development": 149000000.0,
        "Selling General And Administration": 290000000.0,
        "Selling And Marketing Expense": 213000000.0,
        "General And Administrative Expense": 77000000.0,
        "Other Gand A": 77000000.0,
        "Gross Profit": 641000000.0,
        "Cost Of Revenue": 211000000.0,
        "Total Revenue": 852000000.0,
        "Operating Revenue": 852000000.0
    },
    "2024-12-31": {
        "Tax Effect Of Unusual Items": 0.0,
        "Tax Rate For Calcs": 0.108434,
        "Normalized EBITDA": 174000000.0,
        "Net Income From Continuing Operation Net Minority Interest": 148000000.0,
        "Reconciled Depreciation": 19000000.0,
        "Reconciled Cost Of Revenue": 219000000.0,
        "EBITDA": 174000000.0,
        "EBIT": 155000000.0,
        "Net Interest Income": 12000000.0,
        "Interest Income": 12000000.0,
        "Normalized Income": 148000000.0,
        "Net Income From Continuing And Discontinued Operation": 148000000.0,
        "Total Expenses": 728000000.0,
        "Total Operating Income As Reported": 155000000.0,
        "Diluted Average Shares": 282033000.0,
        "Basic Average Shares": 258909000.0,
        "Diluted EPS": 0.53,
        "Basic EPS": 0.56,
        "Diluted NI Availto Com Stockholders": 155000000.0,
        "Average Dilution Earnings": 9000000.0,
        "Net Income Common Stockholders": 146000000.0,
        "Preferred Stock Dividends": 2000000.0,
        "Net Income": 148000000.0,
        "Net Income Including Noncontrolling Interests": 148000000.0,
        "Net Income Continuous Operations": 148000000.0,
        "Tax Provision": 18000000.0,
        "Pretax Income": 166000000.0,
        "Other Income Expense": -1000000.0,
        "Other Non Operating Income Expenses": -1000000.0,
        "Net Non Operating Interest Income Expense": 12000000.0,
        "Interest Income Non Operating": 12000000.0,
        "Operating Income": 155000000.0,
        "Operating Expense": 509000000.0,
        "Other Operating Expenses": 72000000.0,
        "Research And Development": 155000000.0,
        "Selling General And Administration": 282000000.0,
        "Selling And Marketing Expense": 208000000.0,
        "General And Administrative Expense": 74000000.0,
        "Other Gand A": 74000000.0,
        "Gross Profit": 664000000.0,
        "Cost Of Revenue": 219000000.0,
        "Total Revenue": 883000000.0,
        "Operating Revenue": 883000000.0
    },
    "2025-03-31": {
        "Tax Effect Of Unusual Items": 0.0,
        "Tax Rate For Calcs": 0.142,
        "Normalized EBITDA": 132000000.0,
        "Net Income From Continuing Operation Net Minority Interest": 106000000.0,
        "Reconciled Depreciation": 22000000.0,
        "Reconciled Cost Of Revenue": 226000000.0,
        "EBITDA": 132000000.0,
        "EBIT": 110000000.0,
        "Net Interest Income": 14000000.0,
        "Interest Income": 14000000.0,
        "Normalized Income": 106000000.0,
        "Net Income From Continuing And Discontinued Operation": 106000000.0,
        "Total Expenses": 787000000.0,
        "Total Operating Income As Reported": 110000000.0,
        "Diluted Average Shares": 277193000.0,
        "Basic Average Shares": 262432000.0,
        "Diluted EPS": 0.37,
        "Basic EPS": 0.4,
        "Diluted NI Availto Com Stockholders": 104000000.0,
        "Average Dilution Earnings": 0.0,
        "Net Income Common Stockholders": 104000000.0,
        "Preferred Stock Dividends": 2000000.0,
        "Net Income": 106000000.0,
        "Net Income Including Noncontrolling Interests": 106000000.0,
        "Net Income Continuous Operations": 106000000.0,
        "Tax Provision": 18000000.0,
        "Pretax Income": 124000000.0,
        "Other Income Expense": NaN,
        "Other Non Operating Income Expenses": NaN,
        "Net Non Operating Interest Income Expense": 14000000.0,
        "Interest Income Non Operating": 14000000.0,
        "Operating Income": 110000000.0,
        "Operating Expense": 561000000.0,
        "Other Operating Expenses": 75000000.0,
        "Research And Development": 144000000.0,
        "Selling General And Administration": 342000000.0,
        "Selling And Marketing Expense": 216000000.0,
        "General And Administrative Expense": 126000000.0,
        "Other Gand A": 126000000.0,
        "Gross Profit": 671000000.0,
        "Cost Of Revenue": 226000000.0,
        "Total Revenue": 897000000.0,
        "Operating Revenue": 897000000.0
    }
}