{
    "2022-12-31": {
        "Tax Effect Of Unusual Items": NaN,
        "Tax Rate For Calcs": NaN,
        "Normalized EBITDA": NaN,
        "Total Unusual Items": NaN,
        "Total Unusual Items Excluding Goodwill": NaN,
        "Net Income From Continuing Operation Net Minority Interest": NaN,
        "Reconciled Depreciation": 890000.0,
        "Reconciled Cost Of Revenue": NaN,
        "EBITDA": NaN,
        "EBIT": NaN,
        "Net Interest Income": NaN,
        "Interest Income": NaN,
        "Normalized Income": NaN,
        "Net Income From Continuing And Discontinued Operation": NaN,
        "Total Expenses": NaN,
        "Total Operating Income As Reported": NaN,
        "Diluted Average Shares": NaN,
        "Basic Average Shares": NaN,
        "Diluted EPS": NaN,
        "Basic EPS": NaN,
        "Diluted NI Availto Com Stockholders": NaN,
        "Net Income Common Stockholders": NaN,
        "Net Income": NaN,
        "Minority Interests": NaN,
        "Net Income Including Noncontrolling Interests": NaN,
        "Net Income Continuous Operations": NaN,
        "Earnings From Equity Interest Net Of Tax": NaN,
        "Tax Provision": NaN,
        "Pretax Income": NaN,
        "Other Income Expense": NaN,
        "Other Non Operating Income Expenses": NaN,
        "Special Income Charges": -10782000.0,
        "Gain On Sale Of Ppe": NaN,
        "Write Off": 0.0,
        "Gain On Sale Of Security": NaN,
        "Net Non Operating Interest Income Expense": NaN,
        "Total Other Finance Cost": NaN,
        "Interest Income Non Operating": NaN,
        "Operating Income": NaN,
        "Operating Expense": NaN,
        "Research And Development": NaN,
        "Selling General And Administration": NaN,
        "Selling And Marketing Expense": NaN,
        "General And Administrative Expense": NaN,
        "Other Gand A": NaN,
        "Gross Profit": NaN,
        "Cost Of Revenue": NaN,
        "Total Revenue": NaN,
        "Operating Revenue": NaN
    },
    "2022-09-30": {
        "Tax Effect Of Unusual Items": NaN,
        "Tax Rate For Calcs": NaN,
        "Normalized EBITDA": NaN,
        "Total Unusual Items": NaN,
        "Total Unusual Items Excluding Goodwill": NaN,
        "Net Income From Continuing Operation Net Minority Interest": NaN,
        "Reconciled Depreciation": 765000.0,
        "Reconciled Cost Of Revenue": NaN,
        "EBITDA": NaN,
        "EBIT": NaN,
        "Net Interest Income": NaN,
        "Interest Income": NaN,
        "Normalized Income": NaN,
        "Net Income From Continuing And Discontinued Operation": NaN,
        "Total Expenses": NaN,
        "Total Operating Income As Reported": NaN,
        "Diluted Average Shares": 13606130.0,
        "Basic Average Shares": 13606130.0,
        "Diluted EPS": -0.38,
        "Basic EPS": -0.38,
        "Diluted NI Availto Com Stockholders": NaN,
        "Net Income Common Stockholders": NaN,
        "Net Income": NaN,
        "Minority Interests": NaN,
        "Net Income Including Noncontrolling Interests": NaN,
        "Net Income Continuous Operations": NaN,
        "Earnings From Equity Interest Net Of Tax": NaN,
        "Tax Provision": NaN,
        "Pretax Income": NaN,
        "Other Income Expense": NaN,
        "Other Non Operating Income Expenses": NaN,
        "Special Income Charges": 0.0,
        "Write Off": 0.0,
        "Gain On Sale Of Security": NaN,
        "Net Non Operating Interest Income Expense": NaN,
        "Total Other Finance Cost": 13000.0,
        "Interest Income Non Operating": NaN,
        "Operating Income": NaN,
        "Operating Expense": NaN,
        "Research And Development": NaN,
        "Selling General And Administration": NaN,
        "Selling And Marketing Expense": NaN,
        "General And Administrative Expense": NaN,
        "Other Gand A": NaN,
        "Gross Profit": NaN,
        "Cost Of Revenue": NaN,
        "Total Revenue": NaN,
        "Operating Revenue": NaN
    },
    "2022-06-30": {
        "Tax Effect Of Unusual Items": 0.0,
        "Tax Rate For Calcs": 0.0,
        "Normalized EBITDA": -7614000.0,
        "Total Unusual Items": 202000.0,
        "Total Unusual Items Excluding Goodwill": 202000.0,
        "Net Income From Continuing Operation Net Minority Interest": -7680000.0,
        "Reconciled Depreciation": 334000.0,
        "Reconciled Cost Of Revenue": 3550000.0,
        "EBITDA": -7412000.0,
        "EBIT": -7746000.0,
        "Net Interest Income": 40000.0,
        "Interest Income": 40000.0,
        "Normalized Income": -7882000.0,
        "Net Income From Continuing And Discontinued Operation": -7680000.0,
        "Total Expenses": 16319000.0,
        "Total Operating Income As Reported": -7746000.0,
        "Diluted Average Shares": 13606130.0,
        "Basic Average Shares": 13606130.0,
        "Diluted EPS": -0.56,
        "Basic EPS": -0.56,
        "Diluted NI Availto Com Stockholders": -7680000.0,
        "Net Income Common Stockholders": -7680000.0,
        "Net Income": -7680000.0,
        "Minority Interests": -187000.0,
        "Net Income Including Noncontrolling Interests": -7493000.0,
        "Net Income Continuous Operations": -7493000.0,
        "Tax Provision": 0.0,
        "Pretax Income": -7493000.0,
        "Other Income Expense": 213000.0,
        "Other Non Operating Income Expenses": 11000.0,
        "Special Income Charges": 0.0,
        "Write Off": 0.0,
        "Gain On Sale Of Security": 202000.0,
        "Net Non Operating Interest Income Expense": 40000.0,
        "Total Other Finance Cost": NaN,
        "Interest Income Non Operating": 40000.0,
        "Operating Income": -7746000.0,
        "Operating Expense": 12769000.0,
        "Research And Development": 3851000.0,
        "Selling General And Administration": 8918000.0,
        "Selling And Marketing Expense": 3398000.0,
        "General And Administrative Expense": 5520000.0,
        "Other Gand A": 5520000.0,
        "Gross Profit": 5023000.0,
        "Cost Of Revenue": 3550000.0,
        "Total Revenue": 8573000.0,
        "Operating Revenue": 8550000.0
    },
    "2023-03-31": {
        "Tax Effect Of Unusual Items": NaN,
        "Tax Rate For Calcs": NaN,
        "Normalized EBITDA": NaN,
        "Total Unusual Items": NaN,
        "Total Unusual Items Excluding Goodwill": NaN,
        "Net Income From Continuing Operation Net Minority Interest": NaN,
        "Reconciled Cost Of Revenue": NaN,
        "EBITDA": NaN,
        "EBIT": NaN,
        "Net Interest Income": NaN,
        "Interest Income": 202000.0,
        "Normalized Income": NaN,
        "Net Income From Continuing And Discontinued Operation": NaN,
        "Total Expenses": NaN,
        "Total Operating Income As Reported": NaN,
        "Diluted Average Shares": NaN,
        "Basic Average Shares": NaN,
        "Diluted EPS": NaN,
        "Basic EPS": NaN,
        "Diluted NI Availto Com Stockholders": NaN,
        "Net Income Common Stockholders": NaN,
        "Net Income": NaN,
        "Minority Interests": NaN,
        "Net Income Including Noncontrolling Interests": NaN,
        "Net Income Continuous Operations": NaN,
        "Earnings From Equity Interest Net Of Tax": NaN,
        "Tax Provision": NaN,
        "Pretax Income": NaN,
        "Other Income Expense": NaN,
        "Other Non Operating Income Expenses": NaN,
        "Special Income Charges": NaN,
        "Gain On Sale Of Ppe": NaN,
        "Gain On Sale Of Security": NaN,
        "Net Non Operating Interest Income Expense": NaN,
        "Total Other Finance Cost": NaN,
        "Interest Income Non Operating": 202000.0,
        "Operating Income": NaN,
        "Operating Expense": NaN,
        "Research And Development": NaN,
        "Selling General And Administration": NaN,
        "Selling And Marketing Expense": NaN,
        "General And Administrative Expense": NaN,
        "Other Gand A": NaN,
        "Gross Profit": NaN,
        "Cost Of Revenue": NaN,
        "Total Revenue": NaN,
        "Operating Revenue": NaN
    },
    "2022-03-31": {
        "Diluted EPS": -0.6,
        "Total Revenue": 9,
        "Gross Profit": 5,
        "Operating Income": -7,
        "EBIT": -7,
        "Net Income": -9
    },
    "2021-12-31": {
        "Diluted EPS": -0.36,
        "Total Revenue": 9,
        "Gross Profit": 5,
        "Operating Income": -11,
        "EBIT": -11,
        "Net Income": -6
    },
    "2021-09-30": {
        "Diluted EPS": -0.73,
        "Total Revenue": 8,
        "Gross Profit": 5,
        "Operating Income": -7,
        "EBIT": -6,
        "Net Income": -10
    },
    "2021-06-30": {
        "Diluted EPS": -0.5,
        "Total Revenue": 7,
        "Gross Profit": 4,
        "Operating Income": -8,
        "EBIT": -8,
        "Net Income": -7
    },
    "2021-03-31": {
        "Diluted EPS": -1.1,
        "Total Revenue": 6,
        "Gross Profit": 3,
        "Operating Income": -16,
        "EBIT": -15,
        "Net Income": -14
    },
    "2020-12-31": {
        "Diluted EPS": -1.17,
        "Total Revenue": 5,
        "Gross Profit": 3,
        "Operating Income": -16,
        "EBIT": -16,
        "Net Income": -14
    },
    "2020-09-30": {
        "Diluted EPS": -1.4,
        "Total Revenue": 4,
        "Gross Profit": 2,
        "Operating Income": -19,
        "EBIT": -18,
        "Net Income": -17
    },
    "2020-06-30": {
        "Diluted EPS": -0.9,
        "Total Revenue": 3,
        "Gross Profit": 0,
        "Operating Income": -9,
        "EBIT": -8,
        "Net Income": -9
    },
    "2020-03-31": {
        "Diluted EPS": -0.9,
        "Total Revenue": 3,
        "Gross Profit": 0,
        "Operating Income": -9,
        "EBIT": -8,
        "Net Income": -8
    },
    "2019-12-31": {
        "Diluted EPS": -1.3,
        "Total Revenue": 1,
        "Gross Profit": 0,
        "Operating Income": -12,
        "EBIT": -12,
        "Net Income": -12
    },
    "2019-09-30": {
        "Diluted EPS": -1.0,
        "Total Revenue": 3,
        "Gross Profit": 0,
        "Operating Income": -11,
        "EBIT": -10,
        "Net Income": -10
    },
    "2019-06-30": {
        "Diluted EPS": -1.6,
        "Total Revenue": NaN,
        "Gross Profit": NaN,
        "Operating Income": -16,
        "EBIT": -15,
        "Net Income": -15
    },
    "2019-03-31": {
        "Diluted EPS": -0.9,
        "Total Revenue": NaN,
        "Gross Profit": NaN,
        "Operating Income": -8,
        "EBIT": -8,
        "Net Income": -8
    },
    "2018-12-31": {
        "Diluted EPS": -1.0,
        "Total Revenue": NaN,
        "Gross Profit": NaN,
        "Operating Income": -9,
        "EBIT": -9,
        "Net Income": -9
    },
    "2018-09-30": {
        "Diluted EPS": -1.0,
        "Total Revenue": NaN,
        "Gross Profit": NaN,
        "Operating Income": -9,
        "EBIT": -8,
        "Net Income": -9
    },
    "2018-06-30": {
        "Diluted EPS": -0.7,
        "Total Revenue": NaN,
        "Gross Profit": NaN,
        "Operating Income": -6,
        "EBIT": -5,
        "Net Income": -6
    },
    "2018-03-31": {
        "Diluted EPS": -0.5,
        "Total Revenue": NaN,
        "Gross Profit": NaN,
        "Operating Income": -4,
        "EBIT": -3,
        "Net Income": -4
    },
    "2017-12-31": {
        "Diluted EPS": -0.8,
        "Total Revenue": NaN,
        "Gross Profit": NaN,
        "Operating Income": -5,
        "EBIT": -5,
        "Net Income": -5
    },
    "2017-09-30": {
        "Diluted EPS": -0.3,
        "Total Revenue": NaN,
        "Gross Profit": NaN,
        "Operating Income": -2,
        "EBIT": -2,
        "Net Income": -2
    },
    "2017-06-30": {
        "Diluted EPS": -0.4,
        "Total Revenue": NaN,
        "Gross Profit": NaN,
        "Operating Income": -2,
        "EBIT": -2,
        "Net Income": -2
    },
    "2017-03-31": {
        "Diluted EPS": -0.3,
        "Total Revenue": NaN,
        "Gross Profit": NaN,
        "Operating Income": -2,
        "EBIT": -2,
        "Net Income": -2
    },
    "2016-12-31": {
        "Diluted EPS": -0.2,
        "Total Revenue": NaN,
        "Gross Profit": NaN,
        "Operating Income": -3,
        "EBIT": -3,
        "Net Income": -3
    },
    "2016-09-30": {
        "Diluted EPS": -0.3,
        "Total Revenue": NaN,
        "Gross Profit": NaN,
        "Operating Income": -2,
        "EBIT": -2,
        "Net Income": -2
    },
    "2016-06-30": {
        "Diluted EPS": -0.8,
        "Total Revenue": NaN,
        "Gross Profit": NaN,
        "Operating Income": -3,
        "EBIT": -3,
        "Net Income": -3
    },
    "2016-03-31": {
        "Diluted EPS": -0.4,
        "Total Revenue": NaN,
        "Gross Profit": NaN,
        "Operating Income": -2,
        "EBIT": -2,
        "Net Income": -2
    },
    "2015-12-31": {
        "Diluted EPS": -0.5,
        "Total Revenue": 0,
        "Gross Profit": 0,
        "Operating Income": -2,
        "EBIT": -2,
        "Net Income": -2
    },
    "2015-09-30": {
        "Diluted EPS": -0.5,
        "Total Revenue": NaN,
        "Gross Profit": NaN,
        "Operating Income": -2,
        "EBIT": -2,
        "Net Income": -2
    },
    "2015-06-30": {
        "Diluted EPS": -0.6,
        "Total Revenue": 0,
        "Gross Profit": 0,
        "Operating Income": -2,
        "EBIT": -2,
        "Net Income": -2
    },
    "2015-03-31": {
        "Diluted EPS": -0.6,
        "Total Revenue": 0,
        "Gross Profit": 0,
        "Operating Income": -2,
        "EBIT": -2,
        "Net Income": -2
    },
    "2014-12-31": {
        "Diluted EPS": -0.4,
        "Total Revenue": NaN,
        "Gross Profit": NaN,
        "Operating Income": -2,
        "EBIT": -2,
        "Net Income": -2
    },
    "2014-09-30": {
        "Diluted EPS": -7.7,
        "Total Revenue": NaN,
        "Gross Profit": NaN,
        "Operating Income": -22,
        "EBIT": -22,
        "Net Income": -22
    },
    "2014-06-30": {
        "Diluted EPS": -0.6,
        "Total Revenue": NaN,
        "Gross Profit": NaN,
        "Operating Income": -2,
        "EBIT": -2,
        "Net Income": -2
    },
    "2014-03-31": {
        "Diluted EPS": -0.5,
        "Total Revenue": NaN,
        "Gross Profit": NaN,
        "Operating Income": -1,
        "EBIT": -1,
        "Net Income": -1
    },
    "2013-12-31": {
        "Diluted EPS": -0.5,
        "Total Revenue": NaN,
        "Gross Profit": NaN,
        "Operating Income": -1,
        "EBIT": -1,
        "Net Income": -1
    },
    "2013-09-30": {
        "Diluted EPS": -0.5,
        "Total Revenue": NaN,
        "Gross Profit": NaN,
        "Operating Income": -1,
        "EBIT": -1,
        "Net Income": -1
    },
    "2013-06-30": {
        "Diluted EPS": -0.7,
        "Total Revenue": NaN,
        "Gross Profit": NaN,
        "Operating Income": -2,
        "EBIT": -2,
        "Net Income": -2
    },
    "2013-03-31": {
        "Diluted EPS": -0.5,
        "Total Revenue": NaN,
        "Gross Profit": NaN,
        "Operating Income": -1,
        "EBIT": -1,
        "Net Income": -1
    },
    "2012-12-31": {
        "Diluted EPS": 0.6,
        "Total Revenue": NaN,
        "Gross Profit": NaN,
        "Operating Income": -1,
        "EBIT": -1,
        "Net Income": 0
    },
    "2012-09-30": {
        "Diluted EPS": -0.5,
        "Total Revenue": NaN,
        "Gross Profit": NaN,
        "Operating Income": -1,
        "EBIT": -1,
        "Net Income": -1
    },
    "2012-06-30": {
        "Diluted EPS": -5.6,
        "Total Revenue": NaN,
        "Gross Profit": NaN,
        "Operating Income": -1,
        "EBIT": -1,
        "Net Income": -11
    },
    "2012-03-31": {
        "Diluted EPS": -2.3,
        "Total Revenue": NaN,
        "Gross Profit": NaN,
        "Operating Income": -2,
        "EBIT": -2,
        "Net Income": -3
    },
    "2011-12-31": {
        "Diluted EPS": 0.8,
        "Total Revenue": 2,
        "Gross Profit": 2,
        "Operating Income": 1,
        "EBIT": 1,
        "Net Income": 1
    },
    "2011-09-30": {
        "Diluted EPS": -1.3,
        "Total Revenue": NaN,
        "Gross Profit": NaN,
        "Operating Income": -1,
        "EBIT": -1,
        "Net Income": -2
    },
    "2011-06-30": {
        "Diluted EPS": -1.7,
        "Total Revenue": 0,
        "Gross Profit": 0,
        "Operating Income": -2,
        "EBIT": -2,
        "Net Income": -2
    },
    "2011-03-31": {
        "Diluted EPS": -2.5,
        "Total Revenue": NaN,
        "Gross Profit": NaN,
        "Operating Income": -3,
        "EBIT": -3,
        "Net Income": -3
    },
    "2010-12-31": {
        "Diluted EPS": 1.5,
        "Total Revenue": 4,
        "Gross Profit": 4,
        "Operating Income": 1,
        "EBIT": 1,
        "Net Income": 1
    },
    "2010-09-30": {
        "Diluted EPS": -2.4,
        "Total Revenue": NaN,
        "Gross Profit": NaN,
        "Operating Income": -2,
        "EBIT": -2,
        "Net Income": -2
    },
    "2010-06-30": {
        "Diluted EPS": -5.7,
        "Total Revenue": 0,
        "Gross Profit": 0,
        "Operating Income": -5,
        "EBIT": -5,
        "Net Income": -5
    },
    "2010-03-31": {
        "Diluted EPS": -2.8,
        "Total Revenue": NaN,
        "Gross Profit": NaN,
        "Operating Income": -2,
        "EBIT": -2,
        "Net Income": -2
    },
    "2009-12-31": {
        "Diluted EPS": -2.4,
        "Total Revenue": 2,
        "Gross Profit": 2,
        "Operating Income": -1,
        "EBIT": -1,
        "Net Income": -2
    },
    "2009-09-30": {
        "Diluted EPS": -0.2,
        "Total Revenue": 4,
        "Gross Profit": 4,
        "Operating Income": 0,
        "EBIT": 0,
        "Net Income": 0
    },
    "2009-06-30": {
        "Diluted EPS": -4.6,
        "Total Revenue": NaN,
        "Gross Profit": NaN,
        "Operating Income": -3,
        "EBIT": -3,
        "Net Income": -3
    },
    "2009-03-31": {
        "Diluted EPS": -4.4,
        "Total Revenue": NaN,
        "Gross Profit": NaN,
        "Operating Income": -3,
        "EBIT": -3,
        "Net Income": -4
    },
    "2023-09-30": {
        "Tax Effect Of Unusual Items": NaN,
        "Tax Rate For Calcs": NaN,
        "Normalized EBITDA": NaN,
        "Total Unusual Items": NaN,
        "Total Unusual Items Excluding Goodwill": NaN,
        "Net Income From Continuing Operation Net Minority Interest": NaN,
        "Reconciled Cost Of Revenue": NaN,
        "EBITDA": NaN,
        "EBIT": NaN,
        "Net Interest Income": NaN,
        "Interest Expense": NaN,
        "Interest Income": NaN,
        "Normalized Income": NaN,
        "Net Income From Continuing And Discontinued Operation": NaN,
        "Total Expenses": NaN,
        "Total Operating Income As Reported": NaN,
        "Diluted Average Shares": 13378175.0,
        "Basic Average Shares": 13378175.0,
        "Diluted EPS": -0.35,
        "Basic EPS": -0.35,
        "Diluted NI Availto Com Stockholders": NaN,
        "Net Income Common Stockholders": NaN,
        "Net Income": NaN,
        "Minority Interests": NaN,
        "Net Income Including Noncontrolling Interests": NaN,
        "Net Income Continuous Operations": NaN,
        "Earnings From Equity Interest Net Of Tax": NaN,
        "Tax Provision": NaN,
        "Pretax Income": NaN,
        "Other Income Expense": NaN,
        "Other Non Operating Income Expenses": NaN,
        "Special Income Charges": 0.0,
        "Gain On Sale Of Ppe": 0.0,
        "Gain On Sale Of Security": NaN,
        "Net Non Operating Interest Income Expense": NaN,
        "Total Other Finance Cost": -161000.0,
        "Interest Expense Non Operating": NaN,
        "Interest Income Non Operating": NaN,
        "Operating Income": NaN,
        "Operating Expense": NaN,
        "Other Operating Expenses": NaN,
        "Research And Development": NaN,
        "Selling General And Administration": NaN,
        "Selling And Marketing Expense": NaN,
        "General And Administrative Expense": NaN,
        "Other Gand A": NaN,
        "Gross Profit": NaN,
        "Cost Of Revenue": NaN,
        "Total Revenue": NaN,
        "Operating Revenue": NaN
    },
    "2023-06-30": {
        "Tax Effect Of Unusual Items": NaN,
        "Tax Rate For Calcs": NaN,
        "Normalized EBITDA": NaN,
        "Total Unusual Items": NaN,
        "Total Unusual Items Excluding Goodwill": NaN,
        "Net Income From Continuing Operation Net Minority Interest": NaN,
        "Reconciled Cost Of Revenue": NaN,
        "EBITDA": NaN,
        "EBIT": NaN,
        "Net Interest Income": NaN,
        "Interest Income": 139000.0,
        "Normalized Income": NaN,
        "Net Income From Continuing And Discontinued Operation": NaN,
        "Total Expenses": NaN,
        "Total Operating Income As Reported": NaN,
        "Diluted Average Shares": 13344548.0,
        "Basic Average Shares": 13344548.0,
        "Diluted EPS": -0.77,
        "Basic EPS": -0.77,
        "Diluted NI Availto Com Stockholders": NaN,
        "Net Income Common Stockholders": NaN,
        "Net Income": NaN,
        "Minority Interests": NaN,
        "Net Income Including Noncontrolling Interests": NaN,
        "Net Income Continuous Operations": NaN,
        "Earnings From Equity Interest Net Of Tax": NaN,
        "Tax Provision": NaN,
        "Pretax Income": NaN,
        "Other Income Expense": NaN,
        "Other Non Operating Income Expenses": NaN,
        "Special Income Charges": 0.0,
        "Gain On Sale Of Ppe": 0.0,
        "Gain On Sale Of Security": NaN,
        "Net Non Operating Interest Income Expense": NaN,
        "Total Other Finance Cost": -139000.0,
        "Interest Income Non Operating": 139000.0,
        "Operating Income": NaN,
        "Operating Expense": NaN,
        "Research And Development": NaN,
        "Selling General And Administration": NaN,
        "Selling And Marketing Expense": NaN,
        "General And Administrative Expense": NaN,
        "Other Gand A": NaN,
        "Gross Profit": NaN,
        "Cost Of Revenue": NaN,
        "Total Revenue": NaN,
        "Operating Revenue": NaN
    },
    "2023-12-31": {
        "Tax Effect Of Unusual Items": NaN,
        "Tax Rate For Calcs": NaN,
        "Normalized EBITDA": NaN,
        "Total Unusual Items": NaN,
        "Total Unusual Items Excluding Goodwill": NaN,
        "Net Income From Continuing Operation Net Minority Interest": NaN,
        "Reconciled Cost Of Revenue": NaN,
        "EBITDA": NaN,
        "EBIT": NaN,
        "Net Interest Income": NaN,
        "Interest Expense": NaN,
        "Interest Income": NaN,
        "Normalized Income": NaN,
        "Net Income From Continuing And Discontinued Operation": NaN,
        "Total Expenses": NaN,
        "Total Operating Income As Reported": NaN,
        "Diluted Average Shares": NaN,
        "Basic Average Shares": NaN,
        "Diluted EPS": NaN,
        "Basic EPS": NaN,
        "Diluted NI Availto Com Stockholders": NaN,
        "Net Income Common Stockholders": NaN,
        "Net Income": NaN,
        "Minority Interests": -163000.0,
        "Net Income Including Noncontrolling Interests": NaN,
        "Net Income Continuous Operations": NaN,
        "Earnings From Equity Interest Net Of Tax": NaN,
        "Tax Provision": NaN,
        "Pretax Income": NaN,
        "Other Income Expense": NaN,
        "Other Non Operating Income Expenses": NaN,
        "Special Income Charges": NaN,
        "Gain On Sale Of Ppe": NaN,
        "Gain On Sale Of Security": NaN,
        "Net Non Operating Interest Income Expense": NaN,
        "Total Other Finance Cost": NaN,
        "Interest Expense Non Operating": NaN,
        "Interest Income Non Operating": NaN,
        "Operating Income": NaN,
        "Operating Expense": NaN,
        "Other Operating Expenses": NaN,
        "Research And Development": NaN,
        "Selling General And Administration": NaN,
        "Selling And Marketing Expense": NaN,
        "General And Administrative Expense": NaN,
        "Other Gand A": NaN,
        "Gross Profit": NaN,
        "Cost Of Revenue": NaN,
        "Total Revenue": NaN,
        "Operating Revenue": NaN
    },
    "2024-03-31": {
        "Tax Effect Of Unusual Items": 0.0,
        "Tax Rate For Calcs": 0.0,
        "Normalized EBITDA": -8930000.0,
        "Total Unusual Items": -406000.0,
        "Total Unusual Items Excluding Goodwill": -406000.0,
        "Net Income From Continuing Operation Net Minority Interest": -9528000.0,
        "Reconciled Cost Of Revenue": 1603000.0,
        "EBITDA": -9336000.0,
        "EBIT": -9336000.0,
        "Net Interest Income": -61000.0,
        "Interest Expense": 192000.0,
        "Interest Income": 131000.0,
        "Normalized Income": -9122000.0,
        "Net Income From Continuing And Discontinued Operation": -9528000.0,
        "Total Expenses": 12628000.0,
        "Total Operating Income As Reported": -9454000.0,
        "Diluted Average Shares": 13382061.0,
        "Basic Average Shares": 13382061.0,
        "Diluted EPS": -0.71,
        "Basic EPS": -0.71,
        "Diluted NI Availto Com Stockholders": -9528000.0,
        "Net Income Common Stockholders": -9528000.0,
        "Net Income": -9528000.0,
        "Minority Interests": 0.0,
        "Net Income Including Noncontrolling Interests": -9528000.0,
        "Net Income Continuous Operations": -9528000.0,
        "Earnings From Equity Interest Net Of Tax": 0.0,
        "Tax Provision": 0.0,
        "Pretax Income": -9528000.0,
        "Other Income Expense": -248000.0,
        "Other Non Operating Income Expenses": 158000.0,
        "Special Income Charges": NaN,
        "Gain On Sale Of Ppe": NaN,
        "Gain On Sale Of Security": -406000.0,
        "Net Non Operating Interest Income Expense": -61000.0,
        "Total Other Finance Cost": 61000.0,
        "Interest Expense Non Operating": 192000.0,
        "Interest Income Non Operating": 131000.0,
        "Operating Income": -9219000.0,
        "Operating Expense": 11025000.0,
        "Other Operating Expenses": NaN,
        "Research And Development": 2476000.0,
        "Selling General And Administration": 8549000.0,
        "Selling And Marketing Expense": 3736000.0,
        "General And Administrative Expense": 4813000.0,
        "Other Gand A": 4813000.0,
        "Gross Profit": 1806000.0,
        "Cost Of Revenue": 1603000.0,
        "Total Revenue": 3409000.0,
        "Operating Revenue": 3409000.0
    },
    "2024-06-30": {
        "Tax Effect Of Unusual Items": 0.0,
        "Tax Rate For Calcs": 0.0,
        "Normalized EBITDA": -12180000.0,
        "Total Unusual Items": 2626000.0,
        "Total Unusual Items Excluding Goodwill": 2626000.0,
        "Net Income From Continuing Operation Net Minority Interest": -6965000.0,
        "Reconciled Cost Of Revenue": 1912000.0,
        "EBITDA": -9554000.0,
        "EBIT": -9554000.0,
        "Net Interest Income": -55000.0,
        "Interest Expense": NaN,
        "Interest Income": NaN,
        "Normalized Income": -9591000.0,
        "Net Income From Continuing And Discontinued Operation": -6965000.0,
        "Total Expenses": 13533000.0,
        "Total Operating Income As Reported": -8789000.0,
        "Diluted Average Shares": 13519328.0,
        "Basic Average Shares": 13519328.0,
        "Diluted EPS": -0.52,
        "Basic EPS": -0.52,
        "Diluted NI Availto Com Stockholders": -6965000.0,
        "Net Income Common Stockholders": -6965000.0,
        "Net Income": -6965000.0,
        "Minority Interests": 0.0,
        "Net Income Including Noncontrolling Interests": -6965000.0,
        "Net Income Continuous Operations": -6965000.0,
        "Earnings From Equity Interest Net Of Tax": 0.0,
        "Tax Provision": 0.0,
        "Pretax Income": -6965000.0,
        "Other Income Expense": 2644000.0,
        "Other Non Operating Income Expenses": 18000.0,
        "Special Income Charges": 500000.0,
        "Gain On Sale Of Ppe": 500000.0,
        "Gain On Sale Of Security": 2126000.0,
        "Net Non Operating Interest Income Expense": -55000.0,
        "Total Other Finance Cost": 55000.0,
        "Interest Expense Non Operating": NaN,
        "Interest Income Non Operating": NaN,
        "Operating Income": -9554000.0,
        "Operating Expense": 11621000.0,
        "Other Operating Expenses": NaN,
        "Research And Development": 1254000.0,
        "Selling General And Administration": 10367000.0,
        "Selling And Marketing Expense": 4425000.0,
        "General And Administrative Expense": 5942000.0,
        "Other Gand A": 5942000.0,
        "Gross Profit": 2067000.0,
        "Cost Of Revenue": 1912000.0,
        "Total Revenue": 3979000.0,
        "Operating Revenue": 3979000.0
    },
    "2024-09-30": {
        "Tax Effect Of Unusual Items": 0.0,
        "Tax Rate For Calcs": 0.0,
        "Normalized EBITDA": -8957000.0,
        "Total Unusual Items": 872000.0,
        "Total Unusual Items Excluding Goodwill": 872000.0,
        "Net Income From Continuing Operation Net Minority Interest": -8395000.0,
        "Reconciled Cost Of Revenue": 3748000.0,
        "EBITDA": -8085000.0,
        "EBIT": -8085000.0,
        "Net Interest Income": -61000.0,
        "Interest Expense": NaN,
        "Interest Income": NaN,
        "Normalized Income": -9267000.0,
        "Net Income From Continuing And Discontinued Operation": -8395000.0,
        "Total Expenses": 15878000.0,
        "Total Operating Income As Reported": -8464000.0,
        "Diluted Average Shares": 15294393.0,
        "Basic Average Shares": 15294393.0,
        "Diluted EPS": -0.55,
        "Basic EPS": -0.55,
        "Diluted NI Availto Com Stockholders": -8395000.0,
        "Net Income Common Stockholders": -8395000.0,
        "Net Income": -8395000.0,
        "Minority Interests": 0.0,
        "Net Income Including Noncontrolling Interests": -8395000.0,
        "Net Income Continuous Operations": -8395000.0,
        "Earnings From Equity Interest Net Of Tax": -1116000.0,
        "Tax Provision": 0.0,
        "Pretax Income": -7279000.0,
        "Other Income Expense": 867000.0,
        "Other Non Operating Income Expenses": -5000.0,
        "Special Income Charges": 0.0,
        "Gain On Sale Of Ppe": 0.0,
        "Gain On Sale Of Security": 872000.0,
        "Net Non Operating Interest Income Expense": -61000.0,
        "Total Other Finance Cost": 61000.0,
        "Interest Expense Non Operating": NaN,
        "Interest Income Non Operating": NaN,
        "Operating Income": -8085000.0,
        "Operating Expense": 12130000.0,
        "Other Operating Expenses": NaN,
        "Research And Development": 1521000.0,
        "Selling General And Administration": 10609000.0,
        "Selling And Marketing Expense": 4908000.0,
        "General And Administrative Expense": 5701000.0,
        "Other Gand A": 5701000.0,
        "Gross Profit": 4045000.0,
        "Cost Of Revenue": 3748000.0,
        "Total Revenue": 7793000.0,
        "Operating Revenue": 7793000.0
    },
    "2024-12-31": {
        "Tax Effect Of Unusual Items": 0.0,
        "Tax Rate For Calcs": 0.0,
        "Normalized EBITDA": -8535000.0,
        "Total Unusual Items": -1805000.0,
        "Total Unusual Items Excluding Goodwill": -1805000.0,
        "Net Income From Continuing Operation Net Minority Interest": -14370000.0,
        "Reconciled Cost Of Revenue": 10128000.0,
        "EBITDA": -10340000.0,
        "EBIT": -10340000.0,
        "Net Interest Income": -155000.0,
        "Interest Expense": NaN,
        "Interest Income": NaN,
        "Normalized Income": -12565000.0,
        "Net Income From Continuing And Discontinued Operation": -14370000.0,
        "Total Expenses": 25710000.0,
        "Total Operating Income As Reported": -12914000.0,
        "Diluted Average Shares": NaN,
        "Basic Average Shares": NaN,
        "Diluted EPS": NaN,
        "Basic EPS": NaN,
        "Diluted NI Availto Com Stockholders": -14370000.0,
        "Net Income Common Stockholders": -14370000.0,
        "Net Income": -14370000.0,
        "Minority Interests": 0.0,
        "Net Income Including Noncontrolling Interests": -14370000.0,
        "Net Income Continuous Operations": -14370000.0,
        "Earnings From Equity Interest Net Of Tax": -73000.0,
        "Tax Provision": 0.0,
        "Pretax Income": -14297000.0,
        "Other Income Expense": -1788000.0,
        "Other Non Operating Income Expenses": 17000.0,
        "Special Income Charges": -717000.0,
        "Gain On Sale Of Ppe": -21000.0,
        "Gain On Sale Of Security": -1088000.0,
        "Net Non Operating Interest Income Expense": -155000.0,
        "Total Other Finance Cost": NaN,
        "Interest Expense Non Operating": NaN,
        "Interest Income Non Operating": NaN,
        "Operating Income": -12354000.0,
        "Operating Expense": 15582000.0,
        "Other Operating Expenses": NaN,
        "Research And Development": 3666000.0,
        "Selling General And Administration": 11918000.0,
        "Selling And Marketing Expense": 4797000.0,
        "General And Administrative Expense": 7121000.0,
        "Other Gand A": 7121000.0,
        "Gross Profit": 3228000.0,
        "Cost Of Revenue": 10128000.0,
        "Total Revenue": 13356000.0,
        "Operating Revenue": 13356000.0
    },
    "2025-03-31": {
        "Tax Effect Of Unusual Items": 0.0,
        "Tax Rate For Calcs": 0.0,
        "Normalized EBITDA": -10138000.0,
        "Total Unusual Items": -415000.0,
        "Total Unusual Items Excluding Goodwill": -415000.0,
        "Net Income From Continuing Operation Net Minority Interest": -10750000.0,
        "Reconciled Cost Of Revenue": 2621000.0,
        "EBITDA": -10553000.0,
        "EBIT": -10553000.0,
        "Net Interest Income": -120000.0,
        "Interest Expense": 197000.0,
        "Interest Income": 77000.0,
        "Normalized Income": -10335000.0,
        "Net Income From Continuing And Discontinued Operation": -10750000.0,
        "Total Expenses": 16473000.0,
        "Total Operating Income As Reported": -10379000.0,
        "Diluted Average Shares": 15492665.0,
        "Basic Average Shares": 15492665.0,
        "Diluted EPS": -0.69,
        "Basic EPS": -0.69,
        "Diluted NI Availto Com Stockholders": -10750000.0,
        "Net Income Common Stockholders": -10750000.0,
        "Net Income": -10750000.0,
        "Minority Interests": NaN,
        "Net Income Including Noncontrolling Interests": -10750000.0,
        "Net Income Continuous Operations": -10750000.0,
        "Earnings From Equity Interest Net Of Tax": 0.0,
        "Tax Provision": 0.0,
        "Pretax Income": -10750000.0,
        "Other Income Expense": -397000.0,
        "Other Non Operating Income Expenses": 18000.0,
        "Special Income Charges": NaN,
        "Gain On Sale Of Ppe": NaN,
        "Gain On Sale Of Security": -415000.0,
        "Net Non Operating Interest Income Expense": -120000.0,
        "Total Other Finance Cost": NaN,
        "Interest Expense Non Operating": 197000.0,
        "Interest Income Non Operating": 77000.0,
        "Operating Income": -10233000.0,
        "Operating Expense": 13852000.0,
        "Other Operating Expenses": -5000.0,
        "Research And Development": 1936000.0,
        "Selling General And Administration": 11921000.0,
        "Selling And Marketing Expense": 4223000.0,
        "General And Administrative Expense": 7698000.0,
        "Other Gand A": 7698000.0,
        "Gross Profit": 3619000.0,
        "Cost Of Revenue": 2621000.0,
        "Total Revenue": 6240000.0,
        "Operating Revenue": 6240000.0
    }
}