{
    "2023-03-31": {
        "Tax Effect Of Unusual Items": -22327000.0,
        "Tax Rate For Calcs": 0.269,
        "Normalized EBITDA": 3378000000.0,
        "Total Unusual Items": -83000000.0,
        "Total Unusual Items Excluding Goodwill": -83000000.0,
        "Net Income From Continuing Operation Net Minority Interest": 1943000000.0,
        "Reconciled Depreciation": 532000000.0,
        "Reconciled Cost Of Revenue": 10320000000.0,
        "EBITDA": 3295000000.0,
        "EBIT": 2763000000.0,
        "Net Interest Income": -36000000.0,
        "Interest Expense": 129000000.0,
        "Interest Income": 93000000.0,
        "Normalized Income": 2003673000.0,
        "Net Income From Continuing And Discontinued Operation": 1943000000.0,
        "Total Expenses": 13131000000.0,
        "Total Operating Income As Reported": 2731000000.0,
        "Diluted Average Shares": 519400000.0,
        "Basic Average Shares": 516200000.0,
        "Diluted EPS": 3.74,
        "Basic EPS": 3.76,
        "Diluted NI Availto Com Stockholders": 1943000000.0,
        "Net Income Common Stockholders": 1943000000.0,
        "Net Income": 1943000000.0,
        "Minority Interests": 1000000.0,
        "Net Income Including Noncontrolling Interests": 1942000000.0,
        "Net Income Continuous Operations": 1942000000.0,
        "Earnings From Equity Interest Net Of Tax": 16000000.0,
        "Tax Provision": 708000000.0,
        "Pretax Income": 2634000000.0,
        "Other Income Expense": -61000000.0,
        "Other Non Operating Income Expenses": 22000000.0,
        "Gain On Sale Of Security": -83000000.0,
        "Net Non Operating Interest Income Expense": -36000000.0,
        "Interest Expense Non Operating": 129000000.0,
        "Interest Income Non Operating": 93000000.0,
        "Operating Income": 2731000000.0,
        "Operating Expense": 2811000000.0,
        "Other Operating Expenses": 876000000.0,
        "Research And Development": 472000000.0,
        "Selling General And Administration": 1463000000.0,
        "Gross Profit": 5542000000.0,
        "Cost Of Revenue": 10320000000.0,
        "Total Revenue": 15862000000.0,
        "Operating Revenue": 15862000000.0
    },
    "2022-12-31": {
        "Tax Effect Of Unusual Items": -375232015.245355,
        "Tax Rate For Calcs": 0.306813,
        "Normalized EBITDA": 3997000000.0,
        "Total Unusual Items": -1223000000.0,
        "Total Unusual Items Excluding Goodwill": -1223000000.0,
        "Net Income From Continuing Operation Net Minority Interest": 1454000000.0,
        "Reconciled Depreciation": 558000000.0,
        "Reconciled Cost Of Revenue": 11802000000.0,
        "EBITDA": 2774000000.0,
        "EBIT": 2216000000.0,
        "Net Interest Income": -48000000.0,
        "Interest Expense": 117000000.0,
        "Interest Income": 69000000.0,
        "Normalized Income": 2301767984.754645,
        "Net Income From Continuing And Discontinued Operation": 1454000000.0,
        "Total Expenses": 13992000000.0,
        "Total Operating Income As Reported": 1680000000.0,
        "Diluted Average Shares": 520900000.0,
        "Basic Average Shares": 517400000.0,
        "Diluted EPS": 2.79,
        "Basic EPS": 2.81,
        "Diluted NI Availto Com Stockholders": 1454000000.0,
        "Net Income Common Stockholders": 1454000000.0,
        "Net Income": 1454000000.0,
        "Minority Interests": 0.0,
        "Net Income Including Noncontrolling Interests": 1454000000.0,
        "Net Income Continuous Operations": 1454000000.0,
        "Earnings From Equity Interest Net Of Tax": -1000000.0,
        "Tax Provision": 644000000.0,
        "Pretax Income": 2099000000.0,
        "Other Income Expense": -458000000.0,
        "Other Non Operating Income Expenses": 765000000.0,
        "Gain On Sale Of Security": -298000000.0,
        "Net Non Operating Interest Income Expense": -48000000.0,
        "Interest Expense Non Operating": 117000000.0,
        "Interest Income Non Operating": 69000000.0,
        "Operating Income": 2605000000.0,
        "Operating Expense": 2190000000.0,
        "Other Operating Expenses": 310000000.0,
        "Research And Development": 401000000.0,
        "Selling General And Administration": 1479000000.0,
        "Gross Profit": 4795000000.0,
        "Cost Of Revenue": 11802000000.0,
        "Total Revenue": 16597000000.0,
        "Operating Revenue": 16597000000.0
    },
    "2022-09-30": {
        "Tax Effect Of Unusual Items": 0.0,
        "Tax Rate For Calcs": 0.206,
        "Normalized EBITDA": 3218000000.0,
        "Total Unusual Items": 186000000.0,
        "Total Unusual Items Excluding Goodwill": 186000000.0,
        "Net Income From Continuing Operation Net Minority Interest": 2041000000.0,
        "Reconciled Depreciation": 551000000.0,
        "Reconciled Cost Of Revenue": 10353000000.0,
        "EBITDA": 3218000000.0,
        "EBIT": 2667000000.0,
        "Net Interest Income": -109000000.0,
        "Interest Expense": 109000000.0,
        "Interest Income": 52000000.0,
        "Normalized Income": 2041000000.0,
        "Net Income From Continuing And Discontinued Operation": 2041000000.0,
        "Total Expenses": 12569000000.0,
        "Total Operating Income As Reported": 2425000000.0,
        "Diluted Average Shares": 527600000.0,
        "Basic Average Shares": 525000000.0,
        "Diluted EPS": 3.87,
        "Basic EPS": 3.89,
        "Diluted NI Availto Com Stockholders": 2041000000.0,
        "Net Income Common Stockholders": 2041000000.0,
        "Net Income": 2041000000.0,
        "Minority Interests": 1000000.0,
        "Net Income Including Noncontrolling Interests": 2040000000.0,
        "Net Income Continuous Operations": 2040000000.0,
        "Earnings From Equity Interest Net Of Tax": 9000000.0,
        "Tax Provision": 527000000.0,
        "Pretax Income": 2558000000.0,
        "Other Income Expense": 242000000.0,
        "Other Non Operating Income Expenses": 242000000.0,
        "Special Income Charges": NaN,
        "Impairment Of Capital Assets": NaN,
        "Gain On Sale Of Security": 186000000.0,
        "Net Non Operating Interest Income Expense": -109000000.0,
        "Interest Expense Non Operating": 109000000.0,
        "Interest Income Non Operating": 52000000.0,
        "Operating Income": 2425000000.0,
        "Operating Expense": 2216000000.0,
        "Other Operating Expenses": 339000000.0,
        "Research And Development": 476000000.0,
        "Selling General And Administration": 1401000000.0,
        "Gross Profit": 4641000000.0,
        "Cost Of Revenue": 10353000000.0,
        "Total Revenue": 14994000000.0,
        "Operating Revenue": 14994000000.0
    },
    "2022-06-30": {
        "Tax Effect Of Unusual Items": 0.0,
        "Tax Rate For Calcs": 0.204,
        "Normalized EBITDA": 2757000000.0,
        "Total Unusual Items": 202000000.0,
        "Total Unusual Items Excluding Goodwill": 202000000.0,
        "Net Income From Continuing Operation Net Minority Interest": 1673000000.0,
        "Reconciled Depreciation": 553000000.0,
        "Reconciled Cost Of Revenue": 10095000000.0,
        "EBITDA": 2757000000.0,
        "EBIT": 2204000000.0,
        "Net Interest Income": -108000000.0,
        "Interest Expense": 108000000.0,
        "Normalized Income": 1673000000.0,
        "Net Income From Continuing And Discontinued Operation": 1673000000.0,
        "Total Expenses": 12303000000.0,
        "Total Operating Income As Reported": 1944000000.0,
        "Diluted Average Shares": 534100000.0,
        "Basic Average Shares": 531000000.0,
        "Diluted EPS": 3.13,
        "Basic EPS": 3.15,
        "Diluted NI Availto Com Stockholders": 1673000000.0,
        "Net Income Common Stockholders": 1673000000.0,
        "Net Income": 1673000000.0,
        "Minority Interests": 0.0,
        "Net Income Including Noncontrolling Interests": 1673000000.0,
        "Net Income Continuous Operations": 1673000000.0,
        "Earnings From Equity Interest Net Of Tax": 4000000.0,
        "Tax Provision": 427000000.0,
        "Pretax Income": 2096000000.0,
        "Other Income Expense": 260000000.0,
        "Other Non Operating Income Expenses": 260000000.0,
        "Special Income Charges": NaN,
        "Impairment Of Capital Assets": NaN,
        "Gain On Sale Of Security": 202000000.0,
        "Net Non Operating Interest Income Expense": -108000000.0,
        "Interest Expense Non Operating": 108000000.0,
        "Operating Income": 1944000000.0,
        "Operating Expense": 2208000000.0,
        "Other Operating Expenses": 303000000.0,
        "Research And Development": 480000000.0,
        "Selling General And Administration": 1425000000.0,
        "Gross Profit": 4152000000.0,
        "Cost Of Revenue": 10095000000.0,
        "Total Revenue": 14247000000.0,
        "Operating Revenue": 14247000000.0
    },
    "2023-06-30": {
        "Tax Effect Of Unusual Items": 6180000.0,
        "Tax Rate For Calcs": 0.206,
        "Normalized EBITDA": 4291000000.0,
        "Total Unusual Items": 30000000.0,
        "Total Unusual Items Excluding Goodwill": 30000000.0,
        "Net Income From Continuing Operation Net Minority Interest": 2922000000.0,
        "Reconciled Depreciation": 542000000.0,
        "Reconciled Cost Of Revenue": 11310000000.0,
        "EBITDA": 4321000000.0,
        "EBIT": 3779000000.0,
        "Net Interest Income": -31000000.0,
        "Interest Expense": 127000000.0,
        "Interest Income": 96000000.0,
        "Normalized Income": 2898180000.0,
        "Net Income From Continuing And Discontinued Operation": 2922000000.0,
        "Total Expenses": 13666000000.0,
        "Total Operating Income As Reported": 3652000000.0,
        "Diluted Average Shares": 515000000.0,
        "Basic Average Shares": 512900000.0,
        "Diluted EPS": 5.67,
        "Basic EPS": 5.7,
        "Diluted NI Availto Com Stockholders": 2922000000.0,
        "Net Income Common Stockholders": 2922000000.0,
        "Net Income": 2922000000.0,
        "Minority Interests": -2000000.0,
        "Net Income Including Noncontrolling Interests": 2924000000.0,
        "Net Income Continuous Operations": 2924000000.0,
        "Earnings From Equity Interest Net Of Tax": 24000000.0,
        "Tax Provision": 752000000.0,
        "Pretax Income": 3652000000.0,
        "Other Income Expense": 31000000.0,
        "Other Non Operating Income Expenses": 1000000.0,
        "Gain On Sale Of Security": 30000000.0,
        "Net Non Operating Interest Income Expense": -31000000.0,
        "Interest Expense Non Operating": 127000000.0,
        "Interest Income Non Operating": 96000000.0,
        "Operating Income": 3652000000.0,
        "Operating Expense": 2356000000.0,
        "Other Operating Expenses": 300000000.0,
        "Research And Development": 528000000.0,
        "Selling General And Administration": 1528000000.0,
        "Gross Profit": 6008000000.0,
        "Cost Of Revenue": 11310000000.0,
        "Total Revenue": 17318000000.0,
        "Operating Revenue": 17318000000.0
    },
    "2022-03-31": {
        "Diluted EPS": 2.86,
        "Total Revenue": NaN,
        "Gross Profit": NaN,
        "Operating Income": NaN,
        "EBIT": NaN,
        "Net Income": NaN
    },
    "2021-12-31": {
        "Diluted EPS": 3.9,
        "Total Revenue": NaN,
        "Gross Profit": NaN,
        "Operating Income": NaN,
        "EBIT": NaN,
        "Net Income": NaN
    },
    "2021-09-30": {
        "Diluted EPS": 2.6,
        "Total Revenue": NaN,
        "Gross Profit": NaN,
        "Operating Income": NaN,
        "EBIT": NaN,
        "Net Income": NaN
    },
    "2021-06-30": {
        "Diluted EPS": 2.56,
        "Total Revenue": NaN,
        "Gross Profit": NaN,
        "Operating Income": NaN,
        "EBIT": NaN,
        "Net Income": NaN
    },
    "2021-03-31": {
        "Diluted EPS": 2.77,
        "Total Revenue": NaN,
        "Gross Profit": NaN,
        "Operating Income": NaN,
        "EBIT": NaN,
        "Net Income": NaN
    },
    "2020-12-31": {
        "Diluted EPS": 1.42,
        "Total Revenue": NaN,
        "Gross Profit": NaN,
        "Operating Income": NaN,
        "EBIT": NaN,
        "Net Income": 780
    },
    "2020-09-30": {
        "Diluted EPS": 1.22,
        "Total Revenue": NaN,
        "Gross Profit": NaN,
        "Operating Income": 985,
        "EBIT": NaN,
        "Net Income": 668
    },
    "2020-06-30": {
        "Diluted EPS": 0.84,
        "Total Revenue": NaN,
        "Gross Profit": NaN,
        "Operating Income": 784,
        "EBIT": NaN,
        "Net Income": 458
    },
    "2020-03-31": {
        "Diluted EPS": 1.98,
        "Total Revenue": NaN,
        "Gross Profit": NaN,
        "Operating Income": NaN,
        "EBIT": NaN,
        "Net Income": NaN
    },
    "2019-12-31": {
        "Diluted EPS": 2.0,
        "Total Revenue": NaN,
        "Gross Profit": NaN,
        "Operating Income": NaN,
        "EBIT": NaN,
        "Net Income": NaN
    },
    "2019-09-30": {
        "Diluted EPS": 2.66,
        "Total Revenue": NaN,
        "Gross Profit": NaN,
        "Operating Income": NaN,
        "EBIT": NaN,
        "Net Income": NaN
    },
    "2019-06-30": {
        "Diluted EPS": 2.83,
        "Total Revenue": NaN,
        "Gross Profit": NaN,
        "Operating Income": NaN,
        "EBIT": NaN,
        "Net Income": NaN
    },
    "2019-03-31": {
        "Diluted EPS": 3.25,
        "Total Revenue": NaN,
        "Gross Profit": NaN,
        "Operating Income": NaN,
        "EBIT": NaN,
        "Net Income": NaN
    },
    "2018-12-31": {
        "Diluted EPS": 1.82,
        "Total Revenue": NaN,
        "Gross Profit": NaN,
        "Operating Income": NaN,
        "EBIT": NaN,
        "Net Income": NaN
    },
    "2018-09-30": {
        "Diluted EPS": 2.88,
        "Total Revenue": NaN,
        "Gross Profit": NaN,
        "Operating Income": NaN,
        "EBIT": NaN,
        "Net Income": NaN
    },
    "2018-06-30": {
        "Diluted EPS": 2.82,
        "Total Revenue": NaN,
        "Gross Profit": NaN,
        "Operating Income": NaN,
        "EBIT": NaN,
        "Net Income": NaN
    },
    "2018-03-31": {
        "Diluted EPS": 2.74,
        "Total Revenue": NaN,
        "Gross Profit": NaN,
        "Operating Income": NaN,
        "EBIT": NaN,
        "Net Income": NaN
    },
    "2017-12-31": {
        "Diluted EPS": -2.18,
        "Total Revenue": NaN,
        "Gross Profit": NaN,
        "Operating Income": NaN,
        "EBIT": NaN,
        "Net Income": NaN
    },
    "2017-09-30": {
        "Diluted EPS": 1.77,
        "Total Revenue": NaN,
        "Gross Profit": NaN,
        "Operating Income": NaN,
        "EBIT": NaN,
        "Net Income": NaN
    },
    "2017-06-30": {
        "Diluted EPS": 1.35,
        "Total Revenue": NaN,
        "Gross Profit": NaN,
        "Operating Income": NaN,
        "EBIT": NaN,
        "Net Income": 802
    },
    "2017-03-31": {
        "Diluted EPS": 0.32,
        "Total Revenue": NaN,
        "Gross Profit": NaN,
        "Operating Income": 380,
        "EBIT": NaN,
        "Net Income": 192
    },
    "2016-12-31": {
        "Diluted EPS": -1.98,
        "Total Revenue": NaN,
        "Gross Profit": NaN,
        "Operating Income": -598,
        "EBIT": 330,
        "Net Income": NaN
    },
    "2016-09-30": {
        "Diluted EPS": 0.48,
        "Total Revenue": NaN,
        "Gross Profit": NaN,
        "Operating Income": 481,
        "EBIT": NaN,
        "Net Income": 283
    },
    "2016-06-30": {
        "Diluted EPS": 0.93,
        "Total Revenue": NaN,
        "Gross Profit": NaN,
        "Operating Income": 785,
        "EBIT": NaN,
        "Net Income": 550
    },
    "2016-03-31": {
        "Diluted EPS": 0.46,
        "Total Revenue": NaN,
        "Gross Profit": NaN,
        "Operating Income": 494,
        "EBIT": NaN,
        "Net Income": 271
    },
    "2015-12-31": {
        "Diluted EPS": -0.1,
        "Total Revenue": NaN,
        "Gross Profit": NaN,
        "Operating Income": -175,
        "EBIT": 746,
        "Net Income": -94
    },
    "2015-09-30": {
        "Diluted EPS": 0.94,
        "Total Revenue": NaN,
        "Gross Profit": NaN,
        "Operating Income": 925,
        "EBIT": NaN,
        "Net Income": 559
    },
    "2015-06-30": {
        "Diluted EPS": 1.31,
        "Total Revenue": NaN,
        "Gross Profit": NaN,
        "Operating Income": NaN,
        "EBIT": NaN,
        "Net Income": 802
    },
    "2015-03-31": {
        "Diluted EPS": 2.03,
        "Total Revenue": NaN,
        "Gross Profit": NaN,
        "Operating Income": NaN,
        "EBIT": NaN,
        "Net Income": NaN
    },
    "2014-12-31": {
        "Diluted EPS": -0.74,
        "Total Revenue": NaN,
        "Gross Profit": NaN,
        "Operating Income": -951,
        "EBIT": -2,
        "Net Income": -486
    },
    "2014-09-30": {
        "Diluted EPS": 1.63,
        "Total Revenue": NaN,
        "Gross Profit": NaN,
        "Operating Income": NaN,
        "EBIT": NaN,
        "Net Income": NaN
    },
    "2014-06-30": {
        "Diluted EPS": 1.57,
        "Total Revenue": NaN,
        "Gross Profit": NaN,
        "Operating Income": NaN,
        "EBIT": NaN,
        "Net Income": 999
    },
    "2014-03-31": {
        "Diluted EPS": 1.44,
        "Total Revenue": NaN,
        "Gross Profit": NaN,
        "Operating Income": NaN,
        "EBIT": NaN,
        "Net Income": 922
    },
    "2013-12-31": {
        "Diluted EPS": 1.54,
        "Total Revenue": NaN,
        "Gross Profit": NaN,
        "Operating Income": NaN,
        "EBIT": NaN,
        "Net Income": NaN
    },
    "2013-09-30": {
        "Diluted EPS": 1.45,
        "Total Revenue": NaN,
        "Gross Profit": NaN,
        "Operating Income": NaN,
        "EBIT": NaN,
        "Net Income": 946
    },
    "2013-06-30": {
        "Diluted EPS": 1.45,
        "Total Revenue": NaN,
        "Gross Profit": NaN,
        "Operating Income": NaN,
        "EBIT": NaN,
        "Net Income": 960
    },
    "2013-03-31": {
        "Diluted EPS": 1.31,
        "Total Revenue": NaN,
        "Gross Profit": NaN,
        "Operating Income": NaN,
        "EBIT": NaN,
        "Net Income": 880
    },
    "2012-12-31": {
        "Diluted EPS": 1.03,
        "Total Revenue": NaN,
        "Gross Profit": NaN,
        "Operating Income": NaN,
        "EBIT": NaN,
        "Net Income": 697
    },
    "2012-09-30": {
        "Diluted EPS": 2.54,
        "Total Revenue": NaN,
        "Gross Profit": NaN,
        "Operating Income": NaN,
        "EBIT": NaN,
        "Net Income": NaN
    },
    "2012-06-30": {
        "Diluted EPS": 2.54,
        "Total Revenue": NaN,
        "Gross Profit": NaN,
        "Operating Income": NaN,
        "EBIT": NaN,
        "Net Income": NaN
    },
    "2012-03-31": {
        "Diluted EPS": 2.37,
        "Total Revenue": NaN,
        "Gross Profit": NaN,
        "Operating Income": NaN,
        "EBIT": NaN,
        "Net Income": NaN
    },
    "2011-12-31": {
        "Diluted EPS": 2.33,
        "Total Revenue": NaN,
        "Gross Profit": NaN,
        "Operating Income": NaN,
        "EBIT": NaN,
        "Net Income": NaN
    },
    "2011-09-30": {
        "Diluted EPS": 1.71,
        "Total Revenue": NaN,
        "Gross Profit": NaN,
        "Operating Income": NaN,
        "EBIT": NaN,
        "Net Income": NaN
    },
    "2011-06-30": {
        "Diluted EPS": 1.52,
        "Total Revenue": NaN,
        "Gross Profit": NaN,
        "Operating Income": NaN,
        "EBIT": NaN,
        "Net Income": NaN
    },
    "2011-03-31": {
        "Diluted EPS": 1.84,
        "Total Revenue": NaN,
        "Gross Profit": NaN,
        "Operating Income": NaN,
        "EBIT": NaN,
        "Net Income": NaN
    },
    "2010-12-31": {
        "Diluted EPS": 1.48,
        "Total Revenue": NaN,
        "Gross Profit": NaN,
        "Operating Income": NaN,
        "EBIT": NaN,
        "Net Income": 968
    },
    "2010-09-30": {
        "Diluted EPS": 1.22,
        "Total Revenue": NaN,
        "Gross Profit": NaN,
        "Operating Income": NaN,
        "EBIT": NaN,
        "Net Income": 792
    },
    "2010-06-30": {
        "Diluted EPS": 1.09,
        "Total Revenue": NaN,
        "Gross Profit": NaN,
        "Operating Income": 977,
        "EBIT": NaN,
        "Net Income": 707
    },
    "2010-03-31": {
        "Diluted EPS": 0.36,
        "Total Revenue": NaN,
        "Gross Profit": NaN,
        "Operating Income": 508,
        "EBIT": NaN,
        "Net Income": 233
    },
    "2009-12-31": {
        "Diluted EPS": 0.38,
        "Total Revenue": NaN,
        "Gross Profit": NaN,
        "Operating Income": 128,
        "EBIT": NaN,
        "Net Income": 232
    },
    "2009-09-30": {
        "Diluted EPS": 0.64,
        "Total Revenue": NaN,
        "Gross Profit": NaN,
        "Operating Income": 277,
        "EBIT": NaN,
        "Net Income": 404
    },
    "2009-06-30": {
        "Diluted EPS": 0.6,
        "Total Revenue": NaN,
        "Gross Profit": NaN,
        "Operating Income": 347,
        "EBIT": NaN,
        "Net Income": 371
    },
    "2009-03-31": {
        "Diluted EPS": -0.19,
        "Total Revenue": NaN,
        "Gross Profit": NaN,
        "Operating Income": -175,
        "EBIT": 638,
        "Net Income": -112
    },
    "2023-09-30": {
        "Tax Effect Of Unusual Items": NaN,
        "Tax Rate For Calcs": NaN,
        "Normalized EBITDA": NaN,
        "Total Unusual Items": NaN,
        "Total Unusual Items Excluding Goodwill": NaN,
        "Net Income From Continuing Operation Net Minority Interest": NaN,
        "Reconciled Depreciation": NaN,
        "Reconciled Cost Of Revenue": NaN,
        "EBITDA": NaN,
        "EBIT": NaN,
        "Net Interest Income": NaN,
        "Interest Expense": NaN,
        "Interest Income": NaN,
        "Normalized Income": NaN,
        "Net Income From Continuing And Discontinued Operation": NaN,
        "Total Expenses": NaN,
        "Total Operating Income As Reported": NaN,
        "Diluted Average Shares": 512600000.0,
        "Basic Average Shares": 509800000.0,
        "Diluted EPS": 5.45,
        "Basic EPS": 5.48,
        "Diluted NI Availto Com Stockholders": NaN,
        "Net Income Common Stockholders": NaN,
        "Net Income": NaN,
        "Minority Interests": NaN,
        "Net Income Including Noncontrolling Interests": NaN,
        "Net Income Continuous Operations": NaN,
        "Earnings From Equity Interest Net Of Tax": NaN,
        "Tax Provision": NaN,
        "Pretax Income": NaN,
        "Other Income Expense": NaN,
        "Other Non Operating Income Expenses": NaN,
        "Gain On Sale Of Security": NaN,
        "Net Non Operating Interest Income Expense": NaN,
        "Interest Expense Non Operating": NaN,
        "Interest Income Non Operating": NaN,
        "Operating Income": NaN,
        "Operating Expense": NaN,
        "Other Operating Expenses": NaN,
        "Research And Development": NaN,
        "Selling General And Administration": NaN,
        "Gross Profit": NaN,
        "Cost Of Revenue": NaN,
        "Total Revenue": NaN,
        "Operating Revenue": NaN
    },
    "2023-12-31": {
        "Tax Effect Of Unusual Items": NaN,
        "Tax Rate For Calcs": NaN,
        "Normalized EBITDA": NaN,
        "Total Unusual Items": NaN,
        "Total Unusual Items Excluding Goodwill": NaN,
        "Net Income From Continuing Operation Net Minority Interest": NaN,
        "Reconciled Depreciation": NaN,
        "Reconciled Cost Of Revenue": NaN,
        "EBITDA": NaN,
        "EBIT": NaN,
        "Net Interest Income": NaN,
        "Interest Expense": NaN,
        "Interest Income": 170000000.0,
        "Normalized Income": NaN,
        "Net Income From Continuing And Discontinued Operation": NaN,
        "Total Expenses": NaN,
        "Total Operating Income As Reported": NaN,
        "Diluted Average Shares": NaN,
        "Basic Average Shares": NaN,
        "Diluted EPS": NaN,
        "Basic EPS": NaN,
        "Diluted NI Availto Com Stockholders": NaN,
        "Net Income Common Stockholders": NaN,
        "Net Income": NaN,
        "Minority Interests": NaN,
        "Net Income Including Noncontrolling Interests": NaN,
        "Net Income Continuous Operations": NaN,
        "Earnings From Equity Interest Net Of Tax": NaN,
        "Tax Provision": NaN,
        "Pretax Income": NaN,
        "Other Income Expense": NaN,
        "Other Non Operating Income Expenses": NaN,
        "Gain On Sale Of Security": NaN,
        "Net Non Operating Interest Income Expense": NaN,
        "Interest Expense Non Operating": NaN,
        "Interest Income Non Operating": 170000000.0,
        "Operating Income": NaN,
        "Operating Expense": NaN,
        "Other Operating Expenses": NaN,
        "Research And Development": NaN,
        "Selling General And Administration": NaN,
        "Gross Profit": NaN,
        "Cost Of Revenue": NaN,
        "Total Revenue": NaN,
        "Operating Revenue": NaN
    },
    "2024-03-31": {
        "Tax Effect Of Unusual Items": NaN,
        "Tax Rate For Calcs": NaN,
        "Normalized EBITDA": NaN,
        "Total Unusual Items": NaN,
        "Total Unusual Items Excluding Goodwill": NaN,
        "Net Income From Continuing Operation Net Minority Interest": NaN,
        "Reconciled Depreciation": NaN,
        "Reconciled Cost Of Revenue": NaN,
        "EBITDA": NaN,
        "EBIT": NaN,
        "Net Interest Income": NaN,
        "Interest Expense": NaN,
        "Interest Income": 136000000.0,
        "Normalized Income": NaN,
        "Net Income From Continuing And Discontinued Operation": NaN,
        "Total Expenses": NaN,
        "Total Operating Income As Reported": NaN,
        "Diluted Average Shares": NaN,
        "Basic Average Shares": NaN,
        "Diluted EPS": NaN,
        "Basic EPS": NaN,
        "Diluted NI Availto Com Stockholders": NaN,
        "Net Income Common Stockholders": NaN,
        "Net Income": NaN,
        "Minority Interests": NaN,
        "Net Income Including Noncontrolling Interests": NaN,
        "Net Income Continuous Operations": NaN,
        "Earnings From Equity Interest Net Of Tax": NaN,
        "Tax Provision": NaN,
        "Pretax Income": NaN,
        "Other Income Expense": NaN,
        "Other Non Operating Income Expenses": NaN,
        "Gain On Sale Of Security": NaN,
        "Net Non Operating Interest Income Expense": NaN,
        "Interest Expense Non Operating": NaN,
        "Interest Income Non Operating": 136000000.0,
        "Operating Income": NaN,
        "Operating Expense": NaN,
        "Other Operating Expenses": NaN,
        "Research And Development": NaN,
        "Selling General And Administration": NaN,
        "Gross Profit": NaN,
        "Cost Of Revenue": NaN,
        "Total Revenue": NaN,
        "Operating Revenue": NaN
    },
    "2024-06-30": {
        "Tax Effect Of Unusual Items": 31051428.571429,
        "Tax Rate For Calcs": 0.238857,
        "Normalized EBITDA": 4038000000.0,
        "Total Unusual Items": 130000000.0,
        "Total Unusual Items Excluding Goodwill": 130000000.0,
        "Net Income From Continuing Operation Net Minority Interest": 2681000000.0,
        "Reconciled Depreciation": 531000000.0,
        "Reconciled Cost Of Revenue": 10464000000.0,
        "EBITDA": 4168000000.0,
        "EBIT": 3637000000.0,
        "Net Interest Income": -137000000.0,
        "Interest Expense": 137000000.0,
        "Interest Income": 118000000.0,
        "Normalized Income": 2582051428.571429,
        "Net Income From Continuing And Discontinued Operation": 2681000000.0,
        "Total Expenses": 13207000000.0,
        "Total Operating Income As Reported": 3482000000.0,
        "Diluted Average Shares": 489500000.0,
        "Basic Average Shares": 487200000.0,
        "Diluted EPS": 5.48,
        "Basic EPS": 5.5,
        "Diluted NI Availto Com Stockholders": 2681000000.0,
        "Net Income Common Stockholders": 2681000000.0,
        "Net Income": 2681000000.0,
        "Minority Interests": 0.0,
        "Net Income Including Noncontrolling Interests": 2681000000.0,
        "Net Income Continuous Operations": 2681000000.0,
        "Earnings From Equity Interest Net Of Tax": 17000000.0,
        "Tax Provision": 836000000.0,
        "Pretax Income": 3500000000.0,
        "Other Income Expense": 155000000.0,
        "Other Non Operating Income Expenses": 25000000.0,
        "Gain On Sale Of Security": 130000000.0,
        "Net Non Operating Interest Income Expense": -137000000.0,
        "Interest Expense Non Operating": 137000000.0,
        "Interest Income Non Operating": 118000000.0,
        "Operating Income": 3482000000.0,
        "Operating Expense": 2743000000.0,
        "Other Operating Expenses": 556000000.0,
        "Research And Development": 535000000.0,
        "Selling General And Administration": 1652000000.0,
        "Gross Profit": 6225000000.0,
        "Cost Of Revenue": 10464000000.0,
        "Total Revenue": 16689000000.0,
        "Operating Revenue": 16689000000.0
    },
    "2024-09-30": {
        "Tax Effect Of Unusual Items": 621000.0,
        "Tax Rate For Calcs": 0.207,
        "Normalized EBITDA": 3763000000.0,
        "Total Unusual Items": 3000000.0,
        "Total Unusual Items Excluding Goodwill": 3000000.0,
        "Net Income From Continuing Operation Net Minority Interest": 2464000000.0,
        "Reconciled Depreciation": 543000000.0,
        "Reconciled Cost Of Revenue": 10402000000.0,
        "EBITDA": 3766000000.0,
        "EBIT": 3223000000.0,
        "Net Interest Income": -125000000.0,
        "Interest Expense": 125000000.0,
        "Interest Income": 108000000.0,
        "Normalized Income": 2461621000.0,
        "Net Income From Continuing And Discontinued Operation": 2464000000.0,
        "Total Expenses": 12959000000.0,
        "Total Operating Income As Reported": 3147000000.0,
        "Diluted Average Shares": 486700000.0,
        "Basic Average Shares": 484200000.0,
        "Diluted EPS": 5.06,
        "Basic EPS": 5.09,
        "Diluted NI Availto Com Stockholders": 2464000000.0,
        "Net Income Common Stockholders": 2464000000.0,
        "Net Income": 2464000000.0,
        "Minority Interests": 1000000.0,
        "Net Income Including Noncontrolling Interests": 2463000000.0,
        "Net Income Continuous Operations": 2463000000.0,
        "Earnings From Equity Interest Net Of Tax": 7000000.0,
        "Tax Provision": 642000000.0,
        "Pretax Income": 3098000000.0,
        "Other Income Expense": 76000000.0,
        "Other Non Operating Income Expenses": 73000000.0,
        "Gain On Sale Of Security": 3000000.0,
        "Net Non Operating Interest Income Expense": -125000000.0,
        "Interest Expense Non Operating": 125000000.0,
        "Interest Income Non Operating": 108000000.0,
        "Operating Income": 3147000000.0,
        "Operating Expense": 2557000000.0,
        "Other Operating Expenses": 355000000.0,
        "Research And Development": 533000000.0,
        "Selling General And Administration": 1669000000.0,
        "Gross Profit": 5704000000.0,
        "Cost Of Revenue": 10402000000.0,
        "Total Revenue": 16106000000.0,
        "Operating Revenue": 16106000000.0
    },
    "2024-12-31": {
        "Tax Effect Of Unusual Items": 37691026.827012,
        "Tax Rate For Calcs": 0.142769,
        "Normalized EBITDA": 3641000000.0,
        "Total Unusual Items": 264000000.0,
        "Total Unusual Items Excluding Goodwill": 264000000.0,
        "Net Income From Continuing Operation Net Minority Interest": 2791000000.0,
        "Reconciled Depreciation": 555000000.0,
        "Reconciled Cost Of Revenue": 10659000000.0,
        "EBITDA": 3905000000.0,
        "EBIT": 3350000000.0,
        "Net Interest Income": -107000000.0,
        "Interest Expense": 107000000.0,
        "Interest Income": 120000000.0,
        "Normalized Income": 2564691026.827012,
        "Net Income From Continuing And Discontinued Operation": 2791000000.0,
        "Total Expenses": 13291000000.0,
        "Total Operating Income As Reported": 2924000000.0,
        "Diluted Average Shares": 482600000.0,
        "Basic Average Shares": 480000000.0,
        "Diluted EPS": 5.78,
        "Basic EPS": 5.81,
        "Diluted NI Availto Com Stockholders": 2791000000.0,
        "Net Income Common Stockholders": 2791000000.0,
        "Net Income": 2791000000.0,
        "Minority Interests": 1000000.0,
        "Net Income Including Noncontrolling Interests": 2790000000.0,
        "Net Income Continuous Operations": 2790000000.0,
        "Earnings From Equity Interest Net Of Tax": 10000000.0,
        "Tax Provision": 463000000.0,
        "Pretax Income": 3243000000.0,
        "Other Income Expense": 426000000.0,
        "Other Non Operating Income Expenses": 162000000.0,
        "Gain On Sale Of Security": 264000000.0,
        "Net Non Operating Interest Income Expense": -107000000.0,
        "Interest Expense Non Operating": 107000000.0,
        "Interest Income Non Operating": 120000000.0,
        "Operating Income": 2924000000.0,
        "Operating Expense": 2632000000.0,
        "Other Operating Expenses": 344000000.0,
        "Research And Development": 519000000.0,
        "Selling General And Administration": 1769000000.0,
        "Gross Profit": 5556000000.0,
        "Cost Of Revenue": 10659000000.0,
        "Total Revenue": 16215000000.0,
        "Operating Revenue": 16215000000.0
    },
    "2025-03-31": {
        "Tax Effect Of Unusual Items": 18732000.0,
        "Tax Rate For Calcs": 0.223,
        "Normalized EBITDA": 3142000000.0,
        "Total Unusual Items": 84000000.0,
        "Total Unusual Items Excluding Goodwill": 84000000.0,
        "Net Income From Continuing Operation Net Minority Interest": 2003000000.0,
        "Reconciled Depreciation": 540000000.0,
        "Reconciled Cost Of Revenue": 9291000000.0,
        "EBITDA": 3226000000.0,
        "EBIT": 2686000000.0,
        "Net Interest Income": -116000000.0,
        "Interest Expense": 116000000.0,
        "Interest Income": NaN,
        "Normalized Income": 1937732000.0,
        "Net Income From Continuing And Discontinued Operation": 2003000000.0,
        "Total Expenses": 11670000000.0,
        "Total Operating Income As Reported": 2579000000.0,
        "Diluted Average Shares": 477100000.0,
        "Basic Average Shares": 474900000.0,
        "Diluted EPS": 4.2,
        "Basic EPS": 4.22,
        "Diluted NI Availto Com Stockholders": 2003000000.0,
        "Net Income Common Stockholders": 2003000000.0,
        "Net Income": 2003000000.0,
        "Minority Interests": 0.0,
        "Net Income Including Noncontrolling Interests": 2003000000.0,
        "Net Income Continuous Operations": 2003000000.0,
        "Earnings From Equity Interest Net Of Tax": 7000000.0,
        "Tax Provision": 574000000.0,
        "Pretax Income": 2570000000.0,
        "Other Income Expense": 107000000.0,
        "Other Non Operating Income Expenses": 23000000.0,
        "Gain On Sale Of Security": 84000000.0,
        "Net Non Operating Interest Income Expense": -116000000.0,
        "Interest Expense Non Operating": 116000000.0,
        "Interest Income Non Operating": NaN,
        "Operating Income": 2579000000.0,
        "Operating Expense": 2379000000.0,
        "Other Operating Expenses": 306000000.0,
        "Research And Development": 480000000.0,
        "Selling General And Administration": 1593000000.0,
        "Gross Profit": 4958000000.0,
        "Cost Of Revenue": 9291000000.0,
        "Total Revenue": 14249000000.0,
        "Operating Revenue": 14249000000.0
    },
    "2025-06-30": {
        "Tax Effect Of Unusual Items": -3667849.53868,
        "Tax Rate For Calcs": 0.229241,
        "Normalized EBITDA": 3514000000.0,
        "Total Unusual Items": -16000000.0,
        "Total Unusual Items Excluding Goodwill": -16000000.0,
        "Net Income From Continuing Operation Net Minority Interest": 2179000000.0,
        "Reconciled Depreciation": 554000000.0,
        "Reconciled Cost Of Revenue": 11143000000.0,
        "EBITDA": 3498000000.0,
        "EBIT": 2944000000.0,
        "Net Interest Income": -126000000.0,
        "Interest Expense": 126000000.0,
        "Interest Income": NaN,
        "Normalized Income": 2191332150.46132,
        "Net Income From Continuing And Discontinued Operation": 2179000000.0,
        "Total Expenses": 13709000000.0,
        "Total Operating Income As Reported": 2860000000.0,
        "Diluted Average Shares": 471500000.0,
        "Basic Average Shares": 469700000.0,
        "Diluted EPS": 4.62,
        "Basic EPS": 4.64,
        "Diluted NI Availto Com Stockholders": 2179000000.0,
        "Net Income Common Stockholders": 2179000000.0,
        "Net Income": 2179000000.0,
        "Minority Interests": 0.0,
        "Net Income Including Noncontrolling Interests": 2179000000.0,
        "Net Income Continuous Operations": 2179000000.0,
        "Earnings From Equity Interest Net Of Tax": 7000000.0,
        "Tax Provision": 646000000.0,
        "Pretax Income": 2818000000.0,
        "Other Income Expense": 84000000.0,
        "Other Non Operating Income Expenses": 100000000.0,
        "Gain On Sale Of Security": -16000000.0,
        "Net Non Operating Interest Income Expense": -126000000.0,
        "Interest Expense Non Operating": 126000000.0,
        "Interest Income Non Operating": NaN,
        "Operating Income": 2860000000.0,
        "Operating Expense": 2566000000.0,
        "Other Operating Expenses": 321000000.0,
        "Research And Development": 551000000.0,
        "Selling General And Administration": 1694000000.0,
        "Gross Profit": 5426000000.0,
        "Cost Of Revenue": 11143000000.0,
        "Total Revenue": 16569000000.0,
        "Operating Revenue": 16569000000.0
    }
}