{
    "2023-03-31": {
        "Tax Effect Of Unusual Items": 241985.40146,
        "Tax Rate For Calcs": 0.051095,
        "Normalized EBITDA": -9291000.0,
        "Total Unusual Items": 4736000.0,
        "Total Unusual Items Excluding Goodwill": 4736000.0,
        "Net Income From Continuing Operation Net Minority Interest": 260000.0,
        "Reconciled Depreciation": 3000.0,
        "Reconciled Cost Of Revenue": 0.0,
        "EBITDA": -4555000.0,
        "EBIT": -4558000.0,
        "Net Interest Income": 96000.0,
        "Interest Expense": NaN,
        "Interest Income": 96000.0,
        "Normalized Income": -4234014.59854,
        "Net Income From Continuing And Discontinued Operation": 260000.0,
        "Total Expenses": 4558000.0,
        "Total Operating Income As Reported": 178000.0,
        "Diluted Average Shares": 37984324.0,
        "Basic Average Shares": 37758416.0,
        "Diluted EPS": 0.01,
        "Basic EPS": 0.01,
        "Diluted NI Availto Com Stockholders": 260000.0,
        "Net Income Common Stockholders": 260000.0,
        "Net Income": 260000.0,
        "Net Income Including Noncontrolling Interests": 260000.0,
        "Net Income Continuous Operations": 260000.0,
        "Tax Provision": 14000.0,
        "Pretax Income": 274000.0,
        "Other Income Expense": 4736000.0,
        "Special Income Charges": 4736000.0,
        "Gain On Sale Of Ppe": 4736000.0,
        "Net Non Operating Interest Income Expense": 96000.0,
        "Total Other Finance Cost": NaN,
        "Interest Expense Non Operating": NaN,
        "Interest Income Non Operating": 96000.0,
        "Operating Income": -4558000.0,
        "Operating Expense": 4558000.0,
        "Other Operating Expenses": NaN,
        "Research And Development": 588000.0,
        "Selling General And Administration": 3970000.0,
        "General And Administrative Expense": 3970000.0,
        "Other Gand A": 3970000.0,
        "Gross Profit": 0.0,
        "Cost Of Revenue": 0.0,
        "Total Revenue": 0.0,
        "Operating Revenue": 0.0
    },
    "2022-12-31": {
        "Tax Effect Of Unusual Items": 0.0,
        "Tax Rate For Calcs": 0.0,
        "Normalized EBITDA": -27341000.0,
        "Total Unusual Items": -35269000.0,
        "Total Unusual Items Excluding Goodwill": -35269000.0,
        "Net Income From Continuing Operation Net Minority Interest": -40454000.0,
        "Reconciled Depreciation": 10000.0,
        "Reconciled Cost Of Revenue": 0.0,
        "EBITDA": -62610000.0,
        "EBIT": -62620000.0,
        "Net Interest Income": 168000.0,
        "Interest Expense": NaN,
        "Interest Income": 167000.0,
        "Normalized Income": -5185000.0,
        "Net Income From Continuing And Discontinued Operation": -40454000.0,
        "Total Expenses": 4825000.0,
        "Total Operating Income As Reported": -40274000.0,
        "Diluted Average Shares": 31764894.0,
        "Basic Average Shares": 31764894.0,
        "Diluted EPS": -1.28,
        "Basic EPS": -1.28,
        "Diluted NI Availto Com Stockholders": -40454000.0,
        "Net Income Common Stockholders": -40454000.0,
        "Net Income": -40454000.0,
        "Net Income Including Noncontrolling Interests": -40454000.0,
        "Net Income Continuous Operations": -40454000.0,
        "Tax Provision": NaN,
        "Pretax Income": -40106000.0,
        "Other Income Expense": -35449000.0,
        "Special Income Charges": -35269000.0,
        "Gain On Sale Of Ppe": -59000.0,
        "Net Non Operating Interest Income Expense": 168000.0,
        "Total Other Finance Cost": NaN,
        "Interest Expense Non Operating": NaN,
        "Interest Income Non Operating": 167000.0,
        "Operating Income": -4825000.0,
        "Operating Expense": 4825000.0,
        "Other Operating Expenses": NaN,
        "Research And Development": 660000.0,
        "Selling General And Administration": 4165000.0,
        "General And Administrative Expense": 4165000.0,
        "Other Gand A": 4165000.0,
        "Gross Profit": 0.0,
        "Cost Of Revenue": 0.0,
        "Total Revenue": 0.0,
        "Operating Revenue": 0.0
    },
    "2022-09-30": {
        "Tax Effect Of Unusual Items": 0.0,
        "Tax Rate For Calcs": 0.0,
        "Normalized EBITDA": -4843000.0,
        "Total Unusual Items": 0.0,
        "Total Unusual Items Excluding Goodwill": 0.0,
        "Net Income From Continuing Operation Net Minority Interest": -4884000.0,
        "Reconciled Depreciation": 40000.0,
        "Reconciled Cost Of Revenue": 0.0,
        "EBITDA": -4843000.0,
        "EBIT": -4883000.0,
        "Net Interest Income": 282000.0,
        "Interest Expense": 1000.0,
        "Interest Income": 283000.0,
        "Normalized Income": -4884000.0,
        "Net Income From Continuing And Discontinued Operation": -4884000.0,
        "Total Expenses": 5166000.0,
        "Total Operating Income As Reported": -5166000.0,
        "Diluted Average Shares": 31484542.0,
        "Basic Average Shares": 31484542.0,
        "Diluted EPS": -0.16,
        "Basic EPS": -0.16,
        "Diluted NI Availto Com Stockholders": -4884000.0,
        "Net Income Common Stockholders": -4884000.0,
        "Net Income": -4884000.0,
        "Net Income Including Noncontrolling Interests": -4884000.0,
        "Net Income Continuous Operations": -4884000.0,
        "Tax Provision": NaN,
        "Pretax Income": -4884000.0,
        "Other Income Expense": NaN,
        "Special Income Charges": 0.0,
        "Gain On Sale Of Ppe": 0.0,
        "Net Non Operating Interest Income Expense": 282000.0,
        "Total Other Finance Cost": NaN,
        "Interest Expense Non Operating": 1000.0,
        "Interest Income Non Operating": 283000.0,
        "Operating Income": -5166000.0,
        "Operating Expense": 5166000.0,
        "Other Operating Expenses": NaN,
        "Research And Development": 803000.0,
        "Selling General And Administration": 4363000.0,
        "General And Administrative Expense": 4363000.0,
        "Other Gand A": 4363000.0,
        "Gross Profit": 0.0,
        "Cost Of Revenue": 0.0,
        "Total Revenue": 0.0,
        "Operating Revenue": 0.0
    },
    "2022-06-30": {
        "Tax Effect Of Unusual Items": 22898000.0,
        "Tax Rate For Calcs": 0.4,
        "Normalized EBITDA": -62893000.0,
        "Total Unusual Items": 57245000.0,
        "Total Unusual Items Excluding Goodwill": 57245000.0,
        "Net Income From Continuing Operation Net Minority Interest": 51632000.0,
        "Reconciled Depreciation": 67000.0,
        "Reconciled Cost Of Revenue": 0.0,
        "EBITDA": -5648000.0,
        "EBIT": -5715000.0,
        "Net Interest Income": 102000.0,
        "Interest Expense": NaN,
        "Interest Income": 102000.0,
        "Normalized Income": 17285000.0,
        "Net Income From Continuing And Discontinued Operation": 51632000.0,
        "Total Expenses": 5715000.0,
        "Total Operating Income As Reported": 51530000.0,
        "Diluted Average Shares": 31482925.0,
        "Basic Average Shares": 31477053.0,
        "Diluted EPS": 1.64,
        "Basic EPS": 1.64,
        "Diluted NI Availto Com Stockholders": 51632000.0,
        "Net Income Common Stockholders": 51632000.0,
        "Net Income": 51632000.0,
        "Net Income Including Noncontrolling Interests": 51632000.0,
        "Net Income Continuous Operations": 51632000.0,
        "Tax Provision": NaN,
        "Pretax Income": 51632000.0,
        "Other Income Expense": 57245000.0,
        "Other Non Operating Income Expenses": 17000.0,
        "Special Income Charges": 57245000.0,
        "Gain On Sale Of Ppe": 57245000.0,
        "Net Non Operating Interest Income Expense": 102000.0,
        "Total Other Finance Cost": NaN,
        "Interest Expense Non Operating": NaN,
        "Interest Income Non Operating": 102000.0,
        "Operating Income": -5715000.0,
        "Operating Expense": 5715000.0,
        "Research And Development": 1871000.0,
        "Selling General And Administration": 3844000.0,
        "General And Administrative Expense": 3844000.0,
        "Other Gand A": 3844000.0,
        "Gross Profit": 0.0,
        "Cost Of Revenue": 0.0,
        "Total Revenue": 0.0,
        "Operating Revenue": 0.0
    },
    "2022-03-31": {
        "Diluted EPS": -0.46,
        "Total Revenue": 1,
        "Gross Profit": 0,
        "Operating Income": -15,
        "EBIT": -15,
        "Net Income": -15
    },
    "2021-12-31": {
        "Diluted EPS": -0.64,
        "Total Revenue": 2,
        "Gross Profit": 0,
        "Operating Income": -20,
        "EBIT": -20,
        "Net Income": -20
    },
    "2021-09-30": {
        "Diluted EPS": -0.8,
        "Total Revenue": 2,
        "Gross Profit": 0,
        "Operating Income": -25,
        "EBIT": -25,
        "Net Income": -25
    },
    "2021-06-30": {
        "Diluted EPS": -0.64,
        "Total Revenue": 1,
        "Gross Profit": 0,
        "Operating Income": -20,
        "EBIT": -20,
        "Net Income": -20
    },
    "2021-03-31": {
        "Diluted EPS": -0.79,
        "Total Revenue": 1,
        "Gross Profit": 0,
        "Operating Income": -22,
        "EBIT": -22,
        "Net Income": -22
    },
    "2020-12-31": {
        "Diluted EPS": -0.96,
        "Total Revenue": 2,
        "Gross Profit": 0,
        "Operating Income": -19,
        "EBIT": -19,
        "Net Income": -19
    },
    "2020-09-30": {
        "Diluted EPS": -0.73,
        "Total Revenue": 1,
        "Gross Profit": 0,
        "Operating Income": -16,
        "EBIT": -16,
        "Net Income": -16
    },
    "2020-06-30": {
        "Diluted EPS": -0.96,
        "Total Revenue": 2,
        "Gross Profit": 0,
        "Operating Income": -17,
        "EBIT": -17,
        "Net Income": -17
    },
    "2020-03-31": {
        "Diluted EPS": -0.28,
        "Total Revenue": 16,
        "Gross Profit": 12,
        "Operating Income": -5,
        "EBIT": -5,
        "Net Income": -4
    },
    "2019-12-31": {
        "Diluted EPS": -1.13,
        "Total Revenue": NaN,
        "Gross Profit": NaN,
        "Operating Income": -14,
        "EBIT": -14,
        "Net Income": -14
    },
    "2019-09-30": {
        "Diluted EPS": -1.06,
        "Total Revenue": NaN,
        "Gross Profit": NaN,
        "Operating Income": -13,
        "EBIT": -13,
        "Net Income": -13
    },
    "2019-06-30": {
        "Diluted EPS": -1.15,
        "Total Revenue": NaN,
        "Gross Profit": NaN,
        "Operating Income": -14,
        "EBIT": -14,
        "Net Income": -14
    },
    "2019-03-31": {
        "Diluted EPS": -1.26,
        "Total Revenue": NaN,
        "Gross Profit": NaN,
        "Operating Income": -16,
        "EBIT": -16,
        "Net Income": -15
    },
    "2018-12-31": {
        "Diluted EPS": -0.94,
        "Total Revenue": NaN,
        "Gross Profit": NaN,
        "Operating Income": -12,
        "EBIT": -12,
        "Net Income": -11
    },
    "2018-09-30": {
        "Diluted EPS": -0.64,
        "Total Revenue": NaN,
        "Gross Profit": NaN,
        "Operating Income": -8,
        "EBIT": -8,
        "Net Income": -8
    },
    "2018-06-30": {
        "Diluted EPS": -0.54,
        "Total Revenue": NaN,
        "Gross Profit": NaN,
        "Operating Income": -7,
        "EBIT": -7,
        "Net Income": -6
    },
    "2018-03-31": {
        "Diluted EPS": -0.56,
        "Total Revenue": 0,
        "Gross Profit": 0,
        "Operating Income": -7,
        "EBIT": -7,
        "Net Income": -5
    },
    "2017-12-31": {
        "Diluted EPS": 0.99,
        "Total Revenue": 0,
        "Gross Profit": 0,
        "Operating Income": -6,
        "EBIT": -6,
        "Net Income": -6
    },
    "2017-09-30": {
        "Diluted EPS": -1.34,
        "Total Revenue": 0,
        "Gross Profit": 0,
        "Operating Income": -6,
        "EBIT": -6,
        "Net Income": -6
    },
    "2017-06-30": {
        "Diluted EPS": -2.53,
        "Total Revenue": 0,
        "Gross Profit": 0,
        "Operating Income": -6,
        "EBIT": -6,
        "Net Income": -10
    },
    "2017-03-31": {
        "Diluted EPS": -4.57,
        "Total Revenue": 0,
        "Gross Profit": 0,
        "Operating Income": -4,
        "EBIT": -4,
        "Net Income": -4
    },
    "2016-12-31": {
        "Diluted EPS": -4.67,
        "Total Revenue": 0,
        "Gross Profit": 0,
        "Operating Income": -5,
        "EBIT": -5,
        "Net Income": -4
    },
    "2016-09-30": {
        "Diluted EPS": -6.04,
        "Total Revenue": 0,
        "Gross Profit": 0,
        "Operating Income": -6,
        "EBIT": -6,
        "Net Income": -5
    },
    "2016-06-30": {
        "Diluted EPS": -6.33,
        "Total Revenue": 0,
        "Gross Profit": 0,
        "Operating Income": -5,
        "EBIT": -5,
        "Net Income": -5
    },
    "2016-03-31": {
        "Diluted EPS": -4.71,
        "Total Revenue": 0,
        "Gross Profit": 0,
        "Operating Income": -5,
        "EBIT": -4,
        "Net Income": -4
    },
    "2015-12-31": {
        "Diluted EPS": 147.91,
        "Total Revenue": 0,
        "Gross Profit": 0,
        "Operating Income": -5,
        "EBIT": -5,
        "Net Income": -5
    },
    "2015-09-30": {
        "Diluted EPS": -13.94,
        "Total Revenue": 0,
        "Gross Profit": 0,
        "Operating Income": -4,
        "EBIT": -4,
        "Net Income": -5
    },
    "2015-06-30": {
        "Diluted EPS": -68.97,
        "Total Revenue": 1,
        "Gross Profit": 1,
        "Operating Income": -2,
        "EBIT": -2,
        "Net Income": -2
    },
    "2015-03-31": {
        "Diluted EPS": -114.99,
        "Total Revenue": 1,
        "Gross Profit": 1,
        "Operating Income": -3,
        "EBIT": -3,
        "Net Income": -3
    },
    "2014-12-31": {
        "Diluted EPS": -137.2,
        "Total Revenue": 1,
        "Gross Profit": 1,
        "Operating Income": 14,
        "EBIT": 14,
        "Net Income": 18
    },
    "2014-09-30": {
        "Diluted EPS": -61.17,
        "Total Revenue": 1,
        "Gross Profit": 1,
        "Operating Income": -2,
        "EBIT": -2,
        "Net Income": -2
    },
    "2014-06-30": {
        "Diluted EPS": -25.18,
        "Total Revenue": 0,
        "Gross Profit": 0,
        "Operating Income": -8,
        "EBIT": -8,
        "Net Income": -8
    },
    "2014-03-31": {
        "Diluted EPS": -46.16,
        "Total Revenue": 0,
        "Gross Profit": 0,
        "Operating Income": -12,
        "EBIT": -11,
        "Net Income": -15
    },
    "2013-12-31": {
        "Diluted EPS": -305.28,
        "Total Revenue": -3,
        "Gross Profit": -3,
        "Operating Income": 24,
        "EBIT": 24,
        "Net Income": 23
    },
    "2013-09-30": {
        "Diluted EPS": -39.87,
        "Total Revenue": NaN,
        "Gross Profit": NaN,
        "Operating Income": -13,
        "EBIT": -13,
        "Net Income": -13
    },
    "2013-06-30": {
        "Diluted EPS": -38.82,
        "Total Revenue": NaN,
        "Gross Profit": NaN,
        "Operating Income": -12,
        "EBIT": -12,
        "Net Income": -12
    },
    "2013-03-31": {
        "Diluted EPS": -25.18,
        "Total Revenue": 4,
        "Gross Profit": 4,
        "Operating Income": -8,
        "EBIT": -8,
        "Net Income": -8
    },
    "2012-12-31": {
        "Diluted EPS": -49.31,
        "Total Revenue": 1,
        "Gross Profit": 1,
        "Operating Income": -16,
        "EBIT": -16,
        "Net Income": -16
    },
    "2012-09-30": {
        "Diluted EPS": -25.18,
        "Total Revenue": 1,
        "Gross Profit": 1,
        "Operating Income": -8,
        "EBIT": -7,
        "Net Income": -8
    },
    "2012-06-30": {
        "Diluted EPS": 45.11,
        "Total Revenue": 34,
        "Gross Profit": 34,
        "Operating Income": 14,
        "EBIT": 15,
        "Net Income": 14
    },
    "2012-03-31": {
        "Diluted EPS": 7.34,
        "Total Revenue": 23,
        "Gross Profit": 23,
        "Operating Income": 2,
        "EBIT": 3,
        "Net Income": 2
    },
    "2011-12-31": {
        "Diluted EPS": -35.67,
        "Total Revenue": 19,
        "Gross Profit": 19,
        "Operating Income": -10,
        "EBIT": -9,
        "Net Income": -10
    },
    "2011-09-30": {
        "Diluted EPS": -28.33,
        "Total Revenue": 19,
        "Gross Profit": 19,
        "Operating Income": -9,
        "EBIT": -8,
        "Net Income": -9
    },
    "2011-06-30": {
        "Diluted EPS": -7.34,
        "Total Revenue": 21,
        "Gross Profit": 21,
        "Operating Income": -3,
        "EBIT": -2,
        "Net Income": -2
    },
    "2011-03-31": {
        "Diluted EPS": 43.02,
        "Total Revenue": 39,
        "Gross Profit": 39,
        "Operating Income": 12,
        "EBIT": 13,
        "Net Income": 13
    },
    "2010-12-31": {
        "Diluted EPS": -8.39,
        "Total Revenue": 23,
        "Gross Profit": 23,
        "Operating Income": -1,
        "EBIT": -1,
        "Net Income": -2
    },
    "2010-09-30": {
        "Diluted EPS": 8.39,
        "Total Revenue": 22,
        "Gross Profit": 22,
        "Operating Income": 2,
        "EBIT": 3,
        "Net Income": 2
    },
    "2010-06-30": {
        "Diluted EPS": 13.64,
        "Total Revenue": 21,
        "Gross Profit": 21,
        "Operating Income": 5,
        "EBIT": 6,
        "Net Income": 4
    },
    "2010-03-31": {
        "Diluted EPS": 24.13,
        "Total Revenue": 20,
        "Gross Profit": 20,
        "Operating Income": 7,
        "EBIT": 8,
        "Net Income": 7
    },
    "2009-12-31": {
        "Diluted EPS": -105.97,
        "Total Revenue": 3,
        "Gross Profit": 3,
        "Operating Income": -27,
        "EBIT": -26,
        "Net Income": -26
    },
    "2009-09-30": {
        "Diluted EPS": 5.25,
        "Total Revenue": 13,
        "Gross Profit": 12,
        "Operating Income": 1,
        "EBIT": 2,
        "Net Income": 1
    },
    "2009-06-30": {
        "Diluted EPS": -40.92,
        "Total Revenue": 3,
        "Gross Profit": 3,
        "Operating Income": -10,
        "EBIT": -9,
        "Net Income": -10
    },
    "2009-03-31": {
        "Diluted EPS": -19.93,
        "Total Revenue": 6,
        "Gross Profit": 6,
        "Operating Income": -5,
        "EBIT": -5,
        "Net Income": -5
    },
    "2023-06-30": {
        "Tax Effect Of Unusual Items": 0.0,
        "Tax Rate For Calcs": 0.4,
        "Normalized EBITDA": -2542000.0,
        "Total Unusual Items": 0.0,
        "Total Unusual Items Excluding Goodwill": 0.0,
        "Net Income From Continuing Operation Net Minority Interest": -2472000.0,
        "Reconciled Depreciation": 1000.0,
        "Reconciled Cost Of Revenue": 0.0,
        "EBITDA": -2542000.0,
        "EBIT": -2543000.0,
        "Net Interest Income": 73000.0,
        "Interest Expense": NaN,
        "Interest Income": 73000.0,
        "Normalized Income": -2472000.0,
        "Net Income From Continuing And Discontinued Operation": -2472000.0,
        "Total Expenses": 2543000.0,
        "Total Operating Income As Reported": -2543000.0,
        "Diluted Average Shares": 37800121.0,
        "Basic Average Shares": 37800121.0,
        "Diluted EPS": -0.07,
        "Basic EPS": -0.07,
        "Diluted NI Availto Com Stockholders": -2472000.0,
        "Net Income Common Stockholders": -2472000.0,
        "Net Income": -2472000.0,
        "Net Income Including Noncontrolling Interests": -2472000.0,
        "Net Income Continuous Operations": -2472000.0,
        "Tax Provision": 2000.0,
        "Pretax Income": -2470000.0,
        "Other Income Expense": NaN,
        "Special Income Charges": 0.0,
        "Gain On Sale Of Ppe": 0.0,
        "Net Non Operating Interest Income Expense": 73000.0,
        "Total Other Finance Cost": -73000.0,
        "Interest Expense Non Operating": NaN,
        "Interest Income Non Operating": 73000.0,
        "Operating Income": -2543000.0,
        "Operating Expense": 2543000.0,
        "Other Operating Expenses": NaN,
        "Research And Development": 318000.0,
        "Selling General And Administration": 2225000.0,
        "General And Administrative Expense": 2225000.0,
        "Other Gand A": 2225000.0,
        "Gross Profit": 0.0,
        "Cost Of Revenue": 0.0,
        "Total Revenue": 0.0,
        "Operating Revenue": 0.0
    },
    "2023-09-30": {
        "Tax Effect Of Unusual Items": 0.0,
        "Tax Rate For Calcs": 0.0,
        "Normalized EBITDA": -1623000.0,
        "Total Unusual Items": 0.0,
        "Total Unusual Items Excluding Goodwill": 0.0,
        "Net Income From Continuing Operation Net Minority Interest": -1576000.0,
        "Reconciled Depreciation": 0.0,
        "Reconciled Cost Of Revenue": 0.0,
        "EBITDA": -1623000.0,
        "EBIT": -1623000.0,
        "Net Interest Income": 47000.0,
        "Interest Expense": NaN,
        "Interest Income": 47000.0,
        "Normalized Income": -1576000.0,
        "Net Income From Continuing And Discontinued Operation": -1576000.0,
        "Total Expenses": 1623000.0,
        "Total Operating Income As Reported": -1623000.0,
        "Diluted Average Shares": 37976764.0,
        "Basic Average Shares": 37976764.0,
        "Diluted EPS": -0.04,
        "Basic EPS": -0.04,
        "Diluted NI Availto Com Stockholders": -1576000.0,
        "Net Income Common Stockholders": -1576000.0,
        "Net Income": -1576000.0,
        "Net Income Including Noncontrolling Interests": -1576000.0,
        "Net Income Continuous Operations": -1576000.0,
        "Tax Provision": 0.0,
        "Pretax Income": -1576000.0,
        "Other Income Expense": NaN,
        "Special Income Charges": 0.0,
        "Gain On Sale Of Ppe": 0.0,
        "Net Non Operating Interest Income Expense": 47000.0,
        "Total Other Finance Cost": NaN,
        "Interest Expense Non Operating": NaN,
        "Interest Income Non Operating": 47000.0,
        "Operating Income": -1623000.0,
        "Operating Expense": 1623000.0,
        "Other Operating Expenses": -1200000.0,
        "Research And Development": 415000.0,
        "Selling General And Administration": 2408000.0,
        "General And Administrative Expense": 2408000.0,
        "Other Gand A": 2408000.0,
        "Gross Profit": 0.0,
        "Cost Of Revenue": 0.0,
        "Total Revenue": 0.0,
        "Operating Revenue": 0.0
    }
}