{
    "2023-03-31": {
        "Tax Effect Of Unusual Items": NaN,
        "Tax Rate For Calcs": NaN,
        "Normalized EBITDA": NaN,
        "Total Unusual Items": NaN,
        "Total Unusual Items Excluding Goodwill": NaN,
        "Net Income From Continuing Operation Net Minority Interest": NaN,
        "Reconciled Depreciation": NaN,
        "Reconciled Cost Of Revenue": NaN,
        "EBITDA": NaN,
        "EBIT": NaN,
        "Net Interest Income": NaN,
        "Interest Expense": NaN,
        "Interest Income": NaN,
        "Normalized Income": NaN,
        "Net Income From Continuing And Discontinued Operation": NaN,
        "Total Expenses": NaN,
        "Total Operating Income As Reported": NaN,
        "Diluted Average Shares": NaN,
        "Basic Average Shares": NaN,
        "Diluted EPS": NaN,
        "Basic EPS": NaN,
        "Diluted NI Availto Com Stockholders": NaN,
        "Net Income Common Stockholders": NaN,
        "Otherunder Preferred Stock Dividend": NaN,
        "Net Income": NaN,
        "Net Income Including Noncontrolling Interests": NaN,
        "Net Income Continuous Operations": NaN,
        "Tax Provision": NaN,
        "Pretax Income": NaN,
        "Other Income Expense": NaN,
        "Other Non Operating Income Expenses": NaN,
        "Special Income Charges": NaN,
        "Impairment Of Capital Assets": NaN,
        "Restructuring And Mergern Acquisition": NaN,
        "Gain On Sale Of Security": 15300000.0,
        "Net Non Operating Interest Income Expense": NaN,
        "Interest Expense Non Operating": NaN,
        "Interest Income Non Operating": NaN,
        "Operating Income": NaN,
        "Operating Expense": NaN,
        "Other Operating Expenses": NaN,
        "Depreciation Amortization Depletion Income Statement": NaN,
        "Depreciation And Amortization In Income Statement": NaN,
        "Selling General And Administration": NaN,
        "Selling And Marketing Expense": NaN,
        "General And Administrative Expense": NaN,
        "Other Gand A": NaN,
        "Salaries And Wages": NaN,
        "Gross Profit": NaN,
        "Cost Of Revenue": NaN,
        "Total Revenue": NaN,
        "Operating Revenue": NaN
    },
    "2022-12-31": {
        "Tax Effect Of Unusual Items": NaN,
        "Tax Rate For Calcs": NaN,
        "Normalized EBITDA": NaN,
        "Total Unusual Items": NaN,
        "Total Unusual Items Excluding Goodwill": NaN,
        "Net Income From Continuing Operation Net Minority Interest": NaN,
        "Reconciled Depreciation": NaN,
        "Reconciled Cost Of Revenue": NaN,
        "EBITDA": NaN,
        "EBIT": NaN,
        "Net Interest Income": NaN,
        "Interest Expense": NaN,
        "Interest Income": NaN,
        "Normalized Income": NaN,
        "Net Income From Continuing And Discontinued Operation": NaN,
        "Total Expenses": NaN,
        "Total Operating Income As Reported": NaN,
        "Diluted Average Shares": NaN,
        "Basic Average Shares": NaN,
        "Diluted EPS": NaN,
        "Basic EPS": NaN,
        "Diluted NI Availto Com Stockholders": NaN,
        "Net Income Common Stockholders": NaN,
        "Otherunder Preferred Stock Dividend": NaN,
        "Net Income": NaN,
        "Net Income Including Noncontrolling Interests": NaN,
        "Net Income Continuous Operations": NaN,
        "Tax Provision": NaN,
        "Pretax Income": NaN,
        "Other Income Expense": NaN,
        "Other Non Operating Income Expenses": NaN,
        "Special Income Charges": NaN,
        "Impairment Of Capital Assets": 0.0,
        "Restructuring And Mergern Acquisition": NaN,
        "Gain On Sale Of Security": NaN,
        "Net Non Operating Interest Income Expense": NaN,
        "Interest Expense Non Operating": NaN,
        "Interest Income Non Operating": NaN,
        "Operating Income": NaN,
        "Operating Expense": NaN,
        "Other Operating Expenses": NaN,
        "Depreciation Amortization Depletion Income Statement": NaN,
        "Depreciation And Amortization In Income Statement": NaN,
        "Selling General And Administration": NaN,
        "Selling And Marketing Expense": NaN,
        "General And Administrative Expense": NaN,
        "Other Gand A": NaN,
        "Salaries And Wages": 93600000.0,
        "Gross Profit": NaN,
        "Cost Of Revenue": NaN,
        "Total Revenue": NaN,
        "Operating Revenue": NaN
    },
    "2022-09-30": {
        "Tax Effect Of Unusual Items": NaN,
        "Tax Rate For Calcs": NaN,
        "Normalized EBITDA": NaN,
        "Total Unusual Items": NaN,
        "Total Unusual Items Excluding Goodwill": NaN,
        "Net Income From Continuing Operation Net Minority Interest": NaN,
        "Reconciled Depreciation": NaN,
        "Reconciled Cost Of Revenue": NaN,
        "EBITDA": NaN,
        "EBIT": NaN,
        "Net Interest Income": NaN,
        "Interest Expense": NaN,
        "Interest Income": NaN,
        "Normalized Income": NaN,
        "Net Income From Continuing And Discontinued Operation": NaN,
        "Total Expenses": NaN,
        "Total Operating Income As Reported": NaN,
        "Diluted Average Shares": NaN,
        "Basic Average Shares": NaN,
        "Diluted EPS": NaN,
        "Basic EPS": NaN,
        "Diluted NI Availto Com Stockholders": NaN,
        "Net Income Common Stockholders": NaN,
        "Otherunder Preferred Stock Dividend": NaN,
        "Net Income": NaN,
        "Net Income Including Noncontrolling Interests": NaN,
        "Net Income Continuous Operations": NaN,
        "Tax Provision": NaN,
        "Pretax Income": NaN,
        "Other Income Expense": NaN,
        "Other Non Operating Income Expenses": NaN,
        "Special Income Charges": NaN,
        "Impairment Of Capital Assets": 800000.0,
        "Restructuring And Mergern Acquisition": NaN,
        "Gain On Sale Of Security": NaN,
        "Net Non Operating Interest Income Expense": NaN,
        "Interest Expense Non Operating": NaN,
        "Interest Income Non Operating": NaN,
        "Operating Income": NaN,
        "Operating Expense": NaN,
        "Other Operating Expenses": NaN,
        "Depreciation Amortization Depletion Income Statement": NaN,
        "Depreciation And Amortization In Income Statement": NaN,
        "Amortization": 30600000.0,
        "Amortization Of Intangibles Income Statement": 30600000.0,
        "Depreciation Income Statement": 10400000.0,
        "Selling General And Administration": NaN,
        "Selling And Marketing Expense": 6100000.0,
        "General And Administrative Expense": NaN,
        "Other Gand A": NaN,
        "Salaries And Wages": 102000000.0,
        "Gross Profit": NaN,
        "Cost Of Revenue": NaN,
        "Total Revenue": NaN,
        "Operating Revenue": NaN
    },
    "2022-06-30": {
        "Tax Effect Of Unusual Items": -133780800.0,
        "Tax Rate For Calcs": 0.282,
        "Normalized EBITDA": 272900000.0,
        "Total Unusual Items": -474400000.0,
        "Total Unusual Items Excluding Goodwill": -474400000.0,
        "Net Income From Continuing Operation Net Minority Interest": -184500000.0,
        "Reconciled Depreciation": 40200000.0,
        "Reconciled Cost Of Revenue": 561700000.0,
        "EBITDA": -201500000.0,
        "EBIT": -241700000.0,
        "Net Interest Income": -14600000.0,
        "Interest Expense": 15100000.0,
        "Interest Income": 500000.0,
        "Normalized Income": 156119200.0,
        "Net Income From Continuing And Discontinued Operation": -184500000.0,
        "Total Expenses": 748800000.0,
        "Total Operating Income As Reported": -237400000.0,
        "Diluted Average Shares": 106300000.0,
        "Basic Average Shares": 106300000.0,
        "Diluted EPS": -1.74,
        "Basic EPS": -1.74,
        "Diluted NI Availto Com Stockholders": -184500000.0,
        "Net Income Common Stockholders": -184500000.0,
        "Otherunder Preferred Stock Dividend": 0.0,
        "Net Income": -184500000.0,
        "Net Income Including Noncontrolling Interests": -184500000.0,
        "Net Income Continuous Operations": -184500000.0,
        "Tax Provision": -72300000.0,
        "Pretax Income": -256800000.0,
        "Other Income Expense": -479200000.0,
        "Other Non Operating Income Expenses": -4800000.0,
        "Special Income Charges": -474400000.0,
        "Impairment Of Capital Assets": 460100000.0,
        "Restructuring And Mergern Acquisition": 14300000.0,
        "Net Non Operating Interest Income Expense": -14600000.0,
        "Total Other Finance Cost": NaN,
        "Interest Expense Non Operating": 15100000.0,
        "Interest Income Non Operating": 500000.0,
        "Operating Income": 237000000.0,
        "Operating Expense": 187100000.0,
        "Other Operating Expenses": 6400000.0,
        "Depreciation Amortization Depletion Income Statement": 40200000.0,
        "Depreciation And Amortization In Income Statement": 40200000.0,
        "Amortization": 29800000.0,
        "Amortization Of Intangibles Income Statement": 29800000.0,
        "Depreciation Income Statement": 10400000.0,
        "Selling General And Administration": 140500000.0,
        "Selling And Marketing Expense": NaN,
        "General And Administrative Expense": 140500000.0,
        "Other Gand A": 54300000.0,
        "Salaries And Wages": 86200000.0,
        "Gross Profit": 424100000.0,
        "Cost Of Revenue": 561700000.0,
        "Total Revenue": 985800000.0,
        "Operating Revenue": 985800000.0
    },
    "2023-06-30": {
        "Tax Effect Of Unusual Items": NaN,
        "Tax Rate For Calcs": NaN,
        "Normalized EBITDA": NaN,
        "Total Unusual Items": NaN,
        "Total Unusual Items Excluding Goodwill": NaN,
        "Net Income From Continuing Operation Net Minority Interest": NaN,
        "Reconciled Depreciation": NaN,
        "Reconciled Cost Of Revenue": NaN,
        "EBITDA": NaN,
        "EBIT": NaN,
        "Net Interest Income": NaN,
        "Interest Expense": NaN,
        "Interest Income": NaN,
        "Normalized Income": NaN,
        "Net Income From Continuing And Discontinued Operation": NaN,
        "Total Expenses": NaN,
        "Total Operating Income As Reported": NaN,
        "Diluted Average Shares": NaN,
        "Basic Average Shares": NaN,
        "Diluted EPS": NaN,
        "Basic EPS": NaN,
        "Diluted NI Availto Com Stockholders": NaN,
        "Net Income Common Stockholders": NaN,
        "Otherunder Preferred Stock Dividend": NaN,
        "Net Income": NaN,
        "Net Income Including Noncontrolling Interests": NaN,
        "Net Income Continuous Operations": NaN,
        "Tax Provision": NaN,
        "Pretax Income": NaN,
        "Other Income Expense": NaN,
        "Other Non Operating Income Expenses": NaN,
        "Special Income Charges": NaN,
        "Impairment Of Capital Assets": NaN,
        "Restructuring And Mergern Acquisition": NaN,
        "Gain On Sale Of Security": NaN,
        "Net Non Operating Interest Income Expense": NaN,
        "Interest Expense Non Operating": NaN,
        "Interest Income Non Operating": NaN,
        "Operating Income": NaN,
        "Operating Expense": NaN,
        "Other Operating Expenses": NaN,
        "Depreciation Amortization Depletion Income Statement": NaN,
        "Depreciation And Amortization In Income Statement": NaN,
        "Selling General And Administration": NaN,
        "Selling And Marketing Expense": NaN,
        "General And Administrative Expense": NaN,
        "Other Gand A": NaN,
        "Salaries And Wages": 106500000.0,
        "Gross Profit": NaN,
        "Cost Of Revenue": NaN,
        "Total Revenue": NaN,
        "Operating Revenue": NaN
    },
    "2023-09-30": {
        "Tax Effect Of Unusual Items": NaN,
        "Tax Rate For Calcs": NaN,
        "Normalized EBITDA": NaN,
        "Total Unusual Items": NaN,
        "Total Unusual Items Excluding Goodwill": NaN,
        "Net Income From Continuing Operation Net Minority Interest": NaN,
        "Reconciled Depreciation": NaN,
        "Reconciled Cost Of Revenue": NaN,
        "EBITDA": NaN,
        "EBIT": NaN,
        "Net Interest Income": NaN,
        "Interest Expense": NaN,
        "Interest Income": NaN,
        "Normalized Income": NaN,
        "Net Income From Continuing And Discontinued Operation": NaN,
        "Total Expenses": NaN,
        "Total Operating Income As Reported": NaN,
        "Diluted Average Shares": NaN,
        "Basic Average Shares": NaN,
        "Diluted EPS": NaN,
        "Basic EPS": NaN,
        "Diluted NI Availto Com Stockholders": NaN,
        "Net Income Common Stockholders": NaN,
        "Otherunder Preferred Stock Dividend": NaN,
        "Net Income": NaN,
        "Net Income Including Noncontrolling Interests": NaN,
        "Net Income Continuous Operations": NaN,
        "Tax Provision": NaN,
        "Pretax Income": NaN,
        "Other Income Expense": NaN,
        "Other Non Operating Income Expenses": NaN,
        "Special Income Charges": NaN,
        "Impairment Of Capital Assets": 0.0,
        "Restructuring And Mergern Acquisition": NaN,
        "Gain On Sale Of Security": NaN,
        "Net Non Operating Interest Income Expense": NaN,
        "Interest Expense Non Operating": NaN,
        "Interest Income Non Operating": NaN,
        "Operating Income": NaN,
        "Operating Expense": NaN,
        "Other Operating Expenses": NaN,
        "Depreciation Amortization Depletion Income Statement": NaN,
        "Depreciation And Amortization In Income Statement": NaN,
        "Selling General And Administration": NaN,
        "Selling And Marketing Expense": NaN,
        "General And Administrative Expense": NaN,
        "Other Gand A": NaN,
        "Salaries And Wages": NaN,
        "Gross Profit": NaN,
        "Cost Of Revenue": NaN,
        "Total Revenue": NaN,
        "Operating Revenue": NaN
    },
    "2023-12-31": {
        "Tax Effect Of Unusual Items": NaN,
        "Tax Rate For Calcs": NaN,
        "Normalized EBITDA": NaN,
        "Total Unusual Items": NaN,
        "Total Unusual Items Excluding Goodwill": NaN,
        "Net Income From Continuing Operation Net Minority Interest": NaN,
        "Reconciled Depreciation": NaN,
        "Reconciled Cost Of Revenue": NaN,
        "EBITDA": NaN,
        "EBIT": NaN,
        "Net Interest Income": NaN,
        "Interest Expense": NaN,
        "Interest Income": NaN,
        "Normalized Income": NaN,
        "Net Income From Continuing And Discontinued Operation": NaN,
        "Total Expenses": NaN,
        "Total Operating Income As Reported": NaN,
        "Diluted Average Shares": NaN,
        "Basic Average Shares": NaN,
        "Diluted EPS": NaN,
        "Basic EPS": NaN,
        "Diluted NI Availto Com Stockholders": NaN,
        "Net Income Common Stockholders": NaN,
        "Otherunder Preferred Stock Dividend": NaN,
        "Net Income": NaN,
        "Net Income Including Noncontrolling Interests": NaN,
        "Net Income Continuous Operations": NaN,
        "Tax Provision": NaN,
        "Pretax Income": NaN,
        "Other Income Expense": NaN,
        "Other Non Operating Income Expenses": NaN,
        "Special Income Charges": NaN,
        "Impairment Of Capital Assets": 0.0,
        "Restructuring And Mergern Acquisition": NaN,
        "Gain On Sale Of Security": NaN,
        "Net Non Operating Interest Income Expense": NaN,
        "Interest Expense Non Operating": NaN,
        "Interest Income Non Operating": NaN,
        "Operating Income": NaN,
        "Operating Expense": NaN,
        "Other Operating Expenses": NaN,
        "Depreciation Amortization Depletion Income Statement": NaN,
        "Depreciation And Amortization In Income Statement": NaN,
        "Selling General And Administration": NaN,
        "Selling And Marketing Expense": NaN,
        "General And Administrative Expense": NaN,
        "Other Gand A": NaN,
        "Salaries And Wages": NaN,
        "Gross Profit": NaN,
        "Cost Of Revenue": NaN,
        "Total Revenue": NaN,
        "Operating Revenue": NaN
    },
    "2024-03-31": {
        "Tax Effect Of Unusual Items": NaN,
        "Tax Rate For Calcs": NaN,
        "Normalized EBITDA": NaN,
        "Total Unusual Items": NaN,
        "Total Unusual Items Excluding Goodwill": NaN,
        "Net Income From Continuing Operation Net Minority Interest": NaN,
        "Reconciled Depreciation": NaN,
        "Reconciled Cost Of Revenue": NaN,
        "EBITDA": NaN,
        "EBIT": NaN,
        "Net Interest Income": NaN,
        "Interest Expense": NaN,
        "Interest Income": NaN,
        "Normalized Income": NaN,
        "Net Income From Continuing And Discontinued Operation": NaN,
        "Total Expenses": NaN,
        "Total Operating Income As Reported": NaN,
        "Diluted Average Shares": 106100000.0,
        "Basic Average Shares": NaN,
        "Diluted EPS": 1.96,
        "Basic EPS": 1.97,
        "Diluted NI Availto Com Stockholders": NaN,
        "Net Income Common Stockholders": NaN,
        "Otherunder Preferred Stock Dividend": NaN,
        "Net Income": NaN,
        "Net Income Including Noncontrolling Interests": NaN,
        "Net Income Continuous Operations": NaN,
        "Tax Provision": NaN,
        "Pretax Income": NaN,
        "Other Income Expense": NaN,
        "Other Non Operating Income Expenses": NaN,
        "Special Income Charges": NaN,
        "Impairment Of Capital Assets": NaN,
        "Restructuring And Mergern Acquisition": NaN,
        "Gain On Sale Of Security": NaN,
        "Net Non Operating Interest Income Expense": NaN,
        "Interest Expense Non Operating": NaN,
        "Interest Income Non Operating": NaN,
        "Operating Income": NaN,
        "Operating Expense": NaN,
        "Other Operating Expenses": NaN,
        "Depreciation Amortization Depletion Income Statement": NaN,
        "Depreciation And Amortization In Income Statement": NaN,
        "Selling General And Administration": NaN,
        "Selling And Marketing Expense": NaN,
        "General And Administrative Expense": NaN,
        "Other Gand A": NaN,
        "Salaries And Wages": NaN,
        "Gross Profit": NaN,
        "Cost Of Revenue": NaN,
        "Total Revenue": NaN,
        "Operating Revenue": NaN
    },
    "2024-06-30": {
        "Tax Effect Of Unusual Items": -20759200.0,
        "Tax Rate For Calcs": 0.308,
        "Normalized EBITDA": 315000000.0,
        "Total Unusual Items": -67400000.0,
        "Total Unusual Items Excluding Goodwill": -67400000.0,
        "Net Income From Continuing Operation Net Minority Interest": 140400000.0,
        "Reconciled Depreciation": 31800000.0,
        "Reconciled Cost Of Revenue": 460200000.0,
        "EBITDA": 247600000.0,
        "EBIT": 215800000.0,
        "Net Interest Income": -8200000.0,
        "Interest Expense": 12800000.0,
        "Interest Income": 4600000.0,
        "Normalized Income": 187040800.0,
        "Net Income From Continuing And Discontinued Operation": 140400000.0,
        "Total Expenses": 682300000.0,
        "Total Operating Income As Reported": 210100000.0,
        "Diluted Average Shares": 105400000.0,
        "Basic Average Shares": 105100000.0,
        "Diluted EPS": 1.33,
        "Basic EPS": 1.33,
        "Diluted NI Availto Com Stockholders": 139700000.0,
        "Net Income Common Stockholders": 139700000.0,
        "Otherunder Preferred Stock Dividend": 700000.0,
        "Net Income": 140400000.0,
        "Net Income Including Noncontrolling Interests": 140400000.0,
        "Net Income Continuous Operations": 140400000.0,
        "Tax Provision": 62600000.0,
        "Pretax Income": 203000000.0,
        "Other Income Expense": -80500000.0,
        "Other Non Operating Income Expenses": -13100000.0,
        "Special Income Charges": -81600000.0,
        "Impairment Of Capital Assets": 81000000.0,
        "Restructuring And Mergern Acquisition": 600000.0,
        "Gain On Sale Of Security": 14200000.0,
        "Net Non Operating Interest Income Expense": -8200000.0,
        "Interest Expense Non Operating": 12800000.0,
        "Interest Income Non Operating": 4600000.0,
        "Operating Income": 291700000.0,
        "Operating Expense": 222100000.0,
        "Other Operating Expenses": 39100000.0,
        "Depreciation Amortization Depletion Income Statement": 31800000.0,
        "Depreciation And Amortization In Income Statement": 31800000.0,
        "Selling General And Administration": 151200000.0,
        "Selling And Marketing Expense": 9300000.0,
        "General And Administrative Expense": 141900000.0,
        "Other Gand A": 25800000.0,
        "Salaries And Wages": 116100000.0,
        "Gross Profit": 513800000.0,
        "Cost Of Revenue": 460200000.0,
        "Total Revenue": 974000000.0,
        "Operating Revenue": 974000000.0
    },
    "2024-09-30": {
        "Tax Effect Of Unusual Items": 293000.0,
        "Tax Rate For Calcs": 0.293,
        "Normalized EBITDA": 352600000.0,
        "Total Unusual Items": 1000000.0,
        "Total Unusual Items Excluding Goodwill": 1000000.0,
        "Net Income From Continuing Operation Net Minority Interest": 218500000.0,
        "Reconciled Depreciation": 31800000.0,
        "Reconciled Cost Of Revenue": 523700000.0,
        "EBITDA": 353600000.0,
        "EBIT": 321800000.0,
        "Net Interest Income": -1400000.0,
        "Interest Expense": 12800000.0,
        "Interest Income": 11400000.0,
        "Normalized Income": 217793000.0,
        "Net Income From Continuing And Discontinued Operation": 218500000.0,
        "Total Expenses": 748300000.0,
        "Total Operating Income As Reported": 307400000.0,
        "Diluted Average Shares": 105100000.0,
        "Basic Average Shares": 104700000.0,
        "Diluted EPS": 2.07,
        "Basic EPS": 2.08,
        "Diluted NI Availto Com Stockholders": 217400000.0,
        "Net Income Common Stockholders": 217400000.0,
        "Otherunder Preferred Stock Dividend": 1100000.0,
        "Net Income": 218500000.0,
        "Net Income Including Noncontrolling Interests": 218500000.0,
        "Net Income Continuous Operations": 218500000.0,
        "Tax Provision": 90500000.0,
        "Pretax Income": 309000000.0,
        "Other Income Expense": 3000000.0,
        "Other Non Operating Income Expenses": 2000000.0,
        "Special Income Charges": 0.0,
        "Impairment Of Capital Assets": 0.0,
        "Restructuring And Mergern Acquisition": 0.0,
        "Gain On Sale Of Security": 1000000.0,
        "Net Non Operating Interest Income Expense": -1400000.0,
        "Interest Expense Non Operating": 12800000.0,
        "Interest Income Non Operating": 11400000.0,
        "Operating Income": 307400000.0,
        "Operating Expense": 224600000.0,
        "Other Operating Expenses": 39200000.0,
        "Depreciation Amortization Depletion Income Statement": 31800000.0,
        "Depreciation And Amortization In Income Statement": 31800000.0,
        "Selling General And Administration": 153600000.0,
        "Selling And Marketing Expense": 12600000.0,
        "General And Administrative Expense": 141000000.0,
        "Other Gand A": 21900000.0,
        "Salaries And Wages": 119100000.0,
        "Gross Profit": 532000000.0,
        "Cost Of Revenue": 523700000.0,
        "Total Revenue": 1055700000.0,
        "Operating Revenue": 1055700000.0
    },
    "2024-12-31": {
        "Tax Effect Of Unusual Items": -89238.469789,
        "Tax Rate For Calcs": 0.297462,
        "Normalized EBITDA": 325000000.0,
        "Total Unusual Items": -300000.0,
        "Total Unusual Items Excluding Goodwill": -300000.0,
        "Net Income From Continuing Operation Net Minority Interest": 196500000.0,
        "Reconciled Depreciation": 32100000.0,
        "Reconciled Cost Of Revenue": 583100000.0,
        "EBITDA": 324700000.0,
        "EBIT": 292600000.0,
        "Net Interest Income": -5700000.0,
        "Interest Expense": 12900000.0,
        "Interest Income": 7200000.0,
        "Normalized Income": 196710761.530211,
        "Net Income From Continuing And Discontinued Operation": 196500000.0,
        "Total Expenses": 809000000.0,
        "Total Operating Income As Reported": 298500000.0,
        "Diluted Average Shares": 105100000.0,
        "Basic Average Shares": 104800000.0,
        "Diluted EPS": 1.86,
        "Basic EPS": 1.87,
        "Diluted NI Availto Com Stockholders": 195600000.0,
        "Net Income Common Stockholders": 195600000.0,
        "Otherunder Preferred Stock Dividend": 900000.0,
        "Net Income": 196500000.0,
        "Net Income Including Noncontrolling Interests": 196500000.0,
        "Net Income Continuous Operations": 196500000.0,
        "Tax Provision": 83200000.0,
        "Pretax Income": 279700000.0,
        "Other Income Expense": -13200000.0,
        "Other Non Operating Income Expenses": -12900000.0,
        "Special Income Charges": -100000.0,
        "Impairment Of Capital Assets": 0.0,
        "Restructuring And Mergern Acquisition": 100000.0,
        "Gain On Sale Of Security": -200000.0,
        "Net Non Operating Interest Income Expense": -5700000.0,
        "Interest Expense Non Operating": 12900000.0,
        "Interest Income Non Operating": 7200000.0,
        "Operating Income": 298600000.0,
        "Operating Expense": 225900000.0,
        "Other Operating Expenses": 39900000.0,
        "Depreciation Amortization Depletion Income Statement": 32100000.0,
        "Depreciation And Amortization In Income Statement": 32100000.0,
        "Selling General And Administration": 153900000.0,
        "Selling And Marketing Expense": 16400000.0,
        "General And Administrative Expense": 137500000.0,
        "Other Gand A": 25600000.0,
        "Salaries And Wages": 111900000.0,
        "Gross Profit": 524500000.0,
        "Cost Of Revenue": 583100000.0,
        "Total Revenue": 1107600000.0,
        "Operating Revenue": 1107600000.0
    },
    "2025-03-31": {
        "Tax Effect Of Unusual Items": -994000.0,
        "Tax Rate For Calcs": 0.284,
        "Normalized EBITDA": 396800000.0,
        "Total Unusual Items": -3500000.0,
        "Total Unusual Items Excluding Goodwill": -3500000.0,
        "Net Income From Continuing Operation Net Minority Interest": 250600000.0,
        "Reconciled Depreciation": 30300000.0,
        "Reconciled Cost Of Revenue": 629800000.0,
        "EBITDA": 393300000.0,
        "EBIT": 363000000.0,
        "Net Interest Income": -4400000.0,
        "Interest Expense": 12800000.0,
        "Interest Income": 8400000.0,
        "Normalized Income": 253106000.0,
        "Net Income From Continuing And Discontinued Operation": 250600000.0,
        "Total Expenses": 840900000.0,
        "Total Operating Income As Reported": 353900000.0,
        "Diluted Average Shares": 105100000.0,
        "Basic Average Shares": 104700000.0,
        "Diluted EPS": 2.37,
        "Basic EPS": 2.38,
        "Diluted NI Availto Com Stockholders": 249400000.0,
        "Net Income Common Stockholders": 249400000.0,
        "Otherunder Preferred Stock Dividend": 1200000.0,
        "Net Income": 250600000.0,
        "Net Income Including Noncontrolling Interests": 250600000.0,
        "Net Income Continuous Operations": 250600000.0,
        "Tax Provision": 99600000.0,
        "Pretax Income": 350200000.0,
        "Other Income Expense": 500000.0,
        "Other Non Operating Income Expenses": 4000000.0,
        "Special Income Charges": -200000.0,
        "Impairment Of Capital Assets": NaN,
        "Restructuring And Mergern Acquisition": 200000.0,
        "Gain On Sale Of Security": -3300000.0,
        "Net Non Operating Interest Income Expense": -4400000.0,
        "Interest Expense Non Operating": 12800000.0,
        "Interest Income Non Operating": 8400000.0,
        "Operating Income": 354100000.0,
        "Operating Expense": 211100000.0,
        "Other Operating Expenses": 31200000.0,
        "Depreciation Amortization Depletion Income Statement": 30300000.0,
        "Depreciation And Amortization In Income Statement": 30300000.0,
        "Selling General And Administration": 149600000.0,
        "Selling And Marketing Expense": 6400000.0,
        "General And Administrative Expense": 143200000.0,
        "Other Gand A": 27000000.0,
        "Salaries And Wages": 116200000.0,
        "Gross Profit": 565200000.0,
        "Cost Of Revenue": 629800000.0,
        "Total Revenue": 1195000000.0,
        "Operating Revenue": 1195000000.0
    },
    "2025-06-30": {
        "Tax Effect Of Unusual Items": -5405400.0,
        "Tax Rate For Calcs": 0.297,
        "Normalized EBITDA": 395600000.0,
        "Total Unusual Items": -18200000.0,
        "Total Unusual Items Excluding Goodwill": -18200000.0,
        "Net Income From Continuing Operation Net Minority Interest": 235100000.0,
        "Reconciled Depreciation": 29900000.0,
        "Reconciled Cost Of Revenue": 586200000.0,
        "EBITDA": 377400000.0,
        "EBIT": 347500000.0,
        "Net Interest Income": -1600000.0,
        "Interest Expense": 12900000.0,
        "Interest Income": 11300000.0,
        "Normalized Income": 247887866.108787,
        "Net Income From Continuing And Discontinued Operation": 235100000.0,
        "Total Expenses": 817300000.0,
        "Total Operating Income As Reported": 339100000.0,
        "Diluted Average Shares": NaN,
        "Basic Average Shares": 104700000.0,
        "Diluted EPS": NaN,
        "Basic EPS": NaN,
        "Diluted NI Availto Com Stockholders": 233900000.0,
        "Net Income Common Stockholders": 233900000.0,
        "Otherunder Preferred Stock Dividend": 1200000.0,
        "Net Income": 235100000.0,
        "Net Income Including Noncontrolling Interests": 235100000.0,
        "Net Income Continuous Operations": 235100000.0,
        "Tax Provision": 99500000.0,
        "Pretax Income": 334600000.0,
        "Other Income Expense": -20000000.0,
        "Other Non Operating Income Expenses": -1800000.0,
        "Special Income Charges": -17100000.0,
        "Impairment Of Capital Assets": 17100000.0,
        "Restructuring And Mergern Acquisition": 0.0,
        "Gain On Sale Of Security": -1100000.0,
        "Net Non Operating Interest Income Expense": -1600000.0,
        "Interest Expense Non Operating": 12900000.0,
        "Interest Income Non Operating": 11300000.0,
        "Operating Income": 356200000.0,
        "Operating Expense": 231100000.0,
        "Other Operating Expenses": 40300000.0,
        "Depreciation Amortization Depletion Income Statement": 29900000.0,
        "Depreciation And Amortization In Income Statement": 29900000.0,
        "Selling General And Administration": 160900000.0,
        "Selling And Marketing Expense": 8200000.0,
        "General And Administrative Expense": 152700000.0,
        "Other Gand A": 24800000.0,
        "Salaries And Wages": 127900000.0,
        "Gross Profit": 587300000.0,
        "Cost Of Revenue": 586200000.0,
        "Total Revenue": 1173500000.0,
        "Operating Revenue": 1173500000.0
    }
}