{
    "2023-06-30": {
        "Tax Effect Of Unusual Items": NaN,
        "Tax Rate For Calcs": NaN,
        "Normalized EBITDA": NaN,
        "Total Unusual Items": NaN,
        "Total Unusual Items Excluding Goodwill": NaN,
        "Net Income From Continuing Operation Net Minority Interest": NaN,
        "Reconciled Depreciation": NaN,
        "Reconciled Cost Of Revenue": NaN,
        "EBITDA": NaN,
        "EBIT": NaN,
        "Net Interest Income": NaN,
        "Normalized Income": NaN,
        "Net Income From Continuing And Discontinued Operation": NaN,
        "Total Expenses": NaN,
        "Total Operating Income As Reported": NaN,
        "Diluted Average Shares": NaN,
        "Basic Average Shares": NaN,
        "Diluted EPS": NaN,
        "Basic EPS": NaN,
        "Diluted NI Availto Com Stockholders": NaN,
        "Net Income Common Stockholders": NaN,
        "Net Income": NaN,
        "Minority Interests": NaN,
        "Net Income Including Noncontrolling Interests": NaN,
        "Net Income Continuous Operations": NaN,
        "Tax Provision": NaN,
        "Pretax Income": NaN,
        "Other Income Expense": NaN,
        "Other Non Operating Income Expenses": NaN,
        "Special Income Charges": 0.0,
        "Write Off": NaN,
        "Impairment Of Capital Assets": 0.0,
        "Earnings From Equity Interest": NaN,
        "Gain On Sale Of Security": NaN,
        "Net Non Operating Interest Income Expense": NaN,
        "Total Other Finance Cost": NaN,
        "Operating Income": NaN,
        "Operating Expense": NaN,
        "Other Operating Expenses": NaN,
        "Depreciation Amortization Depletion Income Statement": NaN,
        "Depreciation And Amortization In Income Statement": NaN,
        "Gross Profit": NaN,
        "Cost Of Revenue": NaN,
        "Total Revenue": NaN,
        "Operating Revenue": NaN
    },
    "2023-03-31": {
        "Tax Effect Of Unusual Items": NaN,
        "Tax Rate For Calcs": NaN,
        "Normalized EBITDA": NaN,
        "Total Unusual Items": NaN,
        "Total Unusual Items Excluding Goodwill": NaN,
        "Net Income From Continuing Operation Net Minority Interest": NaN,
        "Reconciled Depreciation": NaN,
        "Reconciled Cost Of Revenue": NaN,
        "EBITDA": NaN,
        "EBIT": NaN,
        "Net Interest Income": NaN,
        "Interest Expense": 28414000.0,
        "Normalized Income": NaN,
        "Net Income From Continuing And Discontinued Operation": NaN,
        "Total Expenses": NaN,
        "Total Operating Income As Reported": NaN,
        "Diluted Average Shares": NaN,
        "Basic Average Shares": NaN,
        "Diluted EPS": NaN,
        "Basic EPS": NaN,
        "Diluted NI Availto Com Stockholders": NaN,
        "Net Income Common Stockholders": NaN,
        "Net Income": NaN,
        "Minority Interests": NaN,
        "Net Income Including Noncontrolling Interests": NaN,
        "Net Income Continuous Operations": NaN,
        "Tax Provision": NaN,
        "Pretax Income": NaN,
        "Other Income Expense": NaN,
        "Other Non Operating Income Expenses": NaN,
        "Special Income Charges": 0.0,
        "Write Off": NaN,
        "Impairment Of Capital Assets": 0.0,
        "Earnings From Equity Interest": NaN,
        "Gain On Sale Of Security": NaN,
        "Net Non Operating Interest Income Expense": NaN,
        "Total Other Finance Cost": NaN,
        "Interest Expense Non Operating": 28414000.0,
        "Operating Income": NaN,
        "Operating Expense": NaN,
        "Other Operating Expenses": NaN,
        "Depreciation Amortization Depletion Income Statement": NaN,
        "Depreciation And Amortization In Income Statement": NaN,
        "Selling General And Administration": 1208904000.0,
        "Gross Profit": NaN,
        "Cost Of Revenue": NaN,
        "Total Revenue": NaN,
        "Operating Revenue": NaN
    },
    "2022-12-31": {
        "Tax Effect Of Unusual Items": NaN,
        "Tax Rate For Calcs": NaN,
        "Normalized EBITDA": NaN,
        "Total Unusual Items": NaN,
        "Total Unusual Items Excluding Goodwill": NaN,
        "Net Income From Continuing Operation Net Minority Interest": NaN,
        "Reconciled Depreciation": NaN,
        "Reconciled Cost Of Revenue": NaN,
        "EBITDA": NaN,
        "EBIT": NaN,
        "Net Interest Income": NaN,
        "Interest Expense": NaN,
        "Normalized Income": NaN,
        "Net Income From Continuing And Discontinued Operation": NaN,
        "Total Expenses": NaN,
        "Total Operating Income As Reported": NaN,
        "Diluted Average Shares": NaN,
        "Basic Average Shares": NaN,
        "Diluted EPS": NaN,
        "Basic EPS": NaN,
        "Diluted NI Availto Com Stockholders": NaN,
        "Net Income Common Stockholders": NaN,
        "Net Income": NaN,
        "Minority Interests": NaN,
        "Net Income Including Noncontrolling Interests": NaN,
        "Net Income Continuous Operations": NaN,
        "Tax Provision": NaN,
        "Pretax Income": NaN,
        "Other Income Expense": NaN,
        "Other Non Operating Income Expenses": NaN,
        "Special Income Charges": -21955000.0,
        "Other Special Charges": -2000.0,
        "Write Off": NaN,
        "Impairment Of Capital Assets": NaN,
        "Earnings From Equity Interest": NaN,
        "Gain On Sale Of Security": NaN,
        "Net Non Operating Interest Income Expense": NaN,
        "Total Other Finance Cost": NaN,
        "Interest Expense Non Operating": NaN,
        "Operating Income": NaN,
        "Operating Expense": NaN,
        "Other Operating Expenses": NaN,
        "Depreciation Amortization Depletion Income Statement": NaN,
        "Depreciation And Amortization In Income Statement": NaN,
        "Selling General And Administration": 1314329000.0,
        "Gross Profit": NaN,
        "Cost Of Revenue": NaN,
        "Total Revenue": NaN,
        "Operating Revenue": NaN
    },
    "2022-09-30": {
        "Tax Effect Of Unusual Items": NaN,
        "Tax Rate For Calcs": NaN,
        "Normalized EBITDA": NaN,
        "Total Unusual Items": NaN,
        "Total Unusual Items Excluding Goodwill": NaN,
        "Net Income From Continuing Operation Net Minority Interest": NaN,
        "Reconciled Depreciation": NaN,
        "Reconciled Cost Of Revenue": NaN,
        "EBITDA": NaN,
        "EBIT": NaN,
        "Net Interest Income": NaN,
        "Interest Expense": 19957000.0,
        "Normalized Income": NaN,
        "Net Income From Continuing And Discontinued Operation": NaN,
        "Total Expenses": NaN,
        "Total Operating Income As Reported": NaN,
        "Diluted Average Shares": NaN,
        "Basic Average Shares": NaN,
        "Diluted EPS": NaN,
        "Basic EPS": NaN,
        "Diluted NI Availto Com Stockholders": NaN,
        "Net Income Common Stockholders": NaN,
        "Net Income": NaN,
        "Minority Interests": NaN,
        "Net Income Including Noncontrolling Interests": NaN,
        "Net Income Continuous Operations": NaN,
        "Tax Provision": NaN,
        "Pretax Income": NaN,
        "Other Income Expense": NaN,
        "Other Non Operating Income Expenses": NaN,
        "Special Income Charges": NaN,
        "Other Special Charges": 1862000.0,
        "Write Off": 0.0,
        "Impairment Of Capital Assets": 0.0,
        "Earnings From Equity Interest": NaN,
        "Gain On Sale Of Security": NaN,
        "Net Non Operating Interest Income Expense": NaN,
        "Total Other Finance Cost": NaN,
        "Interest Expense Non Operating": 19957000.0,
        "Operating Income": NaN,
        "Operating Expense": NaN,
        "Other Operating Expenses": NaN,
        "Depreciation Amortization Depletion Income Statement": NaN,
        "Depreciation And Amortization In Income Statement": NaN,
        "Selling General And Administration": 1080316000.0,
        "Gross Profit": NaN,
        "Cost Of Revenue": NaN,
        "Total Revenue": NaN,
        "Operating Revenue": NaN
    },
    "2022-06-30": {
        "Tax Effect Of Unusual Items": 29824957.837027,
        "Tax Rate For Calcs": 0.197751,
        "Normalized EBITDA": 640734000.0,
        "Total Unusual Items": 150821000.0,
        "Total Unusual Items Excluding Goodwill": 150821000.0,
        "Net Income From Continuing Operation Net Minority Interest": 487322000.0,
        "Reconciled Depreciation": 162359000.0,
        "Reconciled Cost Of Revenue": 6053984000.0,
        "EBITDA": 791555000.0,
        "EBIT": 629196000.0,
        "Net Interest Income": -18518000.0,
        "Interest Expense": 18518000.0,
        "Normalized Income": 366325957.837027,
        "Net Income From Continuing And Discontinued Operation": 487322000.0,
        "Total Expenses": 7405162000.0,
        "Total Operating Income As Reported": 516937000.0,
        "Diluted Average Shares": 329843710.0,
        "Basic Average Shares": 325415305.0,
        "Diluted EPS": 1.48,
        "Basic EPS": 1.5,
        "Diluted NI Availto Com Stockholders": 487322000.0,
        "Net Income Common Stockholders": 487322000.0,
        "Net Income": 487322000.0,
        "Minority Interests": -2594000.0,
        "Net Income Including Noncontrolling Interests": 489916000.0,
        "Net Income Continuous Operations": 489916000.0,
        "Tax Provision": 120762000.0,
        "Pretax Income": 610678000.0,
        "Other Income Expense": 263080000.0,
        "Other Non Operating Income Expenses": -6909000.0,
        "Special Income Charges": -26405000.0,
        "Other Special Charges": NaN,
        "Impairment Of Capital Assets": 26405000.0,
        "Earnings From Equity Interest": 119168000.0,
        "Gain On Sale Of Security": 177226000.0,
        "Net Non Operating Interest Income Expense": -18518000.0,
        "Total Other Finance Cost": NaN,
        "Interest Expense Non Operating": 18518000.0,
        "Operating Income": 366116000.0,
        "Operating Expense": 1351178000.0,
        "Other Operating Expenses": NaN,
        "Depreciation Amortization Depletion Income Statement": 162359000.0,
        "Depreciation And Amortization In Income Statement": 162359000.0,
        "Selling General And Administration": 1188819000.0,
        "Gross Profit": 1717294000.0,
        "Cost Of Revenue": 6053984000.0,
        "Total Revenue": 7771278000.0,
        "Operating Revenue": 7771278000.0
    },
    "2022-03-31": {
        "Diluted EPS": 1.16,
        "Total Revenue": NaN,
        "Gross Profit": NaN,
        "Operating Income": 377,
        "EBIT": 528,
        "Net Income": 392
    },
    "2021-12-31": {
        "Diluted EPS": 2.05,
        "Total Revenue": NaN,
        "Gross Profit": NaN,
        "Operating Income": 592,
        "EBIT": 758,
        "Net Income": 692
    },
    "2021-09-30": {
        "Diluted EPS": 1.28,
        "Total Revenue": NaN,
        "Gross Profit": NaN,
        "Operating Income": 410,
        "EBIT": 534,
        "Net Income": 436
    },
    "2021-06-30": {
        "Diluted EPS": 1.3,
        "Total Revenue": NaN,
        "Gross Profit": NaN,
        "Operating Income": 366,
        "EBIT": 487,
        "Net Income": 443
    },
    "2021-03-31": {
        "Diluted EPS": 0.78,
        "Total Revenue": NaN,
        "Gross Profit": NaN,
        "Operating Income": 269,
        "EBIT": 393,
        "Net Income": 266
    },
    "2020-12-31": {
        "Diluted EPS": 0.92,
        "Total Revenue": NaN,
        "Gross Profit": NaN,
        "Operating Income": 444,
        "EBIT": 754,
        "Net Income": 314
    },
    "2020-09-30": {
        "Diluted EPS": 0.55,
        "Total Revenue": NaN,
        "Gross Profit": NaN,
        "Operating Income": 211,
        "EBIT": 266,
        "Net Income": 184
    },
    "2020-06-30": {
        "Diluted EPS": 0.24,
        "Total Revenue": NaN,
        "Gross Profit": 982,
        "Operating Income": 94,
        "EBIT": 212,
        "Net Income": 82
    },
    "2020-03-31": {
        "Diluted EPS": 0.51,
        "Total Revenue": NaN,
        "Gross Profit": NaN,
        "Operating Income": 220,
        "EBIT": 411,
        "Net Income": 172
    },
    "2019-12-31": {
        "Diluted EPS": 1.88,
        "Total Revenue": NaN,
        "Gross Profit": NaN,
        "Operating Income": 514,
        "EBIT": 631,
        "Net Income": 638
    },
    "2019-09-30": {
        "Diluted EPS": 0.75,
        "Total Revenue": NaN,
        "Gross Profit": NaN,
        "Operating Income": 317,
        "EBIT": 430,
        "Net Income": 257
    },
    "2019-06-30": {
        "Diluted EPS": 0.66,
        "Total Revenue": NaN,
        "Gross Profit": NaN,
        "Operating Income": 284,
        "EBIT": 481,
        "Net Income": 224
    },
    "2019-03-31": {
        "Diluted EPS": 0.48,
        "Total Revenue": NaN,
        "Gross Profit": NaN,
        "Operating Income": 145,
        "EBIT": 255,
        "Net Income": 164
    },
    "2018-12-31": {
        "Diluted EPS": 1.14,
        "Total Revenue": NaN,
        "Gross Profit": NaN,
        "Operating Income": 459,
        "EBIT": 578,
        "Net Income": 394
    },
    "2018-09-30": {
        "Diluted EPS": 0.85,
        "Total Revenue": NaN,
        "Gross Profit": NaN,
        "Operating Income": 190,
        "EBIT": 305,
        "Net Income": 290
    },
    "2018-06-30": {
        "Diluted EPS": 0.67,
        "Total Revenue": NaN,
        "Gross Profit": NaN,
        "Operating Income": 225,
        "EBIT": 341,
        "Net Income": 229
    },
    "2018-03-31": {
        "Diluted EPS": 0.44,
        "Total Revenue": NaN,
        "Gross Profit": NaN,
        "Operating Income": 214,
        "EBIT": 352,
        "Net Income": 150
    },
    "2017-12-31": {
        "Diluted EPS": 0.48,
        "Total Revenue": NaN,
        "Gross Profit": NaN,
        "Operating Income": 406,
        "EBIT": 519,
        "Net Income": 159
    },
    "2017-09-30": {
        "Diluted EPS": 0.58,
        "Total Revenue": NaN,
        "Gross Profit": NaN,
        "Operating Income": 239,
        "EBIT": 344,
        "Net Income": 199
    },
    "2017-06-30": {
        "Diluted EPS": 0.59,
        "Total Revenue": NaN,
        "Gross Profit": NaN,
        "Operating Income": 228,
        "EBIT": 331,
        "Net Income": 202
    },
    "2017-03-31": {
        "Diluted EPS": 0.4,
        "Total Revenue": NaN,
        "Gross Profit": 904,
        "Operating Income": 205,
        "EBIT": 302,
        "Net Income": 137
    },
    "2016-12-31": {
        "Diluted EPS": 0.78,
        "Total Revenue": NaN,
        "Gross Profit": NaN,
        "Operating Income": 354,
        "EBIT": 454,
        "Net Income": 265
    },
    "2016-09-30": {
        "Diluted EPS": 0.31,
        "Total Revenue": NaN,
        "Gross Profit": 941,
        "Operating Income": 172,
        "EBIT": 268,
        "Net Income": 104
    },
    "2016-06-30": {
        "Diluted EPS": 0.36,
        "Total Revenue": NaN,
        "Gross Profit": 953,
        "Operating Income": 183,
        "EBIT": 275,
        "Net Income": 122
    },
    "2016-03-31": {
        "Diluted EPS": 0.24,
        "Total Revenue": NaN,
        "Gross Profit": 833,
        "Operating Income": 108,
        "EBIT": 197,
        "Net Income": 82
    },
    "2015-12-31": {
        "Diluted EPS": 0.54,
        "Total Revenue": NaN,
        "Gross Profit": NaN,
        "Operating Income": 207,
        "EBIT": 308,
        "Net Income": 180
    },
    "2015-09-30": {
        "Diluted EPS": 0.44,
        "Total Revenue": NaN,
        "Gross Profit": 939,
        "Operating Income": 240,
        "EBIT": 318,
        "Net Income": 149
    },
    "2015-06-30": {
        "Diluted EPS": 0.37,
        "Total Revenue": NaN,
        "Gross Profit": 903,
        "Operating Income": 229,
        "EBIT": 302,
        "Net Income": 125
    },
    "2015-03-31": {
        "Diluted EPS": 0.28,
        "Total Revenue": NaN,
        "Gross Profit": 762,
        "Operating Income": 160,
        "EBIT": 235,
        "Net Income": 93
    },
    "2014-12-31": {
        "Diluted EPS": 0.61,
        "Total Revenue": NaN,
        "Gross Profit": NaN,
        "Operating Income": 289,
        "EBIT": 360,
        "Net Income": 204
    },
    "2014-09-30": {
        "Diluted EPS": 0.32,
        "Total Revenue": NaN,
        "Gross Profit": 846,
        "Operating Income": 185,
        "EBIT": 260,
        "Net Income": 107
    },
    "2014-06-30": {
        "Diluted EPS": 0.32,
        "Total Revenue": NaN,
        "Gross Profit": 812,
        "Operating Income": 206,
        "EBIT": 271,
        "Net Income": 105
    },
    "2014-03-31": {
        "Diluted EPS": 0.2,
        "Total Revenue": NaN,
        "Gross Profit": 699,
        "Operating Income": 112,
        "EBIT": 180,
        "Net Income": 68
    },
    "2013-12-31": {
        "Diluted EPS": 0.35,
        "Total Revenue": NaN,
        "Gross Profit": 957,
        "Operating Income": 169,
        "EBIT": 322,
        "Net Income": 115
    },
    "2013-09-30": {
        "Diluted EPS": 0.28,
        "Total Revenue": NaN,
        "Gross Profit": 702,
        "Operating Income": 158,
        "EBIT": 207,
        "Net Income": 94
    },
    "2013-06-30": {
        "Diluted EPS": 0.21,
        "Total Revenue": NaN,
        "Gross Profit": 723,
        "Operating Income": 188,
        "EBIT": 251,
        "Net Income": 70
    },
    "2013-03-31": {
        "Diluted EPS": 0.11,
        "Total Revenue": NaN,
        "Gross Profit": 614,
        "Operating Income": 101,
        "EBIT": 163,
        "Net Income": 38
    },
    "2012-12-31": {
        "Diluted EPS": 0.54,
        "Total Revenue": NaN,
        "Gross Profit": 874,
        "Operating Income": 233,
        "EBIT": 281,
        "Net Income": 173
    },
    "2012-09-30": {
        "Diluted EPS": 0.12,
        "Total Revenue": NaN,
        "Gross Profit": 642,
        "Operating Income": 104,
        "EBIT": 165,
        "Net Income": 40
    },
    "2012-06-30": {
        "Diluted EPS": 0.23,
        "Total Revenue": NaN,
        "Gross Profit": 693,
        "Operating Income": 173,
        "EBIT": 214,
        "Net Income": 76
    },
    "2012-03-31": {
        "Diluted EPS": 0.08,
        "Total Revenue": NaN,
        "Gross Profit": 562,
        "Operating Income": 76,
        "EBIT": 125,
        "Net Income": 27
    },
    "2011-12-31": {
        "Diluted EPS": 0.24,
        "Total Revenue": NaN,
        "Gross Profit": 755,
        "Operating Income": 117,
        "EBIT": 155,
        "Net Income": 80
    },
    "2011-09-30": {
        "Diluted EPS": 0.2,
        "Total Revenue": NaN,
        "Gross Profit": 640,
        "Operating Income": 143,
        "EBIT": 176,
        "Net Income": 64
    },
    "2011-06-30": {
        "Diluted EPS": 0.19,
        "Total Revenue": NaN,
        "Gross Profit": 582,
        "Operating Income": 130,
        "EBIT": 157,
        "Net Income": 61
    },
    "2011-03-31": {
        "Diluted EPS": 0.11,
        "Total Revenue": NaN,
        "Gross Profit": 471,
        "Operating Income": 73,
        "EBIT": 98,
        "Net Income": 34
    },
    "2010-12-31": {
        "Diluted EPS": 0.3,
        "Total Revenue": NaN,
        "Gross Profit": 720,
        "Operating Income": 173,
        "EBIT": 223,
        "Net Income": 95
    },
    "2010-09-30": {
        "Diluted EPS": 0.18,
        "Total Revenue": NaN,
        "Gross Profit": 531,
        "Operating Income": 131,
        "EBIT": 159,
        "Net Income": 57
    },
    "2010-06-30": {
        "Diluted EPS": 0.17,
        "Total Revenue": NaN,
        "Gross Profit": 493,
        "Operating Income": 97,
        "EBIT": 127,
        "Net Income": 55
    },
    "2010-03-31": {
        "Diluted EPS": -0.02,
        "Total Revenue": NaN,
        "Gross Profit": 411,
        "Operating Income": 46,
        "EBIT": 75,
        "Net Income": -7
    },
    "2009-12-31": {
        "Diluted EPS": 0.24,
        "Total Revenue": NaN,
        "Gross Profit": 575,
        "Operating Income": 140,
        "EBIT": 168,
        "Net Income": 64
    },
    "2009-09-30": {
        "Diluted EPS": 0.04,
        "Total Revenue": NaN,
        "Gross Profit": 417,
        "Operating Income": 57,
        "EBIT": 84,
        "Net Income": 12
    },
    "2009-06-30": {
        "Diluted EPS": -0.02,
        "Total Revenue": 956,
        "Gross Profit": 389,
        "Operating Income": 39,
        "EBIT": 65,
        "Net Income": -7
    },
    "2009-03-31": {
        "Diluted EPS": -0.14,
        "Total Revenue": 890,
        "Gross Profit": 337,
        "Operating Income": 5,
        "EBIT": 63,
        "Net Income": -37
    },
    "2023-09-30": {
        "Tax Effect Of Unusual Items": NaN,
        "Tax Rate For Calcs": NaN,
        "Normalized EBITDA": NaN,
        "Total Unusual Items": 5000000.0,
        "Total Unusual Items Excluding Goodwill": 5000000.0,
        "Net Income From Continuing Operation Net Minority Interest": NaN,
        "Reconciled Depreciation": NaN,
        "Reconciled Cost Of Revenue": NaN,
        "EBITDA": NaN,
        "EBIT": NaN,
        "Net Interest Income": NaN,
        "Normalized Income": NaN,
        "Net Income From Continuing And Discontinued Operation": NaN,
        "Total Expenses": NaN,
        "Total Operating Income As Reported": NaN,
        "Diluted Average Shares": NaN,
        "Basic Average Shares": NaN,
        "Diluted EPS": NaN,
        "Basic EPS": NaN,
        "Diluted NI Availto Com Stockholders": NaN,
        "Net Income Common Stockholders": NaN,
        "Net Income": NaN,
        "Minority Interests": NaN,
        "Net Income Including Noncontrolling Interests": NaN,
        "Net Income Continuous Operations": NaN,
        "Tax Provision": NaN,
        "Pretax Income": NaN,
        "Other Income Expense": NaN,
        "Other Non Operating Income Expenses": NaN,
        "Special Income Charges": 0.0,
        "Write Off": 0.0,
        "Earnings From Equity Interest": NaN,
        "Gain On Sale Of Security": 5000000.0,
        "Net Non Operating Interest Income Expense": NaN,
        "Total Other Finance Cost": NaN,
        "Operating Income": NaN,
        "Operating Expense": NaN,
        "Other Operating Expenses": NaN,
        "Depreciation Amortization Depletion Income Statement": NaN,
        "Depreciation And Amortization In Income Statement": NaN,
        "Gross Profit": NaN,
        "Cost Of Revenue": NaN,
        "Total Revenue": NaN,
        "Operating Revenue": NaN
    },
    "2023-12-31": {
        "Tax Effect Of Unusual Items": NaN,
        "Tax Rate For Calcs": NaN,
        "Normalized EBITDA": NaN,
        "Total Unusual Items": NaN,
        "Total Unusual Items Excluding Goodwill": NaN,
        "Net Income From Continuing Operation Net Minority Interest": NaN,
        "Reconciled Depreciation": NaN,
        "Reconciled Cost Of Revenue": NaN,
        "EBITDA": NaN,
        "EBIT": NaN,
        "Net Interest Income": NaN,
        "Normalized Income": NaN,
        "Net Income From Continuing And Discontinued Operation": NaN,
        "Total Expenses": NaN,
        "Total Operating Income As Reported": NaN,
        "Diluted Average Shares": NaN,
        "Basic Average Shares": NaN,
        "Diluted EPS": NaN,
        "Basic EPS": NaN,
        "Diluted NI Availto Com Stockholders": NaN,
        "Net Income Common Stockholders": NaN,
        "Net Income": NaN,
        "Minority Interests": NaN,
        "Net Income Including Noncontrolling Interests": NaN,
        "Net Income Continuous Operations": NaN,
        "Tax Provision": NaN,
        "Pretax Income": NaN,
        "Other Income Expense": NaN,
        "Other Non Operating Income Expenses": NaN,
        "Special Income Charges": 0.0,
        "Other Special Charges": NaN,
        "Earnings From Equity Interest": NaN,
        "Gain On Sale Of Security": 9262000.0,
        "Net Non Operating Interest Income Expense": NaN,
        "Total Other Finance Cost": NaN,
        "Operating Income": NaN,
        "Operating Expense": NaN,
        "Other Operating Expenses": NaN,
        "Depreciation Amortization Depletion Income Statement": NaN,
        "Depreciation And Amortization In Income Statement": NaN,
        "Gross Profit": NaN,
        "Cost Of Revenue": NaN,
        "Total Revenue": NaN,
        "Operating Revenue": NaN
    },
    "2024-03-31": {
        "Tax Effect Of Unusual Items": NaN,
        "Tax Rate For Calcs": NaN,
        "Normalized EBITDA": NaN,
        "Total Unusual Items": 13000000.0,
        "Total Unusual Items Excluding Goodwill": 13000000.0,
        "Net Income From Continuing Operation Net Minority Interest": NaN,
        "Reconciled Depreciation": NaN,
        "Reconciled Cost Of Revenue": NaN,
        "EBITDA": NaN,
        "EBIT": NaN,
        "Net Interest Income": NaN,
        "Normalized Income": NaN,
        "Net Income From Continuing And Discontinued Operation": NaN,
        "Total Expenses": NaN,
        "Total Operating Income As Reported": NaN,
        "Diluted Average Shares": NaN,
        "Basic Average Shares": NaN,
        "Diluted EPS": NaN,
        "Basic EPS": NaN,
        "Diluted NI Availto Com Stockholders": NaN,
        "Net Income Common Stockholders": NaN,
        "Net Income": NaN,
        "Minority Interests": NaN,
        "Net Income Including Noncontrolling Interests": NaN,
        "Net Income Continuous Operations": NaN,
        "Tax Provision": NaN,
        "Pretax Income": NaN,
        "Other Income Expense": NaN,
        "Other Non Operating Income Expenses": NaN,
        "Special Income Charges": NaN,
        "Other Special Charges": NaN,
        "Earnings From Equity Interest": NaN,
        "Gain On Sale Of Security": 13000000.0,
        "Net Non Operating Interest Income Expense": NaN,
        "Total Other Finance Cost": NaN,
        "Operating Income": NaN,
        "Operating Expense": NaN,
        "Other Operating Expenses": NaN,
        "Depreciation Amortization Depletion Income Statement": NaN,
        "Depreciation And Amortization In Income Statement": NaN,
        "Gross Profit": NaN,
        "Cost Of Revenue": NaN,
        "Total Revenue": NaN,
        "Operating Revenue": NaN
    },
    "2024-06-30": {
        "Tax Effect Of Unusual Items": 0.0,
        "Tax Rate For Calcs": 0.185,
        "Normalized EBITDA": 499000000.0,
        "Total Unusual Items": 0.0,
        "Total Unusual Items Excluding Goodwill": 0.0,
        "Net Income From Continuing Operation Net Minority Interest": 130000000.0,
        "Reconciled Depreciation": 253000000.0,
        "Reconciled Cost Of Revenue": 6701000000.0,
        "EBITDA": 499000000.0,
        "EBIT": 246000000.0,
        "Net Interest Income": -63000000.0,
        "Normalized Income": 130000000.0,
        "Net Income From Continuing And Discontinued Operation": 130000000.0,
        "Total Expenses": 8145000000.0,
        "Total Operating Income As Reported": 246000000.0,
        "Diluted Average Shares": 308035211.0,
        "Basic Average Shares": 306745116.0,
        "Diluted EPS": 0.42,
        "Basic EPS": 0.42,
        "Diluted NI Availto Com Stockholders": 130000000.0,
        "Net Income Common Stockholders": 130000000.0,
        "Net Income": 130000000.0,
        "Minority Interests": -12000000.0,
        "Net Income Including Noncontrolling Interests": 142000000.0,
        "Net Income Continuous Operations": 142000000.0,
        "Tax Provision": 32000000.0,
        "Pretax Income": 174000000.0,
        "Other Income Expense": -9000000.0,
        "Other Non Operating Income Expenses": 6000000.0,
        "Special Income Charges": 0.0,
        "Other Special Charges": NaN,
        "Earnings From Equity Interest": -15000000.0,
        "Gain On Sale Of Security": NaN,
        "Net Non Operating Interest Income Expense": -63000000.0,
        "Total Other Finance Cost": 63000000.0,
        "Operating Income": 246000000.0,
        "Operating Expense": 1352000000.0,
        "Other Operating Expenses": 1191000000.0,
        "Depreciation Amortization Depletion Income Statement": 161000000.0,
        "Depreciation And Amortization In Income Statement": 161000000.0,
        "Gross Profit": 1598000000.0,
        "Cost Of Revenue": 6793000000.0,
        "Total Revenue": 8391000000.0,
        "Operating Revenue": 8391000000.0
    },
    "2024-09-30": {
        "Tax Effect Of Unusual Items": -215000.0,
        "Tax Rate For Calcs": 0.215,
        "Normalized EBITDA": 548000000.0,
        "Total Unusual Items": -1000000.0,
        "Total Unusual Items Excluding Goodwill": -1000000.0,
        "Net Income From Continuing Operation Net Minority Interest": 225000000.0,
        "Reconciled Depreciation": 86000000.0,
        "Reconciled Cost Of Revenue": 7344000000.0,
        "EBITDA": 547000000.0,
        "EBIT": 369000000.0,
        "Net Interest Income": -64000000.0,
        "Normalized Income": 225785000.0,
        "Net Income From Continuing And Discontinued Operation": 225000000.0,
        "Total Expenses": 8667000000.0,
        "Total Operating Income As Reported": 368000000.0,
        "Diluted Average Shares": 308305013.0,
        "Basic Average Shares": 306253811.0,
        "Diluted EPS": 0.73,
        "Basic EPS": 0.73,
        "Diluted NI Availto Com Stockholders": 225000000.0,
        "Net Income Common Stockholders": 225000000.0,
        "Net Income": 225000000.0,
        "Minority Interests": -20000000.0,
        "Net Income Including Noncontrolling Interests": 245000000.0,
        "Net Income Continuous Operations": 245000000.0,
        "Tax Provision": 67000000.0,
        "Pretax Income": 312000000.0,
        "Other Income Expense": 7000000.0,
        "Other Non Operating Income Expenses": 12000000.0,
        "Special Income Charges": NaN,
        "Other Special Charges": NaN,
        "Earnings From Equity Interest": -4000000.0,
        "Gain On Sale Of Security": -1000000.0,
        "Net Non Operating Interest Income Expense": -64000000.0,
        "Total Other Finance Cost": 64000000.0,
        "Operating Income": 369000000.0,
        "Operating Expense": 1415000000.0,
        "Other Operating Expenses": 1237000000.0,
        "Depreciation Amortization Depletion Income Statement": 178000000.0,
        "Depreciation And Amortization In Income Statement": 178000000.0,
        "Gross Profit": 1784000000.0,
        "Cost Of Revenue": 7252000000.0,
        "Total Revenue": 9036000000.0,
        "Operating Revenue": 9036000000.0
    },
    "2024-12-31": {
        "Tax Effect Of Unusual Items": 23752039.151713,
        "Tax Rate For Calcs": 0.182708,
        "Normalized EBITDA": 511000000.0,
        "Total Unusual Items": 130000000.0,
        "Total Unusual Items Excluding Goodwill": 130000000.0,
        "Net Income From Continuing Operation Net Minority Interest": 487000000.0,
        "Reconciled Depreciation": 177000000.0,
        "Reconciled Cost Of Revenue": 8290000000.0,
        "EBITDA": 641000000.0,
        "EBIT": 464000000.0,
        "Net Interest Income": -52000000.0,
        "Normalized Income": 380752039.151713,
        "Net Income From Continuing And Discontinued Operation": 487000000.0,
        "Total Expenses": 9940000000.0,
        "Total Operating Income As Reported": 594000000.0,
        "Diluted Average Shares": 307299709.0,
        "Basic Average Shares": 304638633.0,
        "Diluted EPS": 1.58,
        "Basic EPS": 1.6,
        "Diluted NI Availto Com Stockholders": 487000000.0,
        "Net Income Common Stockholders": 487000000.0,
        "Net Income": 487000000.0,
        "Minority Interests": -14000000.0,
        "Net Income Including Noncontrolling Interests": 501000000.0,
        "Net Income Continuous Operations": 501000000.0,
        "Tax Provision": 112000000.0,
        "Pretax Income": 613000000.0,
        "Other Income Expense": 201000000.0,
        "Other Non Operating Income Expenses": 13000000.0,
        "Special Income Charges": NaN,
        "Other Special Charges": NaN,
        "Earnings From Equity Interest": 58000000.0,
        "Gain On Sale Of Security": 130000000.0,
        "Net Non Operating Interest Income Expense": -52000000.0,
        "Total Other Finance Cost": 52000000.0,
        "Operating Income": 464000000.0,
        "Operating Expense": 1650000000.0,
        "Other Operating Expenses": 1473000000.0,
        "Depreciation Amortization Depletion Income Statement": 177000000.0,
        "Depreciation And Amortization In Income Statement": 177000000.0,
        "Gross Profit": 2114000000.0,
        "Cost Of Revenue": 8290000000.0,
        "Total Revenue": 10404000000.0,
        "Operating Revenue": 10404000000.0
    },
    "2025-03-31": {
        "Tax Effect Of Unusual Items": 0.0,
        "Tax Rate For Calcs": 0.214,
        "Normalized EBITDA": 453000000.0,
        "Total Unusual Items": NaN,
        "Total Unusual Items Excluding Goodwill": NaN,
        "Net Income From Continuing Operation Net Minority Interest": 163000000.0,
        "Reconciled Depreciation": 177000000.0,
        "Reconciled Cost Of Revenue": 7265000000.0,
        "EBITDA": 453000000.0,
        "EBIT": 276000000.0,
        "Net Interest Income": -50000000.0,
        "Normalized Income": 163000000.0,
        "Net Income From Continuing And Discontinued Operation": 163000000.0,
        "Total Expenses": 8634000000.0,
        "Total Operating Income As Reported": 276000000.0,
        "Diluted Average Shares": 302914671.0,
        "Basic Average Shares": 300288602.0,
        "Diluted EPS": 0.54,
        "Basic EPS": 0.54,
        "Diluted NI Availto Com Stockholders": 163000000.0,
        "Net Income Common Stockholders": 163000000.0,
        "Net Income": 163000000.0,
        "Minority Interests": -28000000.0,
        "Net Income Including Noncontrolling Interests": 191000000.0,
        "Net Income Continuous Operations": 191000000.0,
        "Tax Provision": 52000000.0,
        "Pretax Income": 243000000.0,
        "Other Income Expense": 17000000.0,
        "Other Non Operating Income Expenses": 1000000.0,
        "Special Income Charges": NaN,
        "Other Special Charges": NaN,
        "Earnings From Equity Interest": 16000000.0,
        "Gain On Sale Of Security": NaN,
        "Net Non Operating Interest Income Expense": -50000000.0,
        "Total Other Finance Cost": 50000000.0,
        "Operating Income": 276000000.0,
        "Operating Expense": 1369000000.0,
        "Other Operating Expenses": 1192000000.0,
        "Depreciation Amortization Depletion Income Statement": 177000000.0,
        "Depreciation And Amortization In Income Statement": 177000000.0,
        "Gross Profit": 1645000000.0,
        "Cost Of Revenue": 7265000000.0,
        "Total Revenue": 8910000000.0,
        "Operating Revenue": 8910000000.0
    },
    "2025-06-30": {
        "Tax Effect Of Unusual Items": 3451000.0,
        "Tax Rate For Calcs": 0.203,
        "Normalized EBITDA": 623000000.0,
        "Total Unusual Items": 17000000.0,
        "Total Unusual Items Excluding Goodwill": 17000000.0,
        "Net Income From Continuing Operation Net Minority Interest": 215000000.0,
        "Reconciled Depreciation": 285000000.0,
        "Reconciled Cost Of Revenue": 7839000000.0,
        "EBITDA": 640000000.0,
        "EBIT": 355000000.0,
        "Net Interest Income": -59000000.0,
        "Normalized Income": 201451000.0,
        "Net Income From Continuing And Discontinued Operation": 215000000.0,
        "Total Expenses": 9399000000.0,
        "Total Operating Income As Reported": 374000000.0,
        "Diluted Average Shares": 300008422.0,
        "Basic Average Shares": 297950927.0,
        "Diluted EPS": 0.72,
        "Basic EPS": 0.72,
        "Diluted NI Availto Com Stockholders": 215000000.0,
        "Net Income Common Stockholders": 215000000.0,
        "Net Income": 215000000.0,
        "Minority Interests": -24000000.0,
        "Net Income Including Noncontrolling Interests": 239000000.0,
        "Net Income Continuous Operations": 239000000.0,
        "Tax Provision": 61000000.0,
        "Pretax Income": 300000000.0,
        "Other Income Expense": 4000000.0,
        "Other Non Operating Income Expenses": 5000000.0,
        "Special Income Charges": -2000000.0,
        "Other Special Charges": 2000000.0,
        "Earnings From Equity Interest": -18000000.0,
        "Gain On Sale Of Security": 19000000.0,
        "Net Non Operating Interest Income Expense": -59000000.0,
        "Total Other Finance Cost": 59000000.0,
        "Operating Income": 355000000.0,
        "Operating Expense": 1457000000.0,
        "Other Operating Expenses": 1275000000.0,
        "Depreciation Amortization Depletion Income Statement": 182000000.0,
        "Depreciation And Amortization In Income Statement": 182000000.0,
        "Gross Profit": 1812000000.0,
        "Cost Of Revenue": 7942000000.0,
        "Total Revenue": 9754000000.0,
        "Operating Revenue": 9754000000.0
    }
}