{
    "2023-03-31": {
        "Tax Effect Of Unusual Items": NaN,
        "Tax Rate For Calcs": NaN,
        "Normalized EBITDA": NaN,
        "Total Unusual Items": NaN,
        "Total Unusual Items Excluding Goodwill": NaN,
        "Net Income From Continuing Operation Net Minority Interest": NaN,
        "Reconciled Depreciation": NaN,
        "Reconciled Cost Of Revenue": 0.0,
        "EBITDA": NaN,
        "EBIT": NaN,
        "Net Interest Income": NaN,
        "Interest Expense": NaN,
        "Interest Income": NaN,
        "Normalized Income": NaN,
        "Net Income From Continuing And Discontinued Operation": NaN,
        "Total Expenses": NaN,
        "Total Operating Income As Reported": NaN,
        "Diluted Average Shares": NaN,
        "Basic Average Shares": NaN,
        "Diluted EPS": NaN,
        "Basic EPS": NaN,
        "Diluted NI Availto Com Stockholders": NaN,
        "Net Income Common Stockholders": NaN,
        "Net Income": NaN,
        "Minority Interests": 0.0,
        "Net Income Including Noncontrolling Interests": NaN,
        "Net Income Continuous Operations": NaN,
        "Tax Provision": NaN,
        "Pretax Income": NaN,
        "Other Income Expense": NaN,
        "Other Non Operating Income Expenses": NaN,
        "Special Income Charges": NaN,
        "Impairment Of Capital Assets": NaN,
        "Net Non Operating Interest Income Expense": NaN,
        "Total Other Finance Cost": 21000.0,
        "Interest Expense Non Operating": NaN,
        "Interest Income Non Operating": NaN,
        "Operating Income": NaN,
        "Operating Expense": NaN,
        "Research And Development": NaN,
        "Selling General And Administration": NaN,
        "Gross Profit": 42000.0,
        "Cost Of Revenue": 0.0,
        "Total Revenue": NaN,
        "Operating Revenue": NaN
    },
    "2022-12-31": {
        "Tax Effect Of Unusual Items": NaN,
        "Tax Rate For Calcs": NaN,
        "Normalized EBITDA": NaN,
        "Total Unusual Items": 0.0,
        "Total Unusual Items Excluding Goodwill": 0.0,
        "Net Income From Continuing Operation Net Minority Interest": NaN,
        "Reconciled Depreciation": NaN,
        "Reconciled Cost Of Revenue": 0.0,
        "EBITDA": NaN,
        "EBIT": NaN,
        "Net Interest Income": NaN,
        "Interest Expense": NaN,
        "Interest Income": NaN,
        "Normalized Income": NaN,
        "Net Income From Continuing And Discontinued Operation": NaN,
        "Total Expenses": NaN,
        "Total Operating Income As Reported": NaN,
        "Diluted Average Shares": NaN,
        "Basic Average Shares": NaN,
        "Diluted EPS": NaN,
        "Basic EPS": NaN,
        "Diluted NI Availto Com Stockholders": NaN,
        "Net Income Common Stockholders": NaN,
        "Net Income": NaN,
        "Minority Interests": NaN,
        "Net Income Including Noncontrolling Interests": NaN,
        "Net Income Continuous Operations": NaN,
        "Tax Provision": NaN,
        "Pretax Income": NaN,
        "Other Income Expense": NaN,
        "Other Non Operating Income Expenses": NaN,
        "Special Income Charges": 0.0,
        "Net Non Operating Interest Income Expense": NaN,
        "Total Other Finance Cost": 21000.0,
        "Interest Expense Non Operating": NaN,
        "Interest Income Non Operating": NaN,
        "Operating Income": NaN,
        "Operating Expense": NaN,
        "Research And Development": NaN,
        "Selling General And Administration": NaN,
        "Gross Profit": 42000.0,
        "Cost Of Revenue": 0.0,
        "Total Revenue": NaN,
        "Operating Revenue": NaN
    },
    "2022-09-30": {
        "Tax Effect Of Unusual Items": NaN,
        "Tax Rate For Calcs": NaN,
        "Normalized EBITDA": NaN,
        "Total Unusual Items": 0.0,
        "Total Unusual Items Excluding Goodwill": 0.0,
        "Net Income From Continuing Operation Net Minority Interest": NaN,
        "Reconciled Depreciation": NaN,
        "Reconciled Cost Of Revenue": 0.0,
        "EBITDA": NaN,
        "EBIT": NaN,
        "Net Interest Income": NaN,
        "Interest Expense": NaN,
        "Interest Income": NaN,
        "Normalized Income": NaN,
        "Net Income From Continuing And Discontinued Operation": NaN,
        "Total Expenses": NaN,
        "Total Operating Income As Reported": NaN,
        "Diluted Average Shares": NaN,
        "Basic Average Shares": NaN,
        "Diluted EPS": NaN,
        "Basic EPS": NaN,
        "Diluted NI Availto Com Stockholders": NaN,
        "Net Income Common Stockholders": NaN,
        "Net Income": NaN,
        "Minority Interests": NaN,
        "Net Income Including Noncontrolling Interests": NaN,
        "Net Income Continuous Operations": NaN,
        "Tax Provision": NaN,
        "Pretax Income": NaN,
        "Other Income Expense": NaN,
        "Other Non Operating Income Expenses": NaN,
        "Special Income Charges": 0.0,
        "Net Non Operating Interest Income Expense": NaN,
        "Total Other Finance Cost": 21000.0,
        "Interest Expense Non Operating": NaN,
        "Interest Income Non Operating": NaN,
        "Operating Income": NaN,
        "Operating Expense": NaN,
        "Research And Development": NaN,
        "Selling General And Administration": NaN,
        "Gross Profit": 42000.0,
        "Cost Of Revenue": 0.0,
        "Total Revenue": NaN,
        "Operating Revenue": NaN
    },
    "2022-06-30": {
        "Tax Effect Of Unusual Items": 0.0,
        "Tax Rate For Calcs": 0.0,
        "Normalized EBITDA": -2086000.0,
        "Total Unusual Items": 0.0,
        "Total Unusual Items Excluding Goodwill": 0.0,
        "Net Income From Continuing Operation Net Minority Interest": -2485000.0,
        "Reconciled Depreciation": 393000.0,
        "Reconciled Cost Of Revenue": 0.0,
        "EBITDA": -2086000.0,
        "EBIT": -2479000.0,
        "Net Interest Income": -16000.0,
        "Interest Expense": 6000.0,
        "Interest Income": 12000.0,
        "Normalized Income": -2485000.0,
        "Net Income From Continuing And Discontinued Operation": -2485000.0,
        "Total Expenses": 6806000.0,
        "Total Operating Income As Reported": -6765000.0,
        "Diluted Average Shares": 933274.0,
        "Basic Average Shares": 933274.0,
        "Diluted EPS": -2.66,
        "Basic EPS": -2.66,
        "Diluted NI Availto Com Stockholders": -2485000.0,
        "Net Income Common Stockholders": -2485000.0,
        "Net Income": -2485000.0,
        "Net Income Including Noncontrolling Interests": -2485000.0,
        "Net Income Continuous Operations": -2485000.0,
        "Tax Provision": 0.0,
        "Pretax Income": -2485000.0,
        "Other Income Expense": 4296000.0,
        "Other Non Operating Income Expenses": 4296000.0,
        "Special Income Charges": 0.0,
        "Net Non Operating Interest Income Expense": -16000.0,
        "Total Other Finance Cost": 22000.0,
        "Interest Expense Non Operating": 6000.0,
        "Interest Income Non Operating": 12000.0,
        "Operating Income": -6765000.0,
        "Operating Expense": 6806000.0,
        "Research And Development": 3250000.0,
        "Selling General And Administration": 3556000.0,
        "Gross Profit": 41000.0,
        "Cost Of Revenue": 0.0,
        "Total Revenue": 41000.0,
        "Operating Revenue": 41000.0
    },
    "2022-03-31": {
        "Diluted EPS": -6.7,
        "Total Revenue": 0,
        "Gross Profit": 0,
        "Operating Income": -6,
        "EBIT": -6,
        "Net Income": -6
    },
    "2021-12-31": {
        "Diluted EPS": -9.0,
        "Total Revenue": 2,
        "Gross Profit": 0,
        "Operating Income": -7,
        "EBIT": -6,
        "Net Income": -7
    },
    "2021-09-30": {
        "Diluted EPS": -10.0,
        "Total Revenue": 8,
        "Gross Profit": -1,
        "Operating Income": -7,
        "EBIT": -6,
        "Net Income": -7
    },
    "2021-06-30": {
        "Diluted EPS": -6.5,
        "Total Revenue": 12,
        "Gross Profit": 0,
        "Operating Income": -6,
        "EBIT": -5,
        "Net Income": -5
    },
    "2021-03-31": {
        "Diluted EPS": -13.5,
        "Total Revenue": 4,
        "Gross Profit": -2,
        "Operating Income": -10,
        "EBIT": -9,
        "Net Income": -10
    },
    "2020-12-31": {
        "Diluted EPS": -18.0,
        "Total Revenue": 14,
        "Gross Profit": -5,
        "Operating Income": -13,
        "EBIT": -13,
        "Net Income": -13
    },
    "2020-09-30": {
        "Diluted EPS": -14.5,
        "Total Revenue": 5,
        "Gross Profit": -2,
        "Operating Income": -9,
        "EBIT": -9,
        "Net Income": -9
    },
    "2020-06-30": {
        "Diluted EPS": -16.5,
        "Total Revenue": 2,
        "Gross Profit": -3,
        "Operating Income": -11,
        "EBIT": -11,
        "Net Income": -11
    },
    "2020-03-31": {
        "Diluted EPS": -17.0,
        "Total Revenue": 2,
        "Gross Profit": -2,
        "Operating Income": -11,
        "EBIT": -10,
        "Net Income": -11
    },
    "2019-12-31": {
        "Diluted EPS": -18.5,
        "Total Revenue": 4,
        "Gross Profit": -2,
        "Operating Income": -12,
        "EBIT": -11,
        "Net Income": -12
    },
    "2019-09-30": {
        "Diluted EPS": -16.0,
        "Total Revenue": 3,
        "Gross Profit": -1,
        "Operating Income": -11,
        "EBIT": -10,
        "Net Income": -11
    },
    "2019-06-30": {
        "Diluted EPS": -14.5,
        "Total Revenue": 0,
        "Gross Profit": 0,
        "Operating Income": -9,
        "EBIT": -9,
        "Net Income": -9
    },
    "2019-03-31": {
        "Diluted EPS": -11.5,
        "Total Revenue": 0,
        "Gross Profit": 0,
        "Operating Income": -8,
        "EBIT": -7,
        "Net Income": -7
    },
    "2018-12-31": {
        "Diluted EPS": -13.5,
        "Total Revenue": 0,
        "Gross Profit": 0,
        "Operating Income": -9,
        "EBIT": -8,
        "Net Income": -8
    },
    "2018-09-30": {
        "Diluted EPS": -11.5,
        "Total Revenue": 0,
        "Gross Profit": 0,
        "Operating Income": -8,
        "EBIT": -7,
        "Net Income": -7
    },
    "2018-06-30": {
        "Diluted EPS": -12.5,
        "Total Revenue": 0,
        "Gross Profit": 0,
        "Operating Income": -7,
        "EBIT": -7,
        "Net Income": -8
    },
    "2018-03-31": {
        "Diluted EPS": -8.0,
        "Total Revenue": 0,
        "Gross Profit": 0,
        "Operating Income": -4,
        "EBIT": -4,
        "Net Income": -4
    },
    "2017-12-31": {
        "Diluted EPS": -15.0,
        "Total Revenue": 0,
        "Gross Profit": 0,
        "Operating Income": -7,
        "EBIT": -7,
        "Net Income": -7
    },
    "2017-09-30": {
        "Diluted EPS": -25.5,
        "Total Revenue": 0,
        "Gross Profit": 0,
        "Operating Income": -13,
        "EBIT": -13,
        "Net Income": -13
    },
    "2017-06-30": {
        "Diluted EPS": -8.5,
        "Total Revenue": 0,
        "Gross Profit": 0,
        "Operating Income": -3,
        "EBIT": -3,
        "Net Income": -3
    },
    "2017-03-31": {
        "Diluted EPS": -7.0,
        "Total Revenue": 0,
        "Gross Profit": 0,
        "Operating Income": -3,
        "EBIT": -3,
        "Net Income": -3
    },
    "2016-12-31": {
        "Diluted EPS": -2.0,
        "Total Revenue": 0,
        "Gross Profit": 0,
        "Operating Income": -5,
        "EBIT": -4,
        "Net Income": -5
    },
    "2016-09-30": {
        "Diluted EPS": -6.5,
        "Total Revenue": 0,
        "Gross Profit": 0,
        "Operating Income": -2,
        "EBIT": -2,
        "Net Income": -3
    },
    "2016-06-30": {
        "Diluted EPS": -6.5,
        "Total Revenue": 0,
        "Gross Profit": 0,
        "Operating Income": -2,
        "EBIT": -2,
        "Net Income": -2
    },
    "2016-03-31": {
        "Diluted EPS": -16.0,
        "Total Revenue": 0,
        "Gross Profit": 0,
        "Operating Income": -3,
        "EBIT": -3,
        "Net Income": -3
    },
    "2015-12-31": {
        "Diluted EPS": 0.0,
        "Total Revenue": NaN,
        "Gross Profit": NaN,
        "Operating Income": NaN,
        "EBIT": NaN,
        "Net Income": NaN
    },
    "2023-06-30": {
        "Tax Effect Of Unusual Items": NaN,
        "Tax Rate For Calcs": NaN,
        "Normalized EBITDA": NaN,
        "Total Unusual Items": NaN,
        "Total Unusual Items Excluding Goodwill": NaN,
        "Net Income From Continuing Operation Net Minority Interest": NaN,
        "Reconciled Depreciation": NaN,
        "EBITDA": NaN,
        "EBIT": NaN,
        "Net Interest Income": NaN,
        "Interest Expense": NaN,
        "Interest Income": NaN,
        "Normalized Income": NaN,
        "Net Income From Continuing And Discontinued Operation": NaN,
        "Total Expenses": NaN,
        "Total Operating Income As Reported": NaN,
        "Diluted Average Shares": 1227223.0,
        "Basic Average Shares": 1227223.0,
        "Diluted EPS": -15.25,
        "Basic EPS": -15.25,
        "Diluted NI Availto Com Stockholders": NaN,
        "Net Income Common Stockholders": NaN,
        "Net Income": NaN,
        "Minority Interests": NaN,
        "Net Income Including Noncontrolling Interests": NaN,
        "Net Income Continuous Operations": NaN,
        "Tax Provision": NaN,
        "Pretax Income": NaN,
        "Other Income Expense": NaN,
        "Other Non Operating Income Expenses": NaN,
        "Special Income Charges": NaN,
        "Impairment Of Capital Assets": NaN,
        "Net Non Operating Interest Income Expense": NaN,
        "Interest Expense Non Operating": NaN,
        "Interest Income Non Operating": NaN,
        "Operating Income": NaN,
        "Operating Expense": NaN,
        "Research And Development": NaN,
        "Selling General And Administration": NaN,
        "Total Revenue": NaN,
        "Operating Revenue": NaN
    },
    "2023-09-30": {
        "Tax Effect Of Unusual Items": NaN,
        "Tax Rate For Calcs": NaN,
        "Normalized EBITDA": NaN,
        "Total Unusual Items": 0.0,
        "Total Unusual Items Excluding Goodwill": 0.0,
        "Net Income From Continuing Operation Net Minority Interest": NaN,
        "Reconciled Depreciation": NaN,
        "EBITDA": NaN,
        "EBIT": NaN,
        "Net Interest Income": NaN,
        "Interest Expense": NaN,
        "Interest Income": NaN,
        "Normalized Income": NaN,
        "Net Income From Continuing And Discontinued Operation": NaN,
        "Total Expenses": NaN,
        "Total Operating Income As Reported": NaN,
        "Diluted Average Shares": NaN,
        "Basic Average Shares": NaN,
        "Diluted EPS": NaN,
        "Basic EPS": NaN,
        "Diluted NI Availto Com Stockholders": NaN,
        "Net Income Common Stockholders": NaN,
        "Net Income": NaN,
        "Minority Interests": 8099000.0,
        "Net Income Including Noncontrolling Interests": NaN,
        "Net Income Continuous Operations": NaN,
        "Tax Provision": NaN,
        "Pretax Income": NaN,
        "Other Income Expense": NaN,
        "Other Non Operating Income Expenses": NaN,
        "Special Income Charges": 0.0,
        "Impairment Of Capital Assets": 0.0,
        "Net Non Operating Interest Income Expense": NaN,
        "Interest Expense Non Operating": NaN,
        "Interest Income Non Operating": NaN,
        "Operating Income": NaN,
        "Operating Expense": NaN,
        "Research And Development": NaN,
        "Selling General And Administration": NaN,
        "Total Revenue": NaN,
        "Operating Revenue": NaN
    },
    "2023-12-31": {
        "Tax Effect Of Unusual Items": 0.0,
        "Tax Rate For Calcs": 1.4e-05,
        "Normalized EBITDA": -267255000.0,
        "Total Unusual Items": NaN,
        "Total Unusual Items Excluding Goodwill": NaN,
        "Net Income From Continuing Operation Net Minority Interest": -207196000.0,
        "Reconciled Depreciation": 1818000.0,
        "EBITDA": -267255000.0,
        "EBIT": -269073000.0,
        "Net Interest Income": -7971000.0,
        "Interest Expense": 8139000.0,
        "Interest Income": 168000.0,
        "Normalized Income": -207196000.0,
        "Net Income From Continuing And Discontinued Operation": -207196000.0,
        "Total Expenses": 20996000.0,
        "Total Operating Income As Reported": -269312000.0,
        "Diluted Average Shares": NaN,
        "Basic Average Shares": NaN,
        "Diluted EPS": NaN,
        "Basic EPS": NaN,
        "Diluted NI Availto Com Stockholders": -207196000.0,
        "Net Income Common Stockholders": -207196000.0,
        "Net Income": -207196000.0,
        "Minority Interests": NaN,
        "Net Income Including Noncontrolling Interests": -277208000.0,
        "Net Income Continuous Operations": -277208000.0,
        "Tax Provision": -4000.0,
        "Pretax Income": -277212000.0,
        "Other Income Expense": -249348000.0,
        "Other Non Operating Income Expenses": 71000.0,
        "Special Income Charges": NaN,
        "Impairment Of Capital Assets": NaN,
        "Net Non Operating Interest Income Expense": -7971000.0,
        "Interest Expense Non Operating": 8139000.0,
        "Interest Income Non Operating": 168000.0,
        "Operating Income": -19893000.0,
        "Operating Expense": 20996000.0,
        "Research And Development": 14208000.0,
        "Selling General And Administration": 6788000.0,
        "Total Revenue": 1103000.0,
        "Operating Revenue": 1103000.0
    },
    "2024-03-31": {
        "Tax Effect Of Unusual Items": 0.0,
        "Tax Rate For Calcs": 0.21,
        "Normalized EBITDA": -16835000.0,
        "Total Unusual Items": 0.0,
        "Total Unusual Items Excluding Goodwill": 0.0,
        "Net Income From Continuing Operation Net Minority Interest": -23435000.0,
        "Reconciled Depreciation": 1794000.0,
        "EBITDA": -16835000.0,
        "EBIT": -18629000.0,
        "Net Interest Income": -8136000.0,
        "Interest Expense": 8329000.0,
        "Interest Income": 193000.0,
        "Normalized Income": -23435000.0,
        "Net Income From Continuing And Discontinued Operation": -23435000.0,
        "Total Expenses": 18998000.0,
        "Total Operating Income As Reported": -18453000.0,
        "Diluted Average Shares": 20862938.0,
        "Basic Average Shares": 20862938.0,
        "Diluted EPS": -1.12,
        "Basic EPS": -1.12,
        "Diluted NI Availto Com Stockholders": -23435000.0,
        "Net Income Common Stockholders": -23435000.0,
        "Net Income": -23435000.0,
        "Minority Interests": 3537000.0,
        "Net Income Including Noncontrolling Interests": -26972000.0,
        "Net Income Continuous Operations": -26972000.0,
        "Tax Provision": 14000.0,
        "Pretax Income": -26958000.0,
        "Other Income Expense": -369000.0,
        "Other Non Operating Income Expenses": -369000.0,
        "Special Income Charges": 0.0,
        "Impairment Of Capital Assets": 0.0,
        "Net Non Operating Interest Income Expense": -8136000.0,
        "Interest Expense Non Operating": 8329000.0,
        "Interest Income Non Operating": 193000.0,
        "Operating Income": -18453000.0,
        "Operating Expense": 18998000.0,
        "Research And Development": 12013000.0,
        "Selling General And Administration": 6985000.0,
        "Total Revenue": 545000.0,
        "Operating Revenue": 545000.0
    },
    "2024-06-30": {
        "Tax Effect Of Unusual Items": 0.0,
        "Tax Rate For Calcs": 0.00014,
        "Normalized EBITDA": -17973000.0,
        "Total Unusual Items": 0.0,
        "Total Unusual Items Excluding Goodwill": 0.0,
        "Net Income From Continuing Operation Net Minority Interest": -24883000.0,
        "Reconciled Depreciation": 1760000.0,
        "EBITDA": -17973000.0,
        "EBIT": -19733000.0,
        "Net Interest Income": -8580000.0,
        "Interest Expense": 8749000.0,
        "Interest Income": 169000.0,
        "Normalized Income": -24883000.0,
        "Net Income From Continuing And Discontinued Operation": -24883000.0,
        "Total Expenses": 22320000.0,
        "Total Operating Income As Reported": -21482000.0,
        "Diluted Average Shares": 21851982.0,
        "Basic Average Shares": 21851982.0,
        "Diluted EPS": -1.14,
        "Basic EPS": -1.14,
        "Diluted NI Availto Com Stockholders": -24883000.0,
        "Net Income Common Stockholders": -24883000.0,
        "Net Income": -24883000.0,
        "Minority Interests": 3595000.0,
        "Net Income Including Noncontrolling Interests": -28478000.0,
        "Net Income Continuous Operations": -28478000.0,
        "Tax Provision": -4000.0,
        "Pretax Income": -28482000.0,
        "Other Income Expense": 1580000.0,
        "Other Non Operating Income Expenses": 1580000.0,
        "Special Income Charges": 0.0,
        "Impairment Of Capital Assets": 0.0,
        "Net Non Operating Interest Income Expense": -8580000.0,
        "Interest Expense Non Operating": 8749000.0,
        "Interest Income Non Operating": 169000.0,
        "Operating Income": -21482000.0,
        "Operating Expense": 22320000.0,
        "Research And Development": 12993000.0,
        "Selling General And Administration": 9327000.0,
        "Total Revenue": 838000.0,
        "Operating Revenue": 838000.0
    },
    "2024-09-30": {
        "Tax Effect Of Unusual Items": -38100720.0,
        "Tax Rate For Calcs": 0.21,
        "Normalized EBITDA": -9482000.0,
        "Total Unusual Items": -181432000.0,
        "Total Unusual Items Excluding Goodwill": -181432000.0,
        "Net Income From Continuing Operation Net Minority Interest": -179968000.0,
        "Reconciled Depreciation": 1657000.0,
        "EBITDA": -190914000.0,
        "EBIT": -192571000.0,
        "Net Interest Income": -8715000.0,
        "Interest Expense": 8875000.0,
        "Interest Income": 160000.0,
        "Normalized Income": -36636720.0,
        "Net Income From Continuing And Discontinued Operation": -179968000.0,
        "Total Expenses": 20672000.0,
        "Total Operating Income As Reported": -200437000.0,
        "Diluted Average Shares": 23586746.0,
        "Basic Average Shares": 23586746.0,
        "Diluted EPS": -7.63,
        "Basic EPS": -7.63,
        "Diluted NI Availto Com Stockholders": -179968000.0,
        "Net Income Common Stockholders": -179968000.0,
        "Net Income": -179968000.0,
        "Minority Interests": 21491000.0,
        "Net Income Including Noncontrolling Interests": -201459000.0,
        "Net Income Continuous Operations": -201459000.0,
        "Tax Provision": 13000.0,
        "Pretax Income": -201446000.0,
        "Other Income Expense": -173726000.0,
        "Other Non Operating Income Expenses": 7706000.0,
        "Special Income Charges": -181432000.0,
        "Impairment Of Capital Assets": 181432000.0,
        "Net Non Operating Interest Income Expense": -8715000.0,
        "Interest Expense Non Operating": 8875000.0,
        "Interest Income Non Operating": 160000.0,
        "Operating Income": -19005000.0,
        "Operating Expense": 20672000.0,
        "Research And Development": 12990000.0,
        "Selling General And Administration": 7682000.0,
        "Total Revenue": 1667000.0,
        "Operating Revenue": 1667000.0
    },
    "2024-12-31": {
        "Tax Effect Of Unusual Items": 0.0,
        "Tax Rate For Calcs": 0.21,
        "Normalized EBITDA": -15913000.0,
        "Total Unusual Items": 0.0,
        "Total Unusual Items Excluding Goodwill": 0.0,
        "Net Income From Continuing Operation Net Minority Interest": -23102000.0,
        "Reconciled Depreciation": 1648000.0,
        "EBITDA": -15913000.0,
        "EBIT": -17561000.0,
        "Net Interest Income": -8128000.0,
        "Interest Expense": 8237000.0,
        "Interest Income": 109000.0,
        "Normalized Income": -23102000.0,
        "Net Income From Continuing And Discontinued Operation": -23102000.0,
        "Total Expenses": 19236000.0,
        "Total Operating Income As Reported": -18024000.0,
        "Diluted Average Shares": 26546817.0,
        "Basic Average Shares": 26546817.0,
        "Diluted EPS": -0.87,
        "Basic EPS": -0.87,
        "Diluted NI Availto Com Stockholders": -23102000.0,
        "Net Income Common Stockholders": -23102000.0,
        "Net Income": -23102000.0,
        "Minority Interests": 2702000.0,
        "Net Income Including Noncontrolling Interests": -25804000.0,
        "Net Income Continuous Operations": -25804000.0,
        "Tax Provision": 6000.0,
        "Pretax Income": -25798000.0,
        "Other Income Expense": 354000.0,
        "Other Non Operating Income Expenses": 354000.0,
        "Special Income Charges": 0.0,
        "Impairment Of Capital Assets": 0.0,
        "Net Non Operating Interest Income Expense": -8128000.0,
        "Interest Expense Non Operating": 8237000.0,
        "Interest Income Non Operating": 109000.0,
        "Operating Income": -18024000.0,
        "Operating Expense": 19236000.0,
        "Research And Development": 12433000.0,
        "Selling General And Administration": 6803000.0,
        "Total Revenue": 1212000.0,
        "Operating Revenue": 1212000.0
    },
    "2025-03-31": {
        "Tax Effect Of Unusual Items": -4399500.0,
        "Tax Rate For Calcs": 0.21,
        "Normalized EBITDA": -18429000.0,
        "Total Unusual Items": -20950000.0,
        "Total Unusual Items Excluding Goodwill": -20950000.0,
        "Net Income From Continuing Operation Net Minority Interest": -46886000.0,
        "Reconciled Depreciation": 1634000.0,
        "EBITDA": -39379000.0,
        "EBIT": -41013000.0,
        "Net Interest Income": -8258000.0,
        "Interest Expense": 8377000.0,
        "Interest Income": 119000.0,
        "Normalized Income": -30335500.0,
        "Net Income From Continuing And Discontinued Operation": -46886000.0,
        "Total Expenses": 21655000.0,
        "Total Operating Income As Reported": -41571000.0,
        "Diluted Average Shares": 35052692.0,
        "Basic Average Shares": 35052692.0,
        "Diluted EPS": -1.34,
        "Basic EPS": -1.34,
        "Diluted NI Availto Com Stockholders": -46886000.0,
        "Net Income Common Stockholders": -46886000.0,
        "Net Income": -46886000.0,
        "Minority Interests": 2506000.0,
        "Net Income Including Noncontrolling Interests": -49392000.0,
        "Net Income Continuous Operations": -49392000.0,
        "Tax Provision": 2000.0,
        "Pretax Income": -49390000.0,
        "Other Income Expense": -20511000.0,
        "Other Non Operating Income Expenses": 439000.0,
        "Special Income Charges": -20950000.0,
        "Impairment Of Capital Assets": 20950000.0,
        "Net Non Operating Interest Income Expense": -8258000.0,
        "Interest Expense Non Operating": 8377000.0,
        "Interest Income Non Operating": 119000.0,
        "Operating Income": -20621000.0,
        "Operating Expense": 21655000.0,
        "Research And Development": 11799000.0,
        "Selling General And Administration": 9856000.0,
        "Total Revenue": 1034000.0,
        "Operating Revenue": 1034000.0
    },
    "2025-06-30": {
        "Tax Effect Of Unusual Items": 0.0,
        "Tax Rate For Calcs": 0.21,
        "Normalized EBITDA": -16288000.0,
        "Total Unusual Items": 0.0,
        "Total Unusual Items Excluding Goodwill": 0.0,
        "Net Income From Continuing Operation Net Minority Interest": -25372000.0,
        "Reconciled Depreciation": 1575000.0,
        "EBITDA": -16288000.0,
        "EBIT": -17863000.0,
        "Net Interest Income": -8562000.0,
        "Interest Expense": 8668000.0,
        "Interest Income": 106000.0,
        "Normalized Income": -25372000.0,
        "Net Income From Continuing And Discontinued Operation": -25372000.0,
        "Total Expenses": 18879000.0,
        "Total Operating Income As Reported": -17946000.0,
        "Diluted Average Shares": 41618893.0,
        "Basic Average Shares": 41618893.0,
        "Diluted EPS": -0.61,
        "Basic EPS": -0.61,
        "Diluted NI Availto Com Stockholders": -25372000.0,
        "Net Income Common Stockholders": -25372000.0,
        "Net Income": -25372000.0,
        "Minority Interests": 1186000.0,
        "Net Income Including Noncontrolling Interests": -26558000.0,
        "Net Income Continuous Operations": -26558000.0,
        "Tax Provision": 27000.0,
        "Pretax Income": -26531000.0,
        "Other Income Expense": -23000.0,
        "Other Non Operating Income Expenses": -23000.0,
        "Special Income Charges": 0.0,
        "Impairment Of Capital Assets": 0.0,
        "Net Non Operating Interest Income Expense": -8562000.0,
        "Interest Expense Non Operating": 8668000.0,
        "Interest Income Non Operating": 106000.0,
        "Operating Income": -17946000.0,
        "Operating Expense": 18879000.0,
        "Research And Development": 12228000.0,
        "Selling General And Administration": 6651000.0,
        "Total Revenue": 933000.0,
        "Operating Revenue": 933000.0
    }
}