{
    "2023-03-31": {
        "Tax Effect Of Unusual Items": NaN,
        "Tax Rate For Calcs": NaN,
        "Normalized EBITDA": NaN,
        "Total Unusual Items": NaN,
        "Total Unusual Items Excluding Goodwill": NaN,
        "Net Income From Continuing Operation Net Minority Interest": NaN,
        "Reconciled Depreciation": NaN,
        "EBITDA": NaN,
        "EBIT": NaN,
        "Net Interest Income": NaN,
        "Interest Expense": NaN,
        "Interest Income": NaN,
        "Normalized Income": NaN,
        "Net Income From Continuing And Discontinued Operation": NaN,
        "Total Expenses": NaN,
        "Total Operating Income As Reported": NaN,
        "Diluted Average Shares": 49032319.0,
        "Basic Average Shares": 49032319.0,
        "Diluted EPS": -0.71,
        "Basic EPS": -0.71,
        "Diluted NI Availto Com Stockholders": NaN,
        "Net Income Common Stockholders": NaN,
        "Net Income": NaN,
        "Net Income Including Noncontrolling Interests": NaN,
        "Net Income Continuous Operations": NaN,
        "Tax Provision": NaN,
        "Pretax Income": NaN,
        "Other Income Expense": NaN,
        "Special Income Charges": NaN,
        "Other Special Charges": NaN,
        "Restructuring And Mergern Acquisition": 0.0,
        "Net Non Operating Interest Income Expense": NaN,
        "Interest Expense Non Operating": NaN,
        "Interest Income Non Operating": NaN,
        "Operating Income": NaN,
        "Operating Expense": NaN,
        "Research And Development": NaN,
        "Selling General And Administration": NaN,
        "General And Administrative Expense": NaN,
        "Other Gand A": NaN,
        "Salaries And Wages": NaN,
        "Total Revenue": NaN,
        "Operating Revenue": NaN
    },
    "2022-12-31": {
        "Tax Effect Of Unusual Items": 0.0,
        "Tax Rate For Calcs": 0.0,
        "Normalized EBITDA": -36063000.0,
        "Total Unusual Items": NaN,
        "Total Unusual Items Excluding Goodwill": NaN,
        "Net Income From Continuing Operation Net Minority Interest": -37185000.0,
        "Reconciled Depreciation": 521000.0,
        "EBITDA": -36063000.0,
        "EBIT": -36584000.0,
        "Net Interest Income": 1108000.0,
        "Interest Expense": 601000.0,
        "Interest Income": 1709000.0,
        "Normalized Income": -37185000.0,
        "Net Income From Continuing And Discontinued Operation": -37185000.0,
        "Total Expenses": 41147000.0,
        "Total Operating Income As Reported": -38293000.0,
        "Diluted Average Shares": NaN,
        "Basic Average Shares": NaN,
        "Diluted EPS": NaN,
        "Basic EPS": NaN,
        "Diluted NI Availto Com Stockholders": -37185000.0,
        "Net Income Common Stockholders": -37185000.0,
        "Net Income": -37185000.0,
        "Net Income Including Noncontrolling Interests": -37185000.0,
        "Net Income Continuous Operations": -37185000.0,
        "Tax Provision": NaN,
        "Pretax Income": -37185000.0,
        "Other Income Expense": NaN,
        "Special Income Charges": NaN,
        "Other Special Charges": NaN,
        "Net Non Operating Interest Income Expense": 1108000.0,
        "Interest Expense Non Operating": 601000.0,
        "Interest Income Non Operating": 1709000.0,
        "Operating Income": -38293000.0,
        "Operating Expense": 41147000.0,
        "Research And Development": 30652000.0,
        "Selling General And Administration": 10495000.0,
        "General And Administrative Expense": 10495000.0,
        "Other Gand A": 3192000.0,
        "Salaries And Wages": 7303000.0,
        "Total Revenue": 2854000.0,
        "Operating Revenue": 2854000.0
    },
    "2022-09-30": {
        "Tax Effect Of Unusual Items": NaN,
        "Tax Rate For Calcs": NaN,
        "Normalized EBITDA": NaN,
        "Total Unusual Items": 0.0,
        "Total Unusual Items Excluding Goodwill": 0.0,
        "Net Income From Continuing Operation Net Minority Interest": NaN,
        "Reconciled Depreciation": NaN,
        "EBITDA": NaN,
        "EBIT": NaN,
        "Net Interest Income": NaN,
        "Interest Expense": NaN,
        "Interest Income": NaN,
        "Normalized Income": NaN,
        "Net Income From Continuing And Discontinued Operation": NaN,
        "Total Expenses": NaN,
        "Total Operating Income As Reported": NaN,
        "Diluted Average Shares": 48921928.0,
        "Basic Average Shares": 48921928.0,
        "Diluted EPS": -0.65,
        "Basic EPS": -0.65,
        "Diluted NI Availto Com Stockholders": NaN,
        "Net Income Common Stockholders": NaN,
        "Net Income": NaN,
        "Net Income Including Noncontrolling Interests": NaN,
        "Net Income Continuous Operations": NaN,
        "Tax Provision": 0.0,
        "Pretax Income": NaN,
        "Other Income Expense": NaN,
        "Special Income Charges": 0.0,
        "Other Special Charges": NaN,
        "Restructuring And Mergern Acquisition": NaN,
        "Net Non Operating Interest Income Expense": NaN,
        "Interest Expense Non Operating": NaN,
        "Interest Income Non Operating": NaN,
        "Operating Income": NaN,
        "Operating Expense": NaN,
        "Research And Development": NaN,
        "Selling General And Administration": NaN,
        "General And Administrative Expense": NaN,
        "Other Gand A": NaN,
        "Salaries And Wages": NaN,
        "Total Revenue": NaN,
        "Operating Revenue": NaN
    },
    "2022-06-30": {
        "Tax Effect Of Unusual Items": 0.0,
        "Tax Rate For Calcs": 0.0,
        "Normalized EBITDA": -26443000.0,
        "Net Income From Continuing Operation Net Minority Interest": -27412000.0,
        "Reconciled Depreciation": 435000.0,
        "EBITDA": -26443000.0,
        "EBIT": -26878000.0,
        "Net Interest Income": -28000.0,
        "Interest Expense": 534000.0,
        "Interest Income": 506000.0,
        "Normalized Income": -27412000.0,
        "Net Income From Continuing And Discontinued Operation": -27412000.0,
        "Total Expenses": 41218000.0,
        "Total Operating Income As Reported": -27384000.0,
        "Diluted Average Shares": 48823698.0,
        "Basic Average Shares": 48823698.0,
        "Diluted EPS": -0.56,
        "Basic EPS": -0.56,
        "Diluted NI Availto Com Stockholders": -27412000.0,
        "Net Income Common Stockholders": -27412000.0,
        "Net Income": -27412000.0,
        "Net Income Including Noncontrolling Interests": -27412000.0,
        "Net Income Continuous Operations": -27412000.0,
        "Pretax Income": -27412000.0,
        "Net Non Operating Interest Income Expense": -28000.0,
        "Interest Expense Non Operating": 534000.0,
        "Interest Income Non Operating": 506000.0,
        "Operating Income": -27384000.0,
        "Operating Expense": 41218000.0,
        "Research And Development": 31323000.0,
        "Selling General And Administration": 9895000.0,
        "General And Administrative Expense": 9895000.0,
        "Other Gand A": 2018000.0,
        "Salaries And Wages": 7877000.0,
        "Total Revenue": 13834000.0,
        "Operating Revenue": 13834000.0
    },
    "2022-03-31": {
        "Diluted EPS": -0.65,
        "Total Revenue": 8,
        "Gross Profit": 8,
        "Operating Income": -31,
        "EBIT": -30,
        "Net Income": -32
    },
    "2021-12-31": {
        "Diluted EPS": -0.31,
        "Total Revenue": 20,
        "Gross Profit": 20,
        "Operating Income": -15,
        "EBIT": -14,
        "Net Income": -16
    },
    "2021-09-30": {
        "Diluted EPS": -0.51,
        "Total Revenue": 9,
        "Gross Profit": 9,
        "Operating Income": -24,
        "EBIT": -23,
        "Net Income": -25
    },
    "2021-06-30": {
        "Diluted EPS": -0.51,
        "Total Revenue": 10,
        "Gross Profit": 10,
        "Operating Income": -22,
        "EBIT": -21,
        "Net Income": -23
    },
    "2021-03-31": {
        "Diluted EPS": -0.49,
        "Total Revenue": 7,
        "Gross Profit": 7,
        "Operating Income": -21,
        "EBIT": -20,
        "Net Income": -21
    },
    "2020-12-31": {
        "Diluted EPS": 30.59,
        "Total Revenue": 8,
        "Gross Profit": 8,
        "Operating Income": -19,
        "EBIT": -18,
        "Net Income": -12
    },
    "2020-09-30": {
        "Diluted EPS": -17.55,
        "Total Revenue": 8,
        "Gross Profit": 8,
        "Operating Income": -18,
        "EBIT": -18,
        "Net Income": -27
    },
    "2020-06-30": {
        "Diluted EPS": -9.28,
        "Total Revenue": 10,
        "Gross Profit": 10,
        "Operating Income": -11,
        "EBIT": -10,
        "Net Income": -14
    },
    "2020-03-31": {
        "Diluted EPS": -9.59,
        "Total Revenue": 7,
        "Gross Profit": 7,
        "Operating Income": -12,
        "EBIT": -12,
        "Net Income": -14
    },
    "2019-12-31": {
        "Diluted EPS": 0.0,
        "Total Revenue": NaN,
        "Gross Profit": NaN,
        "Operating Income": NaN,
        "EBIT": NaN,
        "Net Income": NaN
    },
    "2019-09-30": {
        "Diluted EPS": -8.93,
        "Total Revenue": 5,
        "Gross Profit": 5,
        "Operating Income": -10,
        "EBIT": -10,
        "Net Income": -12
    },
    "2023-06-30": {
        "Tax Effect Of Unusual Items": NaN,
        "Tax Rate For Calcs": NaN,
        "Normalized EBITDA": NaN,
        "Total Unusual Items": NaN,
        "Total Unusual Items Excluding Goodwill": NaN,
        "Net Income From Continuing Operation Net Minority Interest": NaN,
        "Reconciled Depreciation": NaN,
        "EBITDA": NaN,
        "EBIT": NaN,
        "Net Interest Income": NaN,
        "Interest Expense": NaN,
        "Interest Income": NaN,
        "Normalized Income": NaN,
        "Net Income From Continuing And Discontinued Operation": NaN,
        "Total Expenses": NaN,
        "Total Operating Income As Reported": NaN,
        "Diluted Average Shares": 49063631.0,
        "Basic Average Shares": 49063631.0,
        "Diluted EPS": -0.73,
        "Basic EPS": -0.73,
        "Diluted NI Availto Com Stockholders": NaN,
        "Net Income Common Stockholders": NaN,
        "Net Income": NaN,
        "Net Income Including Noncontrolling Interests": NaN,
        "Net Income Continuous Operations": NaN,
        "Tax Provision": NaN,
        "Pretax Income": NaN,
        "Other Income Expense": NaN,
        "Special Income Charges": NaN,
        "Other Special Charges": NaN,
        "Restructuring And Mergern Acquisition": 0.0,
        "Net Non Operating Interest Income Expense": NaN,
        "Interest Expense Non Operating": NaN,
        "Interest Income Non Operating": NaN,
        "Operating Income": NaN,
        "Operating Expense": NaN,
        "Research And Development": NaN,
        "Selling General And Administration": NaN,
        "General And Administrative Expense": NaN,
        "Other Gand A": NaN,
        "Salaries And Wages": NaN,
        "Total Revenue": NaN,
        "Operating Revenue": NaN
    },
    "2023-09-30": {
        "Tax Effect Of Unusual Items": NaN,
        "Tax Rate For Calcs": NaN,
        "Normalized EBITDA": NaN,
        "Total Unusual Items": NaN,
        "Total Unusual Items Excluding Goodwill": NaN,
        "Net Income From Continuing Operation Net Minority Interest": NaN,
        "Reconciled Depreciation": NaN,
        "EBITDA": NaN,
        "EBIT": NaN,
        "Net Interest Income": NaN,
        "Interest Expense": NaN,
        "Interest Income": NaN,
        "Normalized Income": NaN,
        "Net Income From Continuing And Discontinued Operation": NaN,
        "Total Expenses": NaN,
        "Total Operating Income As Reported": NaN,
        "Diluted Average Shares": NaN,
        "Basic Average Shares": NaN,
        "Diluted EPS": NaN,
        "Basic EPS": NaN,
        "Diluted NI Availto Com Stockholders": NaN,
        "Net Income Common Stockholders": NaN,
        "Net Income": NaN,
        "Net Income Including Noncontrolling Interests": NaN,
        "Net Income Continuous Operations": NaN,
        "Tax Provision": NaN,
        "Pretax Income": NaN,
        "Other Income Expense": -621000.0,
        "Special Income Charges": NaN,
        "Other Special Charges": 621000.0,
        "Restructuring And Mergern Acquisition": NaN,
        "Net Non Operating Interest Income Expense": NaN,
        "Interest Expense Non Operating": NaN,
        "Interest Income Non Operating": NaN,
        "Operating Income": NaN,
        "Operating Expense": NaN,
        "Research And Development": NaN,
        "Selling General And Administration": NaN,
        "General And Administrative Expense": NaN,
        "Other Gand A": NaN,
        "Salaries And Wages": NaN,
        "Total Revenue": NaN,
        "Operating Revenue": NaN
    },
    "2023-12-31": {
        "Tax Effect Of Unusual Items": NaN,
        "Tax Rate For Calcs": NaN,
        "Normalized EBITDA": NaN,
        "Total Unusual Items": NaN,
        "Total Unusual Items Excluding Goodwill": NaN,
        "Net Income From Continuing Operation Net Minority Interest": NaN,
        "Reconciled Depreciation": NaN,
        "EBITDA": NaN,
        "EBIT": NaN,
        "Net Interest Income": NaN,
        "Interest Expense": 0.0,
        "Interest Income": NaN,
        "Normalized Income": NaN,
        "Net Income From Continuing And Discontinued Operation": NaN,
        "Total Expenses": NaN,
        "Total Operating Income As Reported": NaN,
        "Diluted Average Shares": NaN,
        "Basic Average Shares": NaN,
        "Diluted EPS": NaN,
        "Basic EPS": NaN,
        "Diluted NI Availto Com Stockholders": NaN,
        "Net Income Common Stockholders": NaN,
        "Net Income": NaN,
        "Net Income Including Noncontrolling Interests": NaN,
        "Net Income Continuous Operations": NaN,
        "Tax Provision": 277000.0,
        "Pretax Income": NaN,
        "Other Income Expense": 0.0,
        "Special Income Charges": NaN,
        "Other Special Charges": 0.0,
        "Restructuring And Mergern Acquisition": NaN,
        "Net Non Operating Interest Income Expense": NaN,
        "Interest Expense Non Operating": 0.0,
        "Interest Income Non Operating": NaN,
        "Operating Income": NaN,
        "Operating Expense": NaN,
        "Research And Development": NaN,
        "Selling General And Administration": NaN,
        "General And Administrative Expense": NaN,
        "Other Gand A": NaN,
        "Salaries And Wages": NaN,
        "Total Revenue": NaN,
        "Operating Revenue": NaN
    },
    "2024-03-31": {
        "Tax Effect Of Unusual Items": 0.0,
        "Tax Rate For Calcs": 0.0,
        "Normalized EBITDA": -26897000.0,
        "Total Unusual Items": -2437000.0,
        "Total Unusual Items Excluding Goodwill": -2437000.0,
        "Net Income From Continuing Operation Net Minority Interest": -28361000.0,
        "Reconciled Depreciation": 448000.0,
        "EBITDA": -29334000.0,
        "EBIT": -29782000.0,
        "Net Interest Income": 3858000.0,
        "Interest Expense": 0.0,
        "Interest Income": 3858000.0,
        "Normalized Income": -25924000.0,
        "Net Income From Continuing And Discontinued Operation": -28361000.0,
        "Total Expenses": 32821000.0,
        "Total Operating Income As Reported": -32219000.0,
        "Diluted Average Shares": 68432168.0,
        "Basic Average Shares": 68432168.0,
        "Diluted EPS": -0.41,
        "Basic EPS": -0.41,
        "Diluted NI Availto Com Stockholders": -28361000.0,
        "Net Income Common Stockholders": -28361000.0,
        "Net Income": -28361000.0,
        "Net Income Including Noncontrolling Interests": -28361000.0,
        "Net Income Continuous Operations": -28361000.0,
        "Tax Provision": 0.0,
        "Pretax Income": -28361000.0,
        "Other Income Expense": -2437000.0,
        "Special Income Charges": -2437000.0,
        "Other Special Charges": NaN,
        "Restructuring And Mergern Acquisition": 2437000.0,
        "Net Non Operating Interest Income Expense": 3858000.0,
        "Interest Expense Non Operating": 0.0,
        "Interest Income Non Operating": 3858000.0,
        "Operating Income": -29782000.0,
        "Operating Expense": 32821000.0,
        "Research And Development": 22533000.0,
        "Selling General And Administration": 10288000.0,
        "General And Administrative Expense": 10288000.0,
        "Other Gand A": 2648000.0,
        "Salaries And Wages": 7640000.0,
        "Total Revenue": 3039000.0,
        "Operating Revenue": 3039000.0
    },
    "2024-06-30": {
        "Tax Effect Of Unusual Items": 0.0,
        "Tax Rate For Calcs": 0.0,
        "Normalized EBITDA": -17268000.0,
        "Total Unusual Items": 0.0,
        "Total Unusual Items Excluding Goodwill": 0.0,
        "Net Income From Continuing Operation Net Minority Interest": -17716000.0,
        "Reconciled Depreciation": 448000.0,
        "EBITDA": -17268000.0,
        "EBIT": -17716000.0,
        "Net Interest Income": 3726000.0,
        "Interest Expense": 0.0,
        "Interest Income": 3726000.0,
        "Normalized Income": -17716000.0,
        "Net Income From Continuing And Discontinued Operation": -17716000.0,
        "Total Expenses": 33448000.0,
        "Total Operating Income As Reported": -21442000.0,
        "Diluted Average Shares": 68810259.0,
        "Basic Average Shares": 68810259.0,
        "Diluted EPS": -0.26,
        "Basic EPS": -0.26,
        "Diluted NI Availto Com Stockholders": -17716000.0,
        "Net Income Common Stockholders": -17716000.0,
        "Net Income": -17716000.0,
        "Net Income Including Noncontrolling Interests": -17716000.0,
        "Net Income Continuous Operations": -17716000.0,
        "Tax Provision": 0.0,
        "Pretax Income": -17716000.0,
        "Other Income Expense": NaN,
        "Special Income Charges": 0.0,
        "Other Special Charges": NaN,
        "Restructuring And Mergern Acquisition": 0.0,
        "Net Non Operating Interest Income Expense": 3726000.0,
        "Interest Expense Non Operating": 0.0,
        "Interest Income Non Operating": 3726000.0,
        "Operating Income": -21442000.0,
        "Operating Expense": 33448000.0,
        "Research And Development": 23753000.0,
        "Selling General And Administration": 9695000.0,
        "General And Administrative Expense": 9695000.0,
        "Other Gand A": 2352000.0,
        "Salaries And Wages": 7343000.0,
        "Total Revenue": 12006000.0,
        "Operating Revenue": 12006000.0
    },
    "2024-09-30": {
        "Tax Effect Of Unusual Items": 0.0,
        "Tax Rate For Calcs": 0.0,
        "Normalized EBITDA": -24224000.0,
        "Total Unusual Items": 0.0,
        "Total Unusual Items Excluding Goodwill": 0.0,
        "Net Income From Continuing Operation Net Minority Interest": -24666000.0,
        "Reconciled Depreciation": 442000.0,
        "EBITDA": -24224000.0,
        "EBIT": -24666000.0,
        "Net Interest Income": 3578000.0,
        "Interest Expense": 0.0,
        "Interest Income": 3578000.0,
        "Normalized Income": -24666000.0,
        "Net Income From Continuing And Discontinued Operation": -24666000.0,
        "Total Expenses": 43606000.0,
        "Total Operating Income As Reported": -28244000.0,
        "Diluted Average Shares": 69627190.0,
        "Basic Average Shares": 69627190.0,
        "Diluted EPS": -0.35,
        "Basic EPS": -0.35,
        "Diluted NI Availto Com Stockholders": -24666000.0,
        "Net Income Common Stockholders": -24666000.0,
        "Net Income": -24666000.0,
        "Net Income Including Noncontrolling Interests": -24666000.0,
        "Net Income Continuous Operations": -24666000.0,
        "Tax Provision": 0.0,
        "Pretax Income": -24666000.0,
        "Other Income Expense": NaN,
        "Special Income Charges": 0.0,
        "Other Special Charges": NaN,
        "Restructuring And Mergern Acquisition": 0.0,
        "Net Non Operating Interest Income Expense": 3578000.0,
        "Interest Expense Non Operating": 0.0,
        "Interest Income Non Operating": 3578000.0,
        "Operating Income": -28244000.0,
        "Operating Expense": 43606000.0,
        "Research And Development": 31838000.0,
        "Selling General And Administration": 11768000.0,
        "General And Administrative Expense": 11768000.0,
        "Other Gand A": 2839000.0,
        "Salaries And Wages": 8929000.0,
        "Total Revenue": 15362000.0,
        "Operating Revenue": 15362000.0
    },
    "2024-12-31": {
        "Tax Effect Of Unusual Items": 0.0,
        "Tax Rate For Calcs": 0.21,
        "Normalized EBITDA": -33962000.0,
        "Total Unusual Items": 0.0,
        "Total Unusual Items Excluding Goodwill": 0.0,
        "Net Income From Continuing Operation Net Minority Interest": -34573000.0,
        "Reconciled Depreciation": 480000.0,
        "EBITDA": -33962000.0,
        "EBIT": -34442000.0,
        "Net Interest Income": 3267000.0,
        "Interest Expense": 0.0,
        "Interest Income": 3267000.0,
        "Normalized Income": -34573000.0,
        "Net Income From Continuing And Discontinued Operation": -34573000.0,
        "Total Expenses": 42886000.0,
        "Total Operating Income As Reported": -37709000.0,
        "Diluted Average Shares": 70606156.0,
        "Basic Average Shares": 70606156.0,
        "Diluted EPS": -0.49,
        "Basic EPS": -0.49,
        "Diluted NI Availto Com Stockholders": -34573000.0,
        "Net Income Common Stockholders": -34573000.0,
        "Net Income": -34573000.0,
        "Net Income Including Noncontrolling Interests": -34573000.0,
        "Net Income Continuous Operations": -34573000.0,
        "Tax Provision": 131000.0,
        "Pretax Income": -34442000.0,
        "Other Income Expense": 0.0,
        "Special Income Charges": 0.0,
        "Other Special Charges": NaN,
        "Restructuring And Mergern Acquisition": 0.0,
        "Net Non Operating Interest Income Expense": 3267000.0,
        "Interest Expense Non Operating": 0.0,
        "Interest Income Non Operating": 3267000.0,
        "Operating Income": -37709000.0,
        "Operating Expense": 42886000.0,
        "Research And Development": 32513000.0,
        "Selling General And Administration": 10373000.0,
        "General And Administrative Expense": 10373000.0,
        "Other Gand A": 3007000.0,
        "Salaries And Wages": 7366000.0,
        "Total Revenue": 5177000.0,
        "Operating Revenue": 5177000.0
    },
    "2025-03-31": {
        "Tax Effect Of Unusual Items": 0.0,
        "Tax Rate For Calcs": 0.0,
        "Normalized EBITDA": -28708000.0,
        "Total Unusual Items": 0.0,
        "Total Unusual Items Excluding Goodwill": 0.0,
        "Net Income From Continuing Operation Net Minority Interest": -26322000.0,
        "Reconciled Depreciation": 456000.0,
        "EBITDA": -28708000.0,
        "EBIT": -29164000.0,
        "Net Interest Income": 2842000.0,
        "Interest Expense": NaN,
        "Interest Income": 2842000.0,
        "Normalized Income": -26322000.0,
        "Net Income From Continuing And Discontinued Operation": -26322000.0,
        "Total Expenses": 36402000.0,
        "Total Operating Income As Reported": -29164000.0,
        "Diluted Average Shares": 70833044.0,
        "Basic Average Shares": 70833044.0,
        "Diluted EPS": -0.37,
        "Basic EPS": -0.37,
        "Diluted NI Availto Com Stockholders": -26322000.0,
        "Net Income Common Stockholders": -26322000.0,
        "Net Income": -26322000.0,
        "Net Income Including Noncontrolling Interests": -26322000.0,
        "Net Income Continuous Operations": -26322000.0,
        "Tax Provision": NaN,
        "Pretax Income": -26322000.0,
        "Other Income Expense": NaN,
        "Special Income Charges": 0.0,
        "Other Special Charges": NaN,
        "Restructuring And Mergern Acquisition": 0.0,
        "Net Non Operating Interest Income Expense": 2842000.0,
        "Interest Expense Non Operating": NaN,
        "Interest Income Non Operating": 2842000.0,
        "Operating Income": -29164000.0,
        "Operating Expense": 36402000.0,
        "Research And Development": 27072000.0,
        "Selling General And Administration": 9330000.0,
        "General And Administrative Expense": 9330000.0,
        "Other Gand A": 2506000.0,
        "Salaries And Wages": 6824000.0,
        "Total Revenue": 7238000.0,
        "Operating Revenue": 7238000.0
    }
}