{
    "2024-02-29": {
        "Tax Effect Of Unusual Items": 68880.61664,
        "Tax Rate For Calcs": 0.299894,
        "Normalized EBITDA": 982468.0,
        "Total Unusual Items": 229683.0,
        "Total Unusual Items Excluding Goodwill": 229683.0,
        "Net Income From Continuing Operation Net Minority Interest": 556241.0,
        "Reconciled Depreciation": 161182.0,
        "Reconciled Cost Of Revenue": 1938375.0,
        "EBITDA": 1212151.0,
        "EBIT": 1050969.0,
        "Net Interest Income": -256459.0,
        "Interest Expense": 256459.0,
        "Normalized Income": 395438.61664,
        "Net Income From Continuing And Discontinued Operation": 556241.0,
        "Total Expenses": 7031012.0,
        "Total Operating Income As Reported": 821223.0,
        "Diluted Average Shares": 8254977.0,
        "Basic Average Shares": 8254977.0,
        "Diluted EPS": 0.067383,
        "Basic EPS": 0.067383,
        "Diluted NI Availto Com Stockholders": 556241.0,
        "Net Income Common Stockholders": 556241.0,
        "Net Income": 556241.0,
        "Net Income Including Noncontrolling Interests": 556241.0,
        "Net Income Continuous Operations": 556241.0,
        "Tax Provision": 238269.0,
        "Pretax Income": 794510.0,
        "Other Income Expense": 229746.0,
        "Other Non Operating Income Expenses": 63.0,
        "Special Income Charges": 5176.0,
        "Write Off": NaN,
        "Restructuring And Mergern Acquisition": -5176.0,
        "Gain On Sale Of Security": 229683.0,
        "Net Non Operating Interest Income Expense": -256459.0,
        "Interest Expense Non Operating": 256459.0,
        "Operating Income": 821223.0,
        "Operating Expense": 4964641.0,
        "Depreciation Amortization Depletion Income Statement": 33186.0,
        "Depreciation And Amortization In Income Statement": 33186.0,
        "Research And Development": 502889.0,
        "Selling General And Administration": 4428566.0,
        "Gross Profit": 5785864.0,
        "Cost Of Revenue": 2066371.0,
        "Total Revenue": 7852235.0,
        "Operating Revenue": 7852235.0
    },
    "2023-11-30": {
        "Tax Effect Of Unusual Items": NaN,
        "Tax Rate For Calcs": NaN,
        "Normalized EBITDA": NaN,
        "Total Unusual Items": NaN,
        "Total Unusual Items Excluding Goodwill": NaN,
        "Net Income From Continuing Operation Net Minority Interest": NaN,
        "Reconciled Depreciation": NaN,
        "Reconciled Cost Of Revenue": NaN,
        "EBITDA": NaN,
        "EBIT": NaN,
        "Net Interest Income": NaN,
        "Interest Expense": NaN,
        "Normalized Income": NaN,
        "Net Income From Continuing And Discontinued Operation": NaN,
        "Total Expenses": NaN,
        "Total Operating Income As Reported": NaN,
        "Diluted Average Shares": NaN,
        "Basic Average Shares": NaN,
        "Diluted EPS": NaN,
        "Basic EPS": NaN,
        "Diluted NI Availto Com Stockholders": NaN,
        "Net Income Common Stockholders": NaN,
        "Net Income": NaN,
        "Net Income Including Noncontrolling Interests": NaN,
        "Net Income Continuous Operations": NaN,
        "Tax Provision": NaN,
        "Pretax Income": NaN,
        "Other Income Expense": NaN,
        "Other Non Operating Income Expenses": NaN,
        "Special Income Charges": -15859373.0,
        "Write Off": NaN,
        "Restructuring And Mergern Acquisition": -985824.0,
        "Gain On Sale Of Security": NaN,
        "Net Non Operating Interest Income Expense": NaN,
        "Interest Expense Non Operating": NaN,
        "Operating Income": NaN,
        "Operating Expense": NaN,
        "Depreciation Amortization Depletion Income Statement": NaN,
        "Depreciation And Amortization In Income Statement": NaN,
        "Research And Development": NaN,
        "Selling General And Administration": NaN,
        "Gross Profit": NaN,
        "Cost Of Revenue": NaN,
        "Total Revenue": NaN,
        "Operating Revenue": NaN
    },
    "2023-08-31": {
        "Tax Effect Of Unusual Items": NaN,
        "Tax Rate For Calcs": NaN,
        "Normalized EBITDA": NaN,
        "Total Unusual Items": NaN,
        "Total Unusual Items Excluding Goodwill": NaN,
        "Net Income From Continuing Operation Net Minority Interest": NaN,
        "Reconciled Depreciation": NaN,
        "Reconciled Cost Of Revenue": NaN,
        "EBITDA": NaN,
        "EBIT": NaN,
        "Net Interest Income": NaN,
        "Interest Expense": NaN,
        "Normalized Income": NaN,
        "Net Income From Continuing And Discontinued Operation": NaN,
        "Total Expenses": NaN,
        "Total Operating Income As Reported": NaN,
        "Diluted Average Shares": 8286785.0,
        "Basic Average Shares": 8286785.0,
        "Diluted EPS": 0.082126,
        "Basic EPS": 0.082126,
        "Diluted NI Availto Com Stockholders": NaN,
        "Net Income Common Stockholders": NaN,
        "Net Income": NaN,
        "Net Income Including Noncontrolling Interests": NaN,
        "Net Income Continuous Operations": NaN,
        "Tax Provision": NaN,
        "Pretax Income": NaN,
        "Other Income Expense": NaN,
        "Other Non Operating Income Expenses": NaN,
        "Special Income Charges": NaN,
        "Write Off": 0.0,
        "Restructuring And Mergern Acquisition": NaN,
        "Gain On Sale Of Security": NaN,
        "Net Non Operating Interest Income Expense": NaN,
        "Interest Expense Non Operating": NaN,
        "Operating Income": NaN,
        "Operating Expense": NaN,
        "Depreciation Amortization Depletion Income Statement": NaN,
        "Depreciation And Amortization In Income Statement": NaN,
        "Research And Development": NaN,
        "Selling General And Administration": NaN,
        "Gross Profit": NaN,
        "Cost Of Revenue": NaN,
        "Total Revenue": NaN,
        "Operating Revenue": NaN
    },
    "2023-05-31": {
        "Tax Effect Of Unusual Items": NaN,
        "Tax Rate For Calcs": NaN,
        "Normalized EBITDA": NaN,
        "Total Unusual Items": NaN,
        "Total Unusual Items Excluding Goodwill": NaN,
        "Net Income From Continuing Operation Net Minority Interest": NaN,
        "Reconciled Depreciation": NaN,
        "Reconciled Cost Of Revenue": NaN,
        "EBITDA": NaN,
        "EBIT": NaN,
        "Net Interest Income": NaN,
        "Interest Expense": NaN,
        "Normalized Income": NaN,
        "Net Income From Continuing And Discontinued Operation": NaN,
        "Total Expenses": NaN,
        "Total Operating Income As Reported": NaN,
        "Diluted Average Shares": 8287169.0,
        "Basic Average Shares": 8287169.0,
        "Diluted EPS": 0.026665,
        "Basic EPS": 0.026665,
        "Diluted NI Availto Com Stockholders": NaN,
        "Net Income Common Stockholders": NaN,
        "Net Income": NaN,
        "Net Income Including Noncontrolling Interests": NaN,
        "Net Income Continuous Operations": NaN,
        "Tax Provision": NaN,
        "Pretax Income": NaN,
        "Other Income Expense": NaN,
        "Other Non Operating Income Expenses": NaN,
        "Special Income Charges": NaN,
        "Write Off": 0.0,
        "Restructuring And Mergern Acquisition": NaN,
        "Gain On Sale Of Security": NaN,
        "Net Non Operating Interest Income Expense": NaN,
        "Interest Expense Non Operating": NaN,
        "Operating Income": NaN,
        "Operating Expense": NaN,
        "Depreciation Amortization Depletion Income Statement": NaN,
        "Depreciation And Amortization In Income Statement": NaN,
        "Research And Development": NaN,
        "Selling General And Administration": NaN,
        "Gross Profit": NaN,
        "Cost Of Revenue": NaN,
        "Total Revenue": NaN,
        "Operating Revenue": NaN
    },
    "2023-02-28": {
        "Tax Effect Of Unusual Items": NaN,
        "Tax Rate For Calcs": NaN,
        "Normalized EBITDA": NaN,
        "Total Unusual Items": NaN,
        "Total Unusual Items Excluding Goodwill": NaN,
        "Net Income From Continuing Operation Net Minority Interest": NaN,
        "Reconciled Depreciation": NaN,
        "Reconciled Cost Of Revenue": NaN,
        "EBITDA": NaN,
        "EBIT": NaN,
        "Net Interest Income": NaN,
        "Interest Expense": NaN,
        "Normalized Income": NaN,
        "Net Income From Continuing And Discontinued Operation": NaN,
        "Total Expenses": NaN,
        "Total Operating Income As Reported": NaN,
        "Diluted Average Shares": 8443230.0,
        "Basic Average Shares": 8443230.0,
        "Diluted EPS": 0.09082,
        "Basic EPS": 0.09082,
        "Diluted NI Availto Com Stockholders": NaN,
        "Net Income Common Stockholders": NaN,
        "Net Income": NaN,
        "Net Income Including Noncontrolling Interests": NaN,
        "Net Income Continuous Operations": NaN,
        "Tax Provision": NaN,
        "Pretax Income": NaN,
        "Other Income Expense": NaN,
        "Other Non Operating Income Expenses": NaN,
        "Special Income Charges": NaN,
        "Write Off": NaN,
        "Restructuring And Mergern Acquisition": NaN,
        "Gain On Sale Of Security": NaN,
        "Net Non Operating Interest Income Expense": NaN,
        "Interest Expense Non Operating": NaN,
        "Operating Income": NaN,
        "Operating Expense": NaN,
        "Depreciation Amortization Depletion Income Statement": NaN,
        "Depreciation And Amortization In Income Statement": NaN,
        "Research And Development": NaN,
        "Selling General And Administration": NaN,
        "Gross Profit": NaN,
        "Cost Of Revenue": NaN,
        "Total Revenue": NaN,
        "Operating Revenue": NaN
    },
    "2022-08-31": {
        "Tax Effect Of Unusual Items": NaN,
        "Tax Rate For Calcs": NaN,
        "Normalized EBITDA": NaN,
        "Total Unusual Items": NaN,
        "Total Unusual Items Excluding Goodwill": NaN,
        "Net Income From Continuing Operation Net Minority Interest": NaN,
        "Reconciled Depreciation": NaN,
        "Reconciled Cost Of Revenue": NaN,
        "EBITDA": NaN,
        "EBIT": NaN,
        "Net Interest Income": NaN,
        "Interest Expense": NaN,
        "Normalized Income": NaN,
        "Net Income From Continuing And Discontinued Operation": NaN,
        "Total Expenses": NaN,
        "Total Operating Income As Reported": NaN,
        "Diluted Average Shares": 8404485.0,
        "Basic Average Shares": 8390335.0,
        "Diluted EPS": 0.06,
        "Basic EPS": 0.06,
        "Diluted NI Availto Com Stockholders": NaN,
        "Net Income Common Stockholders": NaN,
        "Net Income": NaN,
        "Net Income Including Noncontrolling Interests": NaN,
        "Net Income Continuous Operations": NaN,
        "Tax Provision": NaN,
        "Pretax Income": NaN,
        "Other Income Expense": NaN,
        "Other Non Operating Income Expenses": NaN,
        "Special Income Charges": NaN,
        "Restructuring And Mergern Acquisition": NaN,
        "Gain On Sale Of Security": NaN,
        "Net Non Operating Interest Income Expense": NaN,
        "Interest Expense Non Operating": NaN,
        "Operating Income": NaN,
        "Operating Expense": NaN,
        "Depreciation Amortization Depletion Income Statement": NaN,
        "Depreciation And Amortization In Income Statement": NaN,
        "Research And Development": NaN,
        "Selling General And Administration": NaN,
        "Gross Profit": NaN,
        "Cost Of Revenue": NaN,
        "Total Revenue": NaN,
        "Operating Revenue": NaN
    },
    "2024-05-31": {
        "Tax Effect Of Unusual Items": 22153.95,
        "Tax Rate For Calcs": 0.21,
        "Normalized EBITDA": 1884453.0,
        "Total Unusual Items": 105495.0,
        "Total Unusual Items Excluding Goodwill": 105495.0,
        "Net Income From Continuing Operation Net Minority Interest": 655790.0,
        "Reconciled Depreciation": 188495.0,
        "Reconciled Cost Of Revenue": 1896053.0,
        "EBITDA": 1989948.0,
        "EBIT": 1801453.0,
        "Net Interest Income": -329273.0,
        "Interest Expense": 329273.0,
        "Normalized Income": 572448.95,
        "Net Income From Continuing And Discontinued Operation": 655790.0,
        "Total Expenses": 6346990.0,
        "Total Operating Income As Reported": 1391518.0,
        "Diluted Average Shares": 8232327.0,
        "Basic Average Shares": 8117479.0,
        "Diluted EPS": 0.08,
        "Basic EPS": 0.08,
        "Diluted NI Availto Com Stockholders": 655790.0,
        "Net Income Common Stockholders": 655790.0,
        "Net Income": 655790.0,
        "Net Income Including Noncontrolling Interests": 655790.0,
        "Net Income Continuous Operations": 655790.0,
        "Tax Provision": 816390.0,
        "Pretax Income": 1472180.0,
        "Other Income Expense": 105632.0,
        "Other Non Operating Income Expenses": 137.0,
        "Special Income Charges": -304303.0,
        "Write Off": 308000.0,
        "Restructuring And Mergern Acquisition": -3697.0,
        "Gain On Sale Of Security": 409798.0,
        "Net Non Operating Interest Income Expense": -329273.0,
        "Interest Expense Non Operating": 329273.0,
        "Operating Income": 1695821.0,
        "Operating Expense": 4322240.0,
        "Depreciation Amortization Depletion Income Statement": 59798.0,
        "Depreciation And Amortization In Income Statement": 59798.0,
        "Research And Development": 241085.0,
        "Selling General And Administration": 4021357.0,
        "Gross Profit": 6018061.0,
        "Cost Of Revenue": 2024750.0,
        "Total Revenue": 8042811.0,
        "Operating Revenue": 8042811.0
    },
    "2024-08-31": {
        "Tax Effect Of Unusual Items": 121239.963776,
        "Tax Rate For Calcs": 0.237839,
        "Normalized EBITDA": 1736045.0,
        "Total Unusual Items": 509756.0,
        "Total Unusual Items Excluding Goodwill": 509756.0,
        "Net Income From Continuing Operation Net Minority Interest": 1051679.0,
        "Reconciled Depreciation": 332472.0,
        "Reconciled Cost Of Revenue": 1987933.0,
        "EBITDA": 2245801.0,
        "EBIT": 1913329.0,
        "Net Interest Income": -533464.0,
        "Interest Expense": 533464.0,
        "Normalized Income": 663162.963776,
        "Net Income From Continuing And Discontinued Operation": 1051679.0,
        "Total Expenses": 6664123.0,
        "Total Operating Income As Reported": 1389890.0,
        "Diluted Average Shares": 8173535.0,
        "Basic Average Shares": 8061946.0,
        "Diluted EPS": 0.13,
        "Basic EPS": 0.13,
        "Diluted NI Availto Com Stockholders": 1051679.0,
        "Net Income Common Stockholders": 1051679.0,
        "Net Income": 1051679.0,
        "Net Income Including Noncontrolling Interests": 1051679.0,
        "Net Income Continuous Operations": 1051679.0,
        "Tax Provision": 328186.0,
        "Pretax Income": 1379865.0,
        "Other Income Expense": 510737.0,
        "Other Non Operating Income Expenses": 981.0,
        "Special Income Charges": -12702.0,
        "Write Off": 0.0,
        "Restructuring And Mergern Acquisition": 12702.0,
        "Gain On Sale Of Security": 522458.0,
        "Net Non Operating Interest Income Expense": -533464.0,
        "Interest Expense Non Operating": 533464.0,
        "Operating Income": 1402592.0,
        "Operating Expense": 4538277.0,
        "Depreciation Amortization Depletion Income Statement": 194559.0,
        "Depreciation And Amortization In Income Statement": 194559.0,
        "Research And Development": 193933.0,
        "Selling General And Administration": 4149785.0,
        "Gross Profit": 5940869.0,
        "Cost Of Revenue": 2125846.0,
        "Total Revenue": 8066715.0,
        "Operating Revenue": 8066715.0
    },
    "2024-11-30": {
        "Tax Effect Of Unusual Items": 4417.14,
        "Tax Rate For Calcs": 0.21,
        "Normalized EBITDA": 221468.0,
        "Total Unusual Items": 21034.0,
        "Total Unusual Items Excluding Goodwill": 21034.0,
        "Net Income From Continuing Operation Net Minority Interest": -1861615.0,
        "Reconciled Depreciation": 339448.0,
        "Reconciled Cost Of Revenue": 1493219.0,
        "EBITDA": 242502.0,
        "EBIT": -96946.0,
        "Net Interest Income": -745488.0,
        "Interest Expense": 745488.0,
        "Normalized Income": -1878231.86,
        "Net Income From Continuing And Discontinued Operation": -1861615.0,
        "Total Expenses": 8147727.0,
        "Total Operating Income As Reported": -122347.0,
        "Diluted Average Shares": NaN,
        "Basic Average Shares": NaN,
        "Diluted EPS": NaN,
        "Basic EPS": NaN,
        "Diluted NI Availto Com Stockholders": -1861615.0,
        "Net Income Common Stockholders": -1861615.0,
        "Net Income": -1861615.0,
        "Net Income Including Noncontrolling Interests": -1861615.0,
        "Net Income Continuous Operations": -1861615.0,
        "Tax Provision": 1019181.0,
        "Pretax Income": -842434.0,
        "Other Income Expense": 26436.0,
        "Other Non Operating Income Expenses": 5402.0,
        "Special Income Charges": 1035.0,
        "Write Off": 0.0,
        "Restructuring And Mergern Acquisition": -1035.0,
        "Gain On Sale Of Security": 19999.0,
        "Net Non Operating Interest Income Expense": -745488.0,
        "Interest Expense Non Operating": 745488.0,
        "Operating Income": -123382.0,
        "Operating Expense": 6511039.0,
        "Depreciation Amortization Depletion Income Statement": 195979.0,
        "Depreciation And Amortization In Income Statement": 195979.0,
        "Research And Development": 304629.0,
        "Selling General And Administration": 6010431.0,
        "Gross Profit": 6387657.0,
        "Cost Of Revenue": 1636688.0,
        "Total Revenue": 8024345.0,
        "Operating Revenue": 8024345.0
    },
    "2025-02-28": {
        "Tax Effect Of Unusual Items": -12560.4,
        "Tax Rate For Calcs": 0.4,
        "Normalized EBITDA": 1400077.0,
        "Total Unusual Items": -31401.0,
        "Total Unusual Items Excluding Goodwill": -31401.0,
        "Net Income From Continuing Operation Net Minority Interest": 282855.0,
        "Reconciled Depreciation": 339996.0,
        "Reconciled Cost Of Revenue": 1836445.0,
        "EBITDA": 1368676.0,
        "EBIT": 1028680.0,
        "Net Interest Income": -494962.0,
        "Interest Expense": 494962.0,
        "Normalized Income": 301695.6,
        "Net Income From Continuing And Discontinued Operation": 282855.0,
        "Total Expenses": 6912869.0,
        "Total Operating Income As Reported": 1056011.0,
        "Diluted Average Shares": 8200022.0,
        "Basic Average Shares": 8082159.0,
        "Diluted EPS": 0.03,
        "Basic EPS": 0.03,
        "Diluted NI Availto Com Stockholders": 282855.0,
        "Net Income Common Stockholders": 282855.0,
        "Net Income": 282855.0,
        "Net Income Including Noncontrolling Interests": 282855.0,
        "Net Income Continuous Operations": 282855.0,
        "Tax Provision": 250863.0,
        "Pretax Income": 533718.0,
        "Other Income Expense": -27331.0,
        "Other Non Operating Income Expenses": 4070.0,
        "Special Income Charges": NaN,
        "Write Off": NaN,
        "Restructuring And Mergern Acquisition": NaN,
        "Gain On Sale Of Security": -31401.0,
        "Net Non Operating Interest Income Expense": -494962.0,
        "Interest Expense Non Operating": 494962.0,
        "Operating Income": 1056011.0,
        "Operating Expense": 4928281.0,
        "Depreciation Amortization Depletion Income Statement": 191853.0,
        "Depreciation And Amortization In Income Statement": 191853.0,
        "Research And Development": 98143.0,
        "Selling General And Administration": 4638285.0,
        "Gross Profit": 5984292.0,
        "Cost Of Revenue": 1984588.0,
        "Total Revenue": 7968880.0,
        "Operating Revenue": 7968880.0
    },
    "2025-05-31": {
        "Tax Effect Of Unusual Items": -144659.888013,
        "Tax Rate For Calcs": 0.381354,
        "Normalized EBITDA": 1849820.0,
        "Total Unusual Items": -379332.0,
        "Total Unusual Items Excluding Goodwill": -379332.0,
        "Net Income From Continuing Operation Net Minority Interest": 355785.0,
        "Reconciled Depreciation": 344259.0,
        "Reconciled Cost Of Revenue": 1702382.0,
        "EBITDA": 1470488.0,
        "EBIT": 1126229.0,
        "Net Interest Income": -551126.0,
        "Interest Expense": 551126.0,
        "Normalized Income": 590457.111987,
        "Net Income From Continuing And Discontinued Operation": 355785.0,
        "Total Expenses": 6436209.0,
        "Total Operating Income As Reported": 1492634.0,
        "Diluted Average Shares": 8125720.0,
        "Basic Average Shares": 8080161.0,
        "Diluted EPS": 0.04,
        "Basic EPS": 0.04,
        "Diluted NI Availto Com Stockholders": 355785.0,
        "Net Income Common Stockholders": 355785.0,
        "Net Income": 355785.0,
        "Net Income Including Noncontrolling Interests": 355785.0,
        "Net Income Continuous Operations": 355785.0,
        "Tax Provision": 219318.0,
        "Pretax Income": 575103.0,
        "Other Income Expense": -366405.0,
        "Other Non Operating Income Expenses": 12927.0,
        "Special Income Charges": 0.0,
        "Write Off": 0.0,
        "Restructuring And Mergern Acquisition": NaN,
        "Gain On Sale Of Security": -379332.0,
        "Net Non Operating Interest Income Expense": -551126.0,
        "Interest Expense Non Operating": 551126.0,
        "Operating Income": 1492634.0,
        "Operating Expense": 4579670.0,
        "Depreciation Amortization Depletion Income Statement": 190102.0,
        "Depreciation And Amortization In Income Statement": 190102.0,
        "Research And Development": 131711.0,
        "Selling General And Administration": 4257857.0,
        "Gross Profit": 6072304.0,
        "Cost Of Revenue": 1856539.0,
        "Total Revenue": 7928843.0,
        "Operating Revenue": 7928843.0
    }
}