{
    "2023-03-31": {
        "Tax Effect Of Unusual Items": -59527.0,
        "Tax Rate For Calcs": 0.247,
        "Normalized EBITDA": 3756000.0,
        "Total Unusual Items": -241000.0,
        "Total Unusual Items Excluding Goodwill": -241000.0,
        "Net Income From Continuing Operation Net Minority Interest": 1256000.0,
        "Reconciled Depreciation": 1695000.0,
        "Reconciled Cost Of Revenue": 9804000.0,
        "EBITDA": 3515000.0,
        "EBIT": 1820000.0,
        "Normalized Income": 1437473.0,
        "Net Income From Continuing And Discontinued Operation": 1256000.0,
        "Total Expenses": 12936000.0,
        "Total Operating Income As Reported": 1820000.0,
        "Diluted Average Shares": 8531541.0,
        "Basic Average Shares": 8502735.0,
        "Diluted EPS": 0.15,
        "Basic EPS": 0.15,
        "Diluted NI Availto Com Stockholders": 1256000.0,
        "Net Income Common Stockholders": 1256000.0,
        "Net Income": 1256000.0,
        "Net Income Including Noncontrolling Interests": 1256000.0,
        "Net Income Continuous Operations": 1256000.0,
        "Tax Provision": 413000.0,
        "Pretax Income": 1669000.0,
        "Other Income Expense": -151000.0,
        "Other Non Operating Income Expenses": 90000.0,
        "Gain On Sale Of Security": -241000.0,
        "Operating Income": 1820000.0,
        "Operating Expense": 3132000.0,
        "Research And Development": 1514000.0,
        "Selling General And Administration": 1618000.0,
        "Selling And Marketing Expense": 69000.0,
        "General And Administrative Expense": 1549000.0,
        "Other Gand A": 1549000.0,
        "Gross Profit": 4952000.0,
        "Cost Of Revenue": 9804000.0,
        "Total Revenue": 14756000.0,
        "Operating Revenue": 14756000.0
    },
    "2022-12-31": {
        "Tax Effect Of Unusual Items": -281400.0,
        "Tax Rate For Calcs": 0.21,
        "Normalized EBITDA": 6433000.0,
        "Total Unusual Items": -1340000.0,
        "Total Unusual Items Excluding Goodwill": -1340000.0,
        "Net Income From Continuing Operation Net Minority Interest": 996000.0,
        "Reconciled Depreciation": 2061000.0,
        "Reconciled Cost Of Revenue": 8840000.0,
        "EBITDA": 5093000.0,
        "EBIT": 3032000.0,
        "Normalized Income": 2054600.0,
        "Net Income From Continuing And Discontinued Operation": 996000.0,
        "Total Expenses": 12793000.0,
        "Total Operating Income As Reported": 3032000.0,
        "Diluted Average Shares": 8530000.0,
        "Basic Average Shares": 8506113.0,
        "Diluted EPS": 0.12,
        "Basic EPS": 0.12,
        "Diluted NI Availto Com Stockholders": 996000.0,
        "Net Income Common Stockholders": 996000.0,
        "Net Income": 996000.0,
        "Net Income Including Noncontrolling Interests": 996000.0,
        "Net Income Continuous Operations": 996000.0,
        "Tax Provision": 796000.0,
        "Pretax Income": 1792000.0,
        "Other Income Expense": -1240000.0,
        "Other Non Operating Income Expenses": 100000.0,
        "Gain On Sale Of Security": -1340000.0,
        "Operating Income": 3032000.0,
        "Operating Expense": 3953000.0,
        "Research And Development": 2784000.0,
        "Selling General And Administration": 1169000.0,
        "Selling And Marketing Expense": 105000.0,
        "General And Administrative Expense": 1064000.0,
        "Other Gand A": 1064000.0,
        "Gross Profit": 6985000.0,
        "Cost Of Revenue": 8840000.0,
        "Total Revenue": 15825000.0,
        "Operating Revenue": 15825000.0
    },
    "2022-09-30": {
        "Tax Effect Of Unusual Items": 9594.0,
        "Tax Rate For Calcs": 0.246,
        "Normalized EBITDA": 2967000.0,
        "Total Unusual Items": 39000.0,
        "Total Unusual Items Excluding Goodwill": 39000.0,
        "Net Income From Continuing Operation Net Minority Interest": 1359000.0,
        "Reconciled Depreciation": 1303000.0,
        "Reconciled Cost Of Revenue": 8431000.0,
        "EBITDA": 3006000.0,
        "EBIT": 1703000.0,
        "Normalized Income": 1329594.0,
        "Net Income From Continuing And Discontinued Operation": 1359000.0,
        "Total Expenses": 12747000.0,
        "Total Operating Income As Reported": 1703000.0,
        "Diluted Average Shares": 8559665.0,
        "Basic Average Shares": 8538954.0,
        "Diluted EPS": 0.16,
        "Basic EPS": 0.16,
        "Diluted NI Availto Com Stockholders": 1359000.0,
        "Net Income Common Stockholders": 1359000.0,
        "Net Income": 1359000.0,
        "Net Income Including Noncontrolling Interests": 1359000.0,
        "Net Income Continuous Operations": 1359000.0,
        "Tax Provision": 443000.0,
        "Pretax Income": 1802000.0,
        "Other Income Expense": 99000.0,
        "Other Non Operating Income Expenses": 60000.0,
        "Gain On Sale Of Security": 39000.0,
        "Operating Income": 1703000.0,
        "Operating Expense": 4316000.0,
        "Research And Development": 3129000.0,
        "Selling General And Administration": 1187000.0,
        "Selling And Marketing Expense": 80000.0,
        "General And Administrative Expense": 1107000.0,
        "Other Gand A": 1107000.0,
        "Gross Profit": 6019000.0,
        "Cost Of Revenue": 8431000.0,
        "Total Revenue": 14450000.0,
        "Operating Revenue": 14450000.0
    },
    "2022-06-30": {
        "Tax Effect Of Unusual Items": 62140.0,
        "Tax Rate For Calcs": 0.239,
        "Normalized EBITDA": 4211000.0,
        "Total Unusual Items": 260000.0,
        "Total Unusual Items Excluding Goodwill": 260000.0,
        "Net Income From Continuing Operation Net Minority Interest": 2856000.0,
        "Reconciled Depreciation": 1005000.0,
        "Reconciled Cost Of Revenue": 7937000.0,
        "EBITDA": 4471000.0,
        "EBIT": 3466000.0,
        "Normalized Income": 2658140.0,
        "Net Income From Continuing And Discontinued Operation": 2856000.0,
        "Total Expenses": 11740000.0,
        "Total Operating Income As Reported": 3466000.0,
        "Diluted Average Shares": 8616354.0,
        "Basic Average Shares": 8595478.0,
        "Diluted EPS": 0.33,
        "Basic EPS": 0.33,
        "Diluted NI Availto Com Stockholders": 2856000.0,
        "Net Income Common Stockholders": 2856000.0,
        "Net Income": 2856000.0,
        "Net Income Including Noncontrolling Interests": 2856000.0,
        "Net Income Continuous Operations": 2856000.0,
        "Tax Provision": 899000.0,
        "Pretax Income": 3755000.0,
        "Other Income Expense": 289000.0,
        "Other Non Operating Income Expenses": 29000.0,
        "Gain On Sale Of Security": 260000.0,
        "Operating Income": 3466000.0,
        "Operating Expense": 3803000.0,
        "Research And Development": 2463000.0,
        "Selling General And Administration": 1340000.0,
        "Selling And Marketing Expense": 85000.0,
        "General And Administrative Expense": 1255000.0,
        "Other Gand A": 1255000.0,
        "Gross Profit": 7269000.0,
        "Cost Of Revenue": 7937000.0,
        "Total Revenue": 15206000.0,
        "Operating Revenue": 15206000.0
    },
    "2023-06-30": {
        "Tax Effect Of Unusual Items": -96968.0,
        "Tax Rate For Calcs": 0.248,
        "Normalized EBITDA": 5034000.0,
        "Total Unusual Items": -391000.0,
        "Total Unusual Items Excluding Goodwill": -391000.0,
        "Net Income From Continuing Operation Net Minority Interest": 1875000.0,
        "Reconciled Depreciation": 1960000.0,
        "Reconciled Cost Of Revenue": 9296000.0,
        "EBITDA": 4643000.0,
        "EBIT": 2683000.0,
        "Normalized Income": 2169032.0,
        "Net Income From Continuing And Discontinued Operation": 1875000.0,
        "Total Expenses": 13009000.0,
        "Total Operating Income As Reported": 2683000.0,
        "Diluted Average Shares": 8516573.0,
        "Basic Average Shares": 8493040.0,
        "Diluted EPS": 0.22,
        "Basic EPS": 0.22,
        "Diluted NI Availto Com Stockholders": 1875000.0,
        "Net Income Common Stockholders": 1875000.0,
        "Net Income": 1875000.0,
        "Net Income Including Noncontrolling Interests": 1875000.0,
        "Net Income Continuous Operations": 1875000.0,
        "Tax Provision": 618000.0,
        "Pretax Income": 2493000.0,
        "Other Income Expense": -190000.0,
        "Other Non Operating Income Expenses": 201000.0,
        "Gain On Sale Of Security": -391000.0,
        "Operating Income": 2683000.0,
        "Operating Expense": 3713000.0,
        "Research And Development": 2092000.0,
        "Selling General And Administration": 1621000.0,
        "Selling And Marketing Expense": 105000.0,
        "General And Administrative Expense": 1516000.0,
        "Other Gand A": 1516000.0,
        "Gross Profit": 6396000.0,
        "Cost Of Revenue": 9296000.0,
        "Total Revenue": 15692000.0,
        "Operating Revenue": 15692000.0
    },
    "2022-03-31": {
        "Diluted EPS": 1.0,
        "Total Revenue": 24,
        "Gross Profit": 17,
        "Operating Income": 12,
        "EBIT": 13,
        "Net Income": 9
    },
    "2021-12-31": {
        "Diluted EPS": 0.3,
        "Total Revenue": 13,
        "Gross Profit": 6,
        "Operating Income": 3,
        "EBIT": 4,
        "Net Income": 3
    },
    "2021-09-30": {
        "Diluted EPS": 0.29,
        "Total Revenue": 13,
        "Gross Profit": 7,
        "Operating Income": 3,
        "EBIT": 4,
        "Net Income": 3
    },
    "2021-06-30": {
        "Diluted EPS": 0.32,
        "Total Revenue": 13,
        "Gross Profit": 8,
        "Operating Income": 4,
        "EBIT": 5,
        "Net Income": 3
    },
    "2021-03-31": {
        "Diluted EPS": 0.12,
        "Total Revenue": 9,
        "Gross Profit": 4,
        "Operating Income": 1,
        "EBIT": 2,
        "Net Income": 1
    },
    "2020-12-31": {
        "Diluted EPS": 0.24,
        "Total Revenue": 10,
        "Gross Profit": 6,
        "Operating Income": 3,
        "EBIT": 3,
        "Net Income": 2
    },
    "2020-09-30": {
        "Diluted EPS": 0.31,
        "Total Revenue": 10,
        "Gross Profit": 6,
        "Operating Income": 3,
        "EBIT": 4,
        "Net Income": 3
    },
    "2020-06-30": {
        "Diluted EPS": 0.24,
        "Total Revenue": 8,
        "Gross Profit": 4,
        "Operating Income": 3,
        "EBIT": 3,
        "Net Income": 2
    },
    "2020-03-31": {
        "Diluted EPS": 0.12,
        "Total Revenue": 8,
        "Gross Profit": 4,
        "Operating Income": 2,
        "EBIT": 3,
        "Net Income": 1
    },
    "2019-12-31": {
        "Diluted EPS": 0.42,
        "Total Revenue": 10,
        "Gross Profit": 7,
        "Operating Income": 4,
        "EBIT": 4,
        "Net Income": 4
    },
    "2019-09-30": {
        "Diluted EPS": 0.34,
        "Total Revenue": 10,
        "Gross Profit": 7,
        "Operating Income": 4,
        "EBIT": 5,
        "Net Income": 3
    },
    "2019-06-30": {
        "Diluted EPS": 0.23,
        "Total Revenue": 8,
        "Gross Profit": 5,
        "Operating Income": 3,
        "EBIT": 3,
        "Net Income": 2
    },
    "2019-03-31": {
        "Diluted EPS": 0.23,
        "Total Revenue": 7,
        "Gross Profit": 4,
        "Operating Income": 3,
        "EBIT": 3,
        "Net Income": 2
    },
    "2018-12-31": {
        "Diluted EPS": 0.27,
        "Total Revenue": 6,
        "Gross Profit": 4,
        "Operating Income": 2,
        "EBIT": 2,
        "Net Income": 2
    },
    "2018-09-30": {
        "Diluted EPS": 0.21,
        "Total Revenue": 5,
        "Gross Profit": 3,
        "Operating Income": 2,
        "EBIT": 2,
        "Net Income": 2
    },
    "2018-06-30": {
        "Diluted EPS": 0.12,
        "Total Revenue": 5,
        "Gross Profit": 3,
        "Operating Income": 1,
        "EBIT": 1,
        "Net Income": 1
    },
    "2018-03-31": {
        "Diluted EPS": 0.1,
        "Total Revenue": 4,
        "Gross Profit": 2,
        "Operating Income": 1,
        "EBIT": 1,
        "Net Income": 1
    },
    "2017-12-31": {
        "Diluted EPS": -0.07,
        "Total Revenue": 3,
        "Gross Profit": 1,
        "Operating Income": -1,
        "EBIT": -1,
        "Net Income": -1
    },
    "2017-09-30": {
        "Diluted EPS": 0.15,
        "Total Revenue": 2,
        "Gross Profit": 1,
        "Operating Income": 0,
        "EBIT": 0,
        "Net Income": 1
    },
    "2017-06-30": {
        "Diluted EPS": 0.02,
        "Total Revenue": 3,
        "Gross Profit": 2,
        "Operating Income": 0,
        "EBIT": 0,
        "Net Income": 0
    },
    "2017-03-31": {
        "Diluted EPS": -0.06,
        "Total Revenue": 2,
        "Gross Profit": 1,
        "Operating Income": -1,
        "EBIT": 0,
        "Net Income": -1
    },
    "2016-12-31": {
        "Diluted EPS": -0.01,
        "Total Revenue": 2,
        "Gross Profit": 1,
        "Operating Income": 0,
        "EBIT": 0,
        "Net Income": 0
    },
    "2016-09-30": {
        "Diluted EPS": 0.01,
        "Total Revenue": 3,
        "Gross Profit": 1,
        "Operating Income": 0,
        "EBIT": 0,
        "Net Income": 0
    },
    "2016-06-30": {
        "Diluted EPS": -0.02,
        "Total Revenue": 2,
        "Gross Profit": 1,
        "Operating Income": 0,
        "EBIT": 0,
        "Net Income": 0
    },
    "2016-03-31": {
        "Diluted EPS": -0.11,
        "Total Revenue": 2,
        "Gross Profit": 1,
        "Operating Income": 0,
        "EBIT": 0,
        "Net Income": -1
    },
    "2015-12-31": {
        "Diluted EPS": 0.13,
        "Total Revenue": 1,
        "Gross Profit": 1,
        "Operating Income": -1,
        "EBIT": -1,
        "Net Income": 1
    },
    "2015-09-30": {
        "Diluted EPS": -0.05,
        "Total Revenue": 1,
        "Gross Profit": 1,
        "Operating Income": -1,
        "EBIT": -1,
        "Net Income": 0
    },
    "2015-06-30": {
        "Diluted EPS": -0.09,
        "Total Revenue": 1,
        "Gross Profit": 1,
        "Operating Income": -1,
        "EBIT": -1,
        "Net Income": -1
    },
    "2015-03-31": {
        "Diluted EPS": 2.03,
        "Total Revenue": 1,
        "Gross Profit": 0,
        "Operating Income": -1,
        "EBIT": -1,
        "Net Income": 18
    },
    "2014-12-31": {
        "Diluted EPS": 0.02,
        "Total Revenue": 1,
        "Gross Profit": 0,
        "Operating Income": -1,
        "EBIT": -1,
        "Net Income": 0
    },
    "2014-09-30": {
        "Diluted EPS": 0.02,
        "Total Revenue": 1,
        "Gross Profit": 1,
        "Operating Income": 0,
        "EBIT": 0,
        "Net Income": 0
    },
    "2014-06-30": {
        "Diluted EPS": 0.02,
        "Total Revenue": 1,
        "Gross Profit": 0,
        "Operating Income": -1,
        "EBIT": -1,
        "Net Income": 0
    },
    "2014-03-31": {
        "Diluted EPS": -0.07,
        "Total Revenue": 1,
        "Gross Profit": 1,
        "Operating Income": -1,
        "EBIT": -1,
        "Net Income": -1
    },
    "2013-12-31": {
        "Diluted EPS": -0.02,
        "Total Revenue": 3,
        "Gross Profit": 2,
        "Operating Income": 0,
        "EBIT": 0,
        "Net Income": 0
    },
    "2013-09-30": {
        "Diluted EPS": 0.07,
        "Total Revenue": 5,
        "Gross Profit": 2,
        "Operating Income": 0,
        "EBIT": 1,
        "Net Income": 1
    },
    "2013-06-30": {
        "Diluted EPS": 0.05,
        "Total Revenue": 4,
        "Gross Profit": 2,
        "Operating Income": 0,
        "EBIT": 0,
        "Net Income": 0
    },
    "2013-03-31": {
        "Diluted EPS": 0.02,
        "Total Revenue": 4,
        "Gross Profit": 2,
        "Operating Income": 0,
        "EBIT": 0,
        "Net Income": 0
    },
    "2012-12-31": {
        "Diluted EPS": 0.03,
        "Total Revenue": 4,
        "Gross Profit": 2,
        "Operating Income": 0,
        "EBIT": 0,
        "Net Income": 0
    },
    "2012-09-30": {
        "Diluted EPS": 0.03,
        "Total Revenue": 4,
        "Gross Profit": 2,
        "Operating Income": 0,
        "EBIT": 0,
        "Net Income": 0
    },
    "2012-06-30": {
        "Diluted EPS": -0.0,
        "Total Revenue": 4,
        "Gross Profit": 2,
        "Operating Income": 0,
        "EBIT": 0,
        "Net Income": 0
    },
    "2012-03-31": {
        "Diluted EPS": 0.0,
        "Total Revenue": 4,
        "Gross Profit": 2,
        "Operating Income": 0,
        "EBIT": 0,
        "Net Income": 0
    },
    "2011-12-31": {
        "Diluted EPS": -0.01,
        "Total Revenue": 4,
        "Gross Profit": 2,
        "Operating Income": 0,
        "EBIT": 0,
        "Net Income": 0
    },
    "2011-09-30": {
        "Diluted EPS": 0.06,
        "Total Revenue": 5,
        "Gross Profit": 3,
        "Operating Income": 1,
        "EBIT": 1,
        "Net Income": 1
    },
    "2011-06-30": {
        "Diluted EPS": 0.08,
        "Total Revenue": 4,
        "Gross Profit": 2,
        "Operating Income": 0,
        "EBIT": 0,
        "Net Income": 1
    },
    "2011-03-31": {
        "Diluted EPS": -0.02,
        "Total Revenue": 4,
        "Gross Profit": 2,
        "Operating Income": 0,
        "EBIT": 0,
        "Net Income": 0
    },
    "2010-12-31": {
        "Diluted EPS": -0.02,
        "Total Revenue": 3,
        "Gross Profit": 2,
        "Operating Income": 0,
        "EBIT": 0,
        "Net Income": 0
    },
    "2010-09-30": {
        "Diluted EPS": 0.01,
        "Total Revenue": 4,
        "Gross Profit": 2,
        "Operating Income": 0,
        "EBIT": 0,
        "Net Income": 0
    },
    "2010-06-30": {
        "Diluted EPS": 0.03,
        "Total Revenue": 5,
        "Gross Profit": 2,
        "Operating Income": 0,
        "EBIT": 0,
        "Net Income": 0
    },
    "2010-03-31": {
        "Diluted EPS": 0.01,
        "Total Revenue": 4,
        "Gross Profit": 2,
        "Operating Income": 0,
        "EBIT": 0,
        "Net Income": 0
    },
    "2009-12-31": {
        "Diluted EPS": 0.07,
        "Total Revenue": 4,
        "Gross Profit": 2,
        "Operating Income": 0,
        "EBIT": 0,
        "Net Income": 0
    },
    "2009-09-30": {
        "Diluted EPS": -0.07,
        "Total Revenue": 3,
        "Gross Profit": 2,
        "Operating Income": -1,
        "EBIT": 0,
        "Net Income": -1
    },
    "2009-06-30": {
        "Diluted EPS": -0.04,
        "Total Revenue": 3,
        "Gross Profit": 2,
        "Operating Income": 0,
        "EBIT": 0,
        "Net Income": 0
    },
    "2009-03-31": {
        "Diluted EPS": -0.15,
        "Total Revenue": 3,
        "Gross Profit": 1,
        "Operating Income": -1,
        "EBIT": -1,
        "Net Income": -1
    },
    "2023-09-30": {
        "Tax Effect Of Unusual Items": NaN,
        "Tax Rate For Calcs": NaN,
        "Normalized EBITDA": NaN,
        "Total Unusual Items": NaN,
        "Total Unusual Items Excluding Goodwill": NaN,
        "Net Income From Continuing Operation Net Minority Interest": NaN,
        "Reconciled Depreciation": NaN,
        "Reconciled Cost Of Revenue": NaN,
        "EBITDA": NaN,
        "EBIT": NaN,
        "Normalized Income": NaN,
        "Net Income From Continuing And Discontinued Operation": NaN,
        "Total Expenses": NaN,
        "Total Operating Income As Reported": NaN,
        "Diluted Average Shares": 8460473.0,
        "Basic Average Shares": 8460473.0,
        "Diluted EPS": -0.03,
        "Basic EPS": -0.03,
        "Diluted NI Availto Com Stockholders": NaN,
        "Net Income Common Stockholders": NaN,
        "Net Income": NaN,
        "Net Income Including Noncontrolling Interests": NaN,
        "Net Income Continuous Operations": NaN,
        "Tax Provision": NaN,
        "Pretax Income": NaN,
        "Other Income Expense": NaN,
        "Other Non Operating Income Expenses": NaN,
        "Gain On Sale Of Security": NaN,
        "Operating Income": NaN,
        "Operating Expense": NaN,
        "Research And Development": NaN,
        "Selling General And Administration": NaN,
        "Selling And Marketing Expense": NaN,
        "General And Administrative Expense": NaN,
        "Other Gand A": NaN,
        "Gross Profit": NaN,
        "Cost Of Revenue": NaN,
        "Total Revenue": NaN,
        "Operating Revenue": NaN
    },
    "2023-12-31": {
        "Tax Effect Of Unusual Items": 27736.08903,
        "Tax Rate For Calcs": 0.227345,
        "Normalized EBITDA": 1518000.0,
        "Total Unusual Items": 122000.0,
        "Total Unusual Items Excluding Goodwill": 122000.0,
        "Net Income From Continuing Operation Net Minority Interest": 486000.0,
        "Reconciled Depreciation": 1245000.0,
        "Reconciled Cost Of Revenue": 8191000.0,
        "EBITDA": 1640000.0,
        "EBIT": 395000.0,
        "Normalized Income": 391736.08903,
        "Net Income From Continuing And Discontinued Operation": 486000.0,
        "Total Expenses": 11762000.0,
        "Total Operating Income As Reported": 395000.0,
        "Diluted Average Shares": 8388927.0,
        "Basic Average Shares": 8374606.0,
        "Diluted EPS": 0.06,
        "Basic EPS": 0.06,
        "Diluted NI Availto Com Stockholders": 486000.0,
        "Net Income Common Stockholders": 486000.0,
        "Net Income": 486000.0,
        "Net Income Including Noncontrolling Interests": 486000.0,
        "Net Income Continuous Operations": 486000.0,
        "Tax Provision": 143000.0,
        "Pretax Income": 629000.0,
        "Other Income Expense": 234000.0,
        "Other Non Operating Income Expenses": 112000.0,
        "Gain On Sale Of Security": 122000.0,
        "Operating Income": 395000.0,
        "Operating Expense": 3571000.0,
        "Research And Development": 2384000.0,
        "Selling General And Administration": 1187000.0,
        "Selling And Marketing Expense": 73000.0,
        "General And Administrative Expense": 1114000.0,
        "Other Gand A": 1114000.0,
        "Gross Profit": 3966000.0,
        "Cost Of Revenue": 8191000.0,
        "Total Revenue": 12157000.0,
        "Operating Revenue": 12157000.0
    },
    "2024-03-31": {
        "Tax Effect Of Unusual Items": -52428.0,
        "Tax Rate For Calcs": 0.257,
        "Normalized EBITDA": 1756000.0,
        "Total Unusual Items": -204000.0,
        "Total Unusual Items Excluding Goodwill": -204000.0,
        "Net Income From Continuing Operation Net Minority Interest": 430000.0,
        "Reconciled Depreciation": 1025000.0,
        "Reconciled Cost Of Revenue": 9500000.0,
        "EBITDA": 1552000.0,
        "EBIT": 527000.0,
        "Normalized Income": 581572.0,
        "Net Income From Continuing And Discontinued Operation": 430000.0,
        "Total Expenses": 12549000.0,
        "Total Operating Income As Reported": 527000.0,
        "Diluted Average Shares": 8247788.0,
        "Basic Average Shares": 8236135.0,
        "Diluted EPS": 0.05,
        "Basic EPS": 0.05,
        "Diluted NI Availto Com Stockholders": 430000.0,
        "Net Income Common Stockholders": 430000.0,
        "Net Income": 430000.0,
        "Net Income Including Noncontrolling Interests": 430000.0,
        "Net Income Continuous Operations": 430000.0,
        "Tax Provision": 149000.0,
        "Pretax Income": 579000.0,
        "Other Income Expense": 52000.0,
        "Other Non Operating Income Expenses": 256000.0,
        "Gain On Sale Of Security": -204000.0,
        "Operating Income": 527000.0,
        "Operating Expense": 3049000.0,
        "Research And Development": 1508000.0,
        "Selling General And Administration": 1541000.0,
        "Selling And Marketing Expense": 114000.0,
        "General And Administrative Expense": 1427000.0,
        "Other Gand A": 1427000.0,
        "Gross Profit": 3576000.0,
        "Cost Of Revenue": 9500000.0,
        "Total Revenue": 13076000.0,
        "Operating Revenue": 13076000.0
    },
    "2024-06-30": {
        "Tax Effect Of Unusual Items": -48556.0,
        "Tax Rate For Calcs": 0.244,
        "Normalized EBITDA": 2250000.0,
        "Total Unusual Items": -199000.0,
        "Total Unusual Items Excluding Goodwill": -199000.0,
        "Net Income From Continuing Operation Net Minority Interest": 896000.0,
        "Reconciled Depreciation": 902000.0,
        "Reconciled Cost Of Revenue": 9090000.0,
        "EBITDA": 2051000.0,
        "EBIT": 1149000.0,
        "Normalized Income": 1046444.0,
        "Net Income From Continuing And Discontinued Operation": 896000.0,
        "Total Expenses": 12648000.0,
        "Total Operating Income As Reported": 1149000.0,
        "Diluted Average Shares": 8143247.0,
        "Basic Average Shares": 8084335.0,
        "Diluted EPS": 0.11,
        "Basic EPS": 0.11,
        "Diluted NI Availto Com Stockholders": 896000.0,
        "Net Income Common Stockholders": 896000.0,
        "Net Income": 896000.0,
        "Net Income Including Noncontrolling Interests": 896000.0,
        "Net Income Continuous Operations": 896000.0,
        "Tax Provision": 289000.0,
        "Pretax Income": 1185000.0,
        "Other Income Expense": 36000.0,
        "Other Non Operating Income Expenses": 235000.0,
        "Gain On Sale Of Security": -199000.0,
        "Operating Income": 1149000.0,
        "Operating Expense": 3558000.0,
        "Research And Development": 1952000.0,
        "Selling General And Administration": 1606000.0,
        "Selling And Marketing Expense": 116000.0,
        "General And Administrative Expense": 1490000.0,
        "Other Gand A": 1490000.0,
        "Gross Profit": 4707000.0,
        "Cost Of Revenue": 9090000.0,
        "Total Revenue": 13797000.0,
        "Operating Revenue": 13797000.0
    },
    "2024-09-30": {
        "Tax Effect Of Unusual Items": -22500.0,
        "Tax Rate For Calcs": 0.25,
        "Normalized EBITDA": 3724000.0,
        "Total Unusual Items": -90000.0,
        "Total Unusual Items Excluding Goodwill": -90000.0,
        "Net Income From Continuing Operation Net Minority Interest": 2196000.0,
        "Reconciled Depreciation": 849000.0,
        "Reconciled Cost Of Revenue": 8999000.0,
        "EBITDA": 3634000.0,
        "EBIT": 2785000.0,
        "Normalized Income": 2263500.0,
        "Net Income From Continuing And Discontinued Operation": 2196000.0,
        "Total Expenses": 12918000.0,
        "Total Operating Income As Reported": 2785000.0,
        "Diluted Average Shares": 8017870.0,
        "Basic Average Shares": 7957571.0,
        "Diluted EPS": 0.27,
        "Basic EPS": 0.28,
        "Diluted NI Availto Com Stockholders": 2196000.0,
        "Net Income Common Stockholders": 2196000.0,
        "Net Income": 2196000.0,
        "Net Income Including Noncontrolling Interests": 2196000.0,
        "Net Income Continuous Operations": 2196000.0,
        "Tax Provision": 732000.0,
        "Pretax Income": 2928000.0,
        "Other Income Expense": 143000.0,
        "Other Non Operating Income Expenses": 233000.0,
        "Gain On Sale Of Security": -90000.0,
        "Operating Income": 2785000.0,
        "Operating Expense": 3919000.0,
        "Research And Development": 2501000.0,
        "Selling General And Administration": 1418000.0,
        "Selling And Marketing Expense": 79000.0,
        "General And Administrative Expense": 1339000.0,
        "Other Gand A": 1339000.0,
        "Gross Profit": 6704000.0,
        "Cost Of Revenue": 8999000.0,
        "Total Revenue": 15703000.0,
        "Operating Revenue": 15703000.0
    },
    "2024-12-31": {
        "Tax Effect Of Unusual Items": 13058.770344,
        "Tax Rate For Calcs": 0.129295,
        "Normalized EBITDA": 2766000.0,
        "Total Unusual Items": 101000.0,
        "Total Unusual Items Excluding Goodwill": 101000.0,
        "Net Income From Continuing Operation Net Minority Interest": 1926000.0,
        "Reconciled Depreciation": 790000.0,
        "Reconciled Cost Of Revenue": 8182000.0,
        "EBITDA": 2867000.0,
        "EBIT": 2077000.0,
        "Normalized Income": 1838058.770344,
        "Net Income From Continuing And Discontinued Operation": 1926000.0,
        "Total Expenses": 12746000.0,
        "Total Operating Income As Reported": 2077000.0,
        "Diluted Average Shares": NaN,
        "Basic Average Shares": NaN,
        "Diluted EPS": NaN,
        "Basic EPS": NaN,
        "Diluted NI Availto Com Stockholders": 1926000.0,
        "Net Income Common Stockholders": 1926000.0,
        "Net Income": 1926000.0,
        "Net Income Including Noncontrolling Interests": 1926000.0,
        "Net Income Continuous Operations": 1926000.0,
        "Tax Provision": 286000.0,
        "Pretax Income": 2212000.0,
        "Other Income Expense": 135000.0,
        "Other Non Operating Income Expenses": 34000.0,
        "Gain On Sale Of Security": 101000.0,
        "Operating Income": 2077000.0,
        "Operating Expense": 4564000.0,
        "Research And Development": 2953000.0,
        "Selling General And Administration": 1611000.0,
        "Selling And Marketing Expense": 98000.0,
        "General And Administrative Expense": 1513000.0,
        "Other Gand A": 1513000.0,
        "Gross Profit": 6641000.0,
        "Cost Of Revenue": 8182000.0,
        "Total Revenue": 14823000.0,
        "Operating Revenue": 14823000.0
    }
}