{
    "2023-03-31": {
        "Tax Effect Of Unusual Items": NaN,
        "Tax Rate For Calcs": NaN,
        "Normalized EBITDA": NaN,
        "Net Income From Continuing Operation Net Minority Interest": NaN,
        "Reconciled Depreciation": NaN,
        "Reconciled Cost Of Revenue": NaN,
        "EBITDA": NaN,
        "EBIT": NaN,
        "Net Interest Income": NaN,
        "Interest Income": 66000.0,
        "Normalized Income": NaN,
        "Net Income From Continuing And Discontinued Operation": NaN,
        "Total Expenses": NaN,
        "Total Operating Income As Reported": NaN,
        "Diluted Average Shares": 74796000.0,
        "Basic Average Shares": 74796000.0,
        "Diluted EPS": -0.03,
        "Basic EPS": -0.03,
        "Diluted NI Availto Com Stockholders": NaN,
        "Net Income Common Stockholders": NaN,
        "Net Income": NaN,
        "Net Income Including Noncontrolling Interests": NaN,
        "Net Income Continuous Operations": NaN,
        "Pretax Income": NaN,
        "Net Non Operating Interest Income Expense": NaN,
        "Total Other Finance Cost": -66000.0,
        "Interest Income Non Operating": 66000.0,
        "Operating Income": NaN,
        "Operating Expense": NaN,
        "Research And Development": NaN,
        "Selling General And Administration": NaN,
        "Selling And Marketing Expense": NaN,
        "General And Administrative Expense": NaN,
        "Other Gand A": NaN,
        "Gross Profit": NaN,
        "Cost Of Revenue": NaN,
        "Total Revenue": NaN,
        "Operating Revenue": NaN
    },
    "2022-12-31": {
        "Tax Effect Of Unusual Items": NaN,
        "Tax Rate For Calcs": NaN,
        "Normalized EBITDA": NaN,
        "Net Income From Continuing Operation Net Minority Interest": NaN,
        "Reconciled Depreciation": NaN,
        "Reconciled Cost Of Revenue": NaN,
        "EBITDA": NaN,
        "EBIT": NaN,
        "Net Interest Income": NaN,
        "Interest Income": NaN,
        "Normalized Income": NaN,
        "Net Income From Continuing And Discontinued Operation": NaN,
        "Total Expenses": NaN,
        "Total Operating Income As Reported": NaN,
        "Diluted Average Shares": NaN,
        "Basic Average Shares": NaN,
        "Diluted EPS": NaN,
        "Basic EPS": NaN,
        "Diluted NI Availto Com Stockholders": NaN,
        "Net Income Common Stockholders": NaN,
        "Net Income": NaN,
        "Net Income Including Noncontrolling Interests": NaN,
        "Net Income Continuous Operations": NaN,
        "Pretax Income": NaN,
        "Other Income Expense": 0.0,
        "Other Non Operating Income Expenses": 0.0,
        "Net Non Operating Interest Income Expense": NaN,
        "Total Other Finance Cost": NaN,
        "Interest Income Non Operating": NaN,
        "Operating Income": NaN,
        "Operating Expense": NaN,
        "Research And Development": NaN,
        "Selling General And Administration": NaN,
        "Selling And Marketing Expense": NaN,
        "General And Administrative Expense": NaN,
        "Other Gand A": NaN,
        "Gross Profit": NaN,
        "Cost Of Revenue": NaN,
        "Total Revenue": NaN,
        "Operating Revenue": NaN
    },
    "2022-09-30": {
        "Tax Effect Of Unusual Items": NaN,
        "Tax Rate For Calcs": NaN,
        "Normalized EBITDA": NaN,
        "Net Income From Continuing Operation Net Minority Interest": NaN,
        "Reconciled Depreciation": NaN,
        "Reconciled Cost Of Revenue": NaN,
        "EBITDA": NaN,
        "EBIT": NaN,
        "Net Interest Income": NaN,
        "Interest Expense": 5000.0,
        "Interest Income": NaN,
        "Normalized Income": NaN,
        "Net Income From Continuing And Discontinued Operation": NaN,
        "Total Expenses": NaN,
        "Total Operating Income As Reported": NaN,
        "Diluted Average Shares": NaN,
        "Basic Average Shares": NaN,
        "Diluted EPS": NaN,
        "Basic EPS": NaN,
        "Diluted NI Availto Com Stockholders": NaN,
        "Net Income Common Stockholders": NaN,
        "Net Income": NaN,
        "Net Income Including Noncontrolling Interests": NaN,
        "Net Income Continuous Operations": NaN,
        "Pretax Income": NaN,
        "Other Income Expense": 2085000.0,
        "Other Non Operating Income Expenses": 2085000.0,
        "Net Non Operating Interest Income Expense": NaN,
        "Total Other Finance Cost": 5000.0,
        "Interest Expense Non Operating": 5000.0,
        "Interest Income Non Operating": NaN,
        "Operating Income": NaN,
        "Operating Expense": NaN,
        "Research And Development": NaN,
        "Selling General And Administration": NaN,
        "Selling And Marketing Expense": NaN,
        "General And Administrative Expense": NaN,
        "Other Gand A": NaN,
        "Gross Profit": NaN,
        "Cost Of Revenue": NaN,
        "Total Revenue": NaN,
        "Operating Revenue": NaN
    },
    "2022-06-30": {
        "Tax Effect Of Unusual Items": 0.0,
        "Tax Rate For Calcs": 0.0,
        "Normalized EBITDA": -5956000.0,
        "Net Income From Continuing Operation Net Minority Interest": -6397000.0,
        "Reconciled Depreciation": 431000.0,
        "Reconciled Cost Of Revenue": 6690000.0,
        "EBITDA": -5956000.0,
        "EBIT": -6387000.0,
        "Net Interest Income": -10000.0,
        "Interest Expense": 10000.0,
        "Normalized Income": -6397000.0,
        "Net Income From Continuing And Discontinued Operation": -6397000.0,
        "Total Expenses": 23119000.0,
        "Total Operating Income As Reported": -6387000.0,
        "Diluted Average Shares": 68336000.0,
        "Basic Average Shares": 68336000.0,
        "Diluted EPS": -0.09,
        "Basic EPS": -0.09,
        "Diluted NI Availto Com Stockholders": -6397000.0,
        "Net Income Common Stockholders": -6397000.0,
        "Net Income": -6397000.0,
        "Net Income Including Noncontrolling Interests": -6397000.0,
        "Net Income Continuous Operations": -6397000.0,
        "Pretax Income": -6397000.0,
        "Other Income Expense": NaN,
        "Other Non Operating Income Expenses": NaN,
        "Net Non Operating Interest Income Expense": -10000.0,
        "Total Other Finance Cost": NaN,
        "Interest Expense Non Operating": 10000.0,
        "Operating Income": -6387000.0,
        "Operating Expense": 16429000.0,
        "Research And Development": 1245000.0,
        "Selling General And Administration": 15184000.0,
        "Selling And Marketing Expense": 8021000.0,
        "General And Administrative Expense": 7163000.0,
        "Other Gand A": 7163000.0,
        "Gross Profit": 10042000.0,
        "Cost Of Revenue": 6690000.0,
        "Total Revenue": 16732000.0,
        "Operating Revenue": 16732000.0
    },
    "2022-03-31": {
        "Diluted EPS": -0.11,
        "Total Revenue": 17,
        "Gross Profit": 11,
        "Operating Income": -8,
        "EBIT": -7,
        "Net Income": -8
    },
    "2021-12-31": {
        "Diluted EPS": -0.07,
        "Total Revenue": 18,
        "Gross Profit": 11,
        "Operating Income": -5,
        "EBIT": -5,
        "Net Income": -5
    },
    "2021-09-30": {
        "Diluted EPS": -0.13,
        "Total Revenue": 17,
        "Gross Profit": 11,
        "Operating Income": -9,
        "EBIT": -9,
        "Net Income": -9
    },
    "2021-06-30": {
        "Diluted EPS": -0.08,
        "Total Revenue": 18,
        "Gross Profit": 11,
        "Operating Income": -6,
        "EBIT": -5,
        "Net Income": -6
    },
    "2021-03-31": {
        "Diluted EPS": -0.12,
        "Total Revenue": 15,
        "Gross Profit": 9,
        "Operating Income": -7,
        "EBIT": -7,
        "Net Income": -7
    },
    "2020-12-31": {
        "Diluted EPS": -0.1,
        "Total Revenue": 15,
        "Gross Profit": 9,
        "Operating Income": -6,
        "EBIT": -6,
        "Net Income": -6
    },
    "2020-09-30": {
        "Diluted EPS": -0.07,
        "Total Revenue": 14,
        "Gross Profit": 8,
        "Operating Income": -4,
        "EBIT": -4,
        "Net Income": -4
    },
    "2020-06-30": {
        "Diluted EPS": -0.06,
        "Total Revenue": 15,
        "Gross Profit": 9,
        "Operating Income": -4,
        "EBIT": -3,
        "Net Income": -4
    },
    "2020-03-31": {
        "Diluted EPS": -0.1,
        "Total Revenue": 14,
        "Gross Profit": 8,
        "Operating Income": -6,
        "EBIT": -6,
        "Net Income": -6
    },
    "2019-12-31": {
        "Diluted EPS": -0.15,
        "Total Revenue": 13,
        "Gross Profit": 7,
        "Operating Income": -9,
        "EBIT": -9,
        "Net Income": -9
    },
    "2019-09-30": {
        "Diluted EPS": -0.12,
        "Total Revenue": 12,
        "Gross Profit": 7,
        "Operating Income": -7,
        "EBIT": -6,
        "Net Income": -7
    },
    "2019-06-30": {
        "Diluted EPS": -0.14,
        "Total Revenue": 11,
        "Gross Profit": 6,
        "Operating Income": -7,
        "EBIT": -6,
        "Net Income": -8
    },
    "2019-03-31": {
        "Diluted EPS": -0.15,
        "Total Revenue": 10,
        "Gross Profit": 5,
        "Operating Income": -8,
        "EBIT": -8,
        "Net Income": -8
    },
    "2018-12-31": {
        "Diluted EPS": -0.15,
        "Total Revenue": 9,
        "Gross Profit": 5,
        "Operating Income": -8,
        "EBIT": -8,
        "Net Income": -8
    },
    "2018-09-30": {
        "Diluted EPS": -0.16,
        "Total Revenue": 8,
        "Gross Profit": 4,
        "Operating Income": -9,
        "EBIT": -8,
        "Net Income": -9
    },
    "2018-06-30": {
        "Diluted EPS": -0.15,
        "Total Revenue": 8,
        "Gross Profit": 4,
        "Operating Income": -8,
        "EBIT": -8,
        "Net Income": -8
    },
    "2018-03-31": {
        "Diluted EPS": -0.15,
        "Total Revenue": 7,
        "Gross Profit": 3,
        "Operating Income": -8,
        "EBIT": -8,
        "Net Income": -8
    },
    "2017-12-31": {
        "Diluted EPS": -0.18,
        "Total Revenue": 8,
        "Gross Profit": 4,
        "Operating Income": -9,
        "EBIT": -9,
        "Net Income": -9
    },
    "2017-09-30": {
        "Diluted EPS": 0.04,
        "Total Revenue": 6,
        "Gross Profit": 3,
        "Operating Income": -3,
        "EBIT": -3,
        "Net Income": 2
    },
    "2017-06-30": {
        "Diluted EPS": -0.07,
        "Total Revenue": 4,
        "Gross Profit": 2,
        "Operating Income": -3,
        "EBIT": -2,
        "Net Income": -3
    },
    "2017-03-31": {
        "Diluted EPS": -0.05,
        "Total Revenue": 3,
        "Gross Profit": 2,
        "Operating Income": -2,
        "EBIT": -2,
        "Net Income": -2
    },
    "2016-12-31": {
        "Diluted EPS": -0.06,
        "Total Revenue": 2,
        "Gross Profit": 1,
        "Operating Income": -3,
        "EBIT": -3,
        "Net Income": -2
    },
    "2016-09-30": {
        "Diluted EPS": -0.03,
        "Total Revenue": 4,
        "Gross Profit": 2,
        "Operating Income": -1,
        "EBIT": -1,
        "Net Income": -1
    },
    "2016-06-30": {
        "Diluted EPS": 0.0,
        "Total Revenue": 9,
        "Gross Profit": 4,
        "Operating Income": 0,
        "EBIT": 0,
        "Net Income": 0
    },
    "2016-03-31": {
        "Diluted EPS": 0.01,
        "Total Revenue": 7,
        "Gross Profit": 3,
        "Operating Income": 0,
        "EBIT": 1,
        "Net Income": 0
    },
    "2015-12-31": {
        "Diluted EPS": -0.04,
        "Total Revenue": 0,
        "Gross Profit": 1,
        "Operating Income": -1,
        "EBIT": -1,
        "Net Income": -1
    },
    "2015-09-30": {
        "Diluted EPS": 0.0,
        "Total Revenue": 6,
        "Gross Profit": 2,
        "Operating Income": 0,
        "EBIT": 0,
        "Net Income": 0
    },
    "2015-06-30": {
        "Diluted EPS": -0.01,
        "Total Revenue": 6,
        "Gross Profit": 2,
        "Operating Income": 0,
        "EBIT": 0,
        "Net Income": 0
    },
    "2015-03-31": {
        "Diluted EPS": -0.03,
        "Total Revenue": 5,
        "Gross Profit": 2,
        "Operating Income": -1,
        "EBIT": -1,
        "Net Income": -1
    },
    "2014-12-31": {
        "Diluted EPS": 0.0,
        "Total Revenue": 4,
        "Gross Profit": 1,
        "Operating Income": -1,
        "EBIT": -1,
        "Net Income": -1
    },
    "2014-09-30": {
        "Diluted EPS": -0.03,
        "Total Revenue": 4,
        "Gross Profit": 2,
        "Operating Income": -1,
        "EBIT": -1,
        "Net Income": -1
    },
    "2014-06-30": {
        "Diluted EPS": -0.06,
        "Total Revenue": 4,
        "Gross Profit": 1,
        "Operating Income": -2,
        "EBIT": -2,
        "Net Income": -2
    },
    "2014-03-31": {
        "Diluted EPS": -0.06,
        "Total Revenue": 3,
        "Gross Profit": 1,
        "Operating Income": -2,
        "EBIT": -2,
        "Net Income": -2
    },
    "2013-12-31": {
        "Diluted EPS": 0.0,
        "Total Revenue": 2,
        "Gross Profit": 1,
        "Operating Income": -1,
        "EBIT": -1,
        "Net Income": -1
    },
    "2013-09-30": {
        "Diluted EPS": -0.03,
        "Total Revenue": 3,
        "Gross Profit": 1,
        "Operating Income": -1,
        "EBIT": -1,
        "Net Income": -1
    },
    "2013-06-30": {
        "Diluted EPS": -0.03,
        "Total Revenue": 3,
        "Gross Profit": 1,
        "Operating Income": -1,
        "EBIT": -1,
        "Net Income": -1
    },
    "2013-03-31": {
        "Diluted EPS": -0.06,
        "Total Revenue": 2,
        "Gross Profit": 1,
        "Operating Income": -1,
        "EBIT": -1,
        "Net Income": -1
    },
    "2012-12-31": {
        "Diluted EPS": -0.06,
        "Total Revenue": 4,
        "Gross Profit": 1,
        "Operating Income": -2,
        "EBIT": -2,
        "Net Income": -2
    },
    "2012-09-30": {
        "Diluted EPS": -0.06,
        "Total Revenue": 4,
        "Gross Profit": 1,
        "Operating Income": -2,
        "EBIT": -1,
        "Net Income": -2
    },
    "2012-06-30": {
        "Diluted EPS": -0.12,
        "Total Revenue": 3,
        "Gross Profit": 1,
        "Operating Income": -4,
        "EBIT": -4,
        "Net Income": -4
    },
    "2012-03-31": {
        "Diluted EPS": -0.15,
        "Total Revenue": 2,
        "Gross Profit": -1,
        "Operating Income": -4,
        "EBIT": -4,
        "Net Income": -4
    },
    "2011-12-31": {
        "Diluted EPS": -0.12,
        "Total Revenue": 2,
        "Gross Profit": 0,
        "Operating Income": -2,
        "EBIT": -2,
        "Net Income": -2
    },
    "2011-09-30": {
        "Diluted EPS": -0.09,
        "Total Revenue": 2,
        "Gross Profit": 0,
        "Operating Income": -2,
        "EBIT": -2,
        "Net Income": -2
    },
    "2011-06-30": {
        "Diluted EPS": -0.09,
        "Total Revenue": 2,
        "Gross Profit": 1,
        "Operating Income": -2,
        "EBIT": -2,
        "Net Income": -2
    },
    "2011-03-31": {
        "Diluted EPS": -0.06,
        "Total Revenue": 3,
        "Gross Profit": 1,
        "Operating Income": -1,
        "EBIT": -1,
        "Net Income": -1
    },
    "2010-12-31": {
        "Diluted EPS": -0.06,
        "Total Revenue": 2,
        "Gross Profit": 1,
        "Operating Income": -1,
        "EBIT": -1,
        "Net Income": -1
    },
    "2010-09-30": {
        "Diluted EPS": -0.03,
        "Total Revenue": 2,
        "Gross Profit": 1,
        "Operating Income": -1,
        "EBIT": -1,
        "Net Income": -1
    },
    "2010-06-30": {
        "Diluted EPS": -0.03,
        "Total Revenue": 2,
        "Gross Profit": 1,
        "Operating Income": 0,
        "EBIT": 0,
        "Net Income": 0
    },
    "2010-03-31": {
        "Diluted EPS": 0.0,
        "Total Revenue": 2,
        "Gross Profit": 1,
        "Operating Income": 0,
        "EBIT": 0,
        "Net Income": 0
    },
    "2009-12-31": {
        "Diluted EPS": 0.0,
        "Total Revenue": 2,
        "Gross Profit": 1,
        "Operating Income": 0,
        "EBIT": 0,
        "Net Income": 0
    },
    "2009-09-30": {
        "Diluted EPS": -0.03,
        "Total Revenue": 1,
        "Gross Profit": 0,
        "Operating Income": 0,
        "EBIT": 0,
        "Net Income": 0
    },
    "2009-06-30": {
        "Diluted EPS": -0.03,
        "Total Revenue": 1,
        "Gross Profit": 0,
        "Operating Income": 0,
        "EBIT": 0,
        "Net Income": 0
    },
    "2009-03-31": {
        "Diluted EPS": -0.03,
        "Total Revenue": 1,
        "Gross Profit": 0,
        "Operating Income": 0,
        "EBIT": 0,
        "Net Income": 0
    },
    "2023-06-30": {
        "Tax Effect Of Unusual Items": NaN,
        "Tax Rate For Calcs": NaN,
        "Normalized EBITDA": NaN,
        "Net Income From Continuing Operation Net Minority Interest": NaN,
        "Reconciled Depreciation": NaN,
        "Reconciled Cost Of Revenue": NaN,
        "EBITDA": NaN,
        "EBIT": NaN,
        "Net Interest Income": NaN,
        "Interest Income": 125000.0,
        "Normalized Income": NaN,
        "Net Income From Continuing And Discontinued Operation": NaN,
        "Total Expenses": NaN,
        "Total Operating Income As Reported": NaN,
        "Diluted Average Shares": 74967000.0,
        "Basic Average Shares": 74967000.0,
        "Diluted EPS": -0.03,
        "Basic EPS": -0.03,
        "Diluted NI Availto Com Stockholders": NaN,
        "Net Income Common Stockholders": NaN,
        "Net Income": NaN,
        "Net Income Including Noncontrolling Interests": NaN,
        "Net Income Continuous Operations": NaN,
        "Pretax Income": NaN,
        "Net Non Operating Interest Income Expense": NaN,
        "Total Other Finance Cost": -125000.0,
        "Interest Income Non Operating": 125000.0,
        "Operating Income": NaN,
        "Operating Expense": NaN,
        "Research And Development": NaN,
        "Selling General And Administration": NaN,
        "Selling And Marketing Expense": NaN,
        "General And Administrative Expense": NaN,
        "Other Gand A": NaN,
        "Gross Profit": NaN,
        "Cost Of Revenue": NaN,
        "Total Revenue": NaN,
        "Operating Revenue": NaN
    },
    "2023-09-30": {
        "Tax Effect Of Unusual Items": 0.0,
        "Tax Rate For Calcs": 0.0,
        "Normalized EBITDA": -699000.0,
        "Net Income From Continuing Operation Net Minority Interest": -959000.0,
        "Reconciled Depreciation": 448000.0,
        "Reconciled Cost Of Revenue": 7526000.0,
        "EBITDA": -699000.0,
        "EBIT": -1147000.0,
        "Net Interest Income": 188000.0,
        "Interest Income": NaN,
        "Normalized Income": -959000.0,
        "Net Income From Continuing And Discontinued Operation": -959000.0,
        "Total Expenses": 20642000.0,
        "Total Operating Income As Reported": -1147000.0,
        "Diluted Average Shares": 75050000.0,
        "Basic Average Shares": 75050000.0,
        "Diluted EPS": -0.01,
        "Basic EPS": -0.01,
        "Diluted NI Availto Com Stockholders": -959000.0,
        "Net Income Common Stockholders": -959000.0,
        "Net Income": -959000.0,
        "Net Income Including Noncontrolling Interests": -959000.0,
        "Net Income Continuous Operations": -959000.0,
        "Pretax Income": -959000.0,
        "Net Non Operating Interest Income Expense": 188000.0,
        "Total Other Finance Cost": -188000.0,
        "Interest Income Non Operating": NaN,
        "Operating Income": -1147000.0,
        "Operating Expense": 13116000.0,
        "Research And Development": 1241000.0,
        "Selling General And Administration": 11875000.0,
        "Selling And Marketing Expense": 6035000.0,
        "General And Administrative Expense": 5840000.0,
        "Other Gand A": 5840000.0,
        "Gross Profit": 11969000.0,
        "Cost Of Revenue": 7526000.0,
        "Total Revenue": 19495000.0,
        "Operating Revenue": 19495000.0
    },
    "2023-12-31": {
        "Tax Effect Of Unusual Items": 0.0,
        "Tax Rate For Calcs": 0.21,
        "Normalized EBITDA": 205000.0,
        "Net Income From Continuing Operation Net Minority Interest": 114000.0,
        "Reconciled Depreciation": 373000.0,
        "Reconciled Cost Of Revenue": 8259000.0,
        "EBITDA": 205000.0,
        "EBIT": -168000.0,
        "Net Interest Income": 282000.0,
        "Interest Income": NaN,
        "Normalized Income": 114000.0,
        "Net Income From Continuing And Discontinued Operation": 114000.0,
        "Total Expenses": 21364000.0,
        "Total Operating Income As Reported": -168000.0,
        "Diluted Average Shares": NaN,
        "Basic Average Shares": NaN,
        "Diluted EPS": NaN,
        "Basic EPS": NaN,
        "Diluted NI Availto Com Stockholders": 114000.0,
        "Net Income Common Stockholders": 114000.0,
        "Net Income": 114000.0,
        "Net Income Including Noncontrolling Interests": 114000.0,
        "Net Income Continuous Operations": 114000.0,
        "Pretax Income": 114000.0,
        "Net Non Operating Interest Income Expense": 282000.0,
        "Total Other Finance Cost": NaN,
        "Interest Income Non Operating": NaN,
        "Operating Income": -168000.0,
        "Operating Expense": 13105000.0,
        "Research And Development": 1159000.0,
        "Selling General And Administration": 11946000.0,
        "Selling And Marketing Expense": 6520000.0,
        "General And Administrative Expense": 5426000.0,
        "Other Gand A": 5426000.0,
        "Gross Profit": 12937000.0,
        "Cost Of Revenue": 8259000.0,
        "Total Revenue": 21196000.0,
        "Operating Revenue": 21196000.0
    },
    "2024-03-31": {
        "Tax Effect Of Unusual Items": 0.0,
        "Tax Rate For Calcs": 0.0,
        "Normalized EBITDA": -341000.0,
        "Net Income From Continuing Operation Net Minority Interest": -492000.0,
        "Reconciled Depreciation": 390000.0,
        "Reconciled Cost Of Revenue": 8697000.0,
        "EBITDA": -341000.0,
        "EBIT": -731000.0,
        "Net Interest Income": 239000.0,
        "Interest Income": 239000.0,
        "Normalized Income": -492000.0,
        "Net Income From Continuing And Discontinued Operation": -492000.0,
        "Total Expenses": 22884000.0,
        "Total Operating Income As Reported": -731000.0,
        "Diluted Average Shares": 75230000.0,
        "Basic Average Shares": 75230000.0,
        "Diluted EPS": -0.01,
        "Basic EPS": -0.01,
        "Diluted NI Availto Com Stockholders": -492000.0,
        "Net Income Common Stockholders": -492000.0,
        "Net Income": -492000.0,
        "Net Income Including Noncontrolling Interests": -492000.0,
        "Net Income Continuous Operations": -492000.0,
        "Pretax Income": -492000.0,
        "Net Non Operating Interest Income Expense": 239000.0,
        "Total Other Finance Cost": NaN,
        "Interest Income Non Operating": 239000.0,
        "Operating Income": -731000.0,
        "Operating Expense": 14187000.0,
        "Research And Development": 2095000.0,
        "Selling General And Administration": 12092000.0,
        "Selling And Marketing Expense": 6740000.0,
        "General And Administrative Expense": 5352000.0,
        "Other Gand A": 5352000.0,
        "Gross Profit": 13456000.0,
        "Cost Of Revenue": 8697000.0,
        "Total Revenue": 22153000.0,
        "Operating Revenue": 22153000.0
    },
    "2024-06-30": {
        "Tax Effect Of Unusual Items": 0.0,
        "Tax Rate For Calcs": 0.0,
        "Normalized EBITDA": 114000.0,
        "Net Income From Continuing Operation Net Minority Interest": -15000.0,
        "Reconciled Depreciation": 370000.0,
        "Reconciled Cost Of Revenue": 9046000.0,
        "EBITDA": 114000.0,
        "EBIT": -256000.0,
        "Net Interest Income": 241000.0,
        "Interest Income": 241000.0,
        "Normalized Income": -15000.0,
        "Net Income From Continuing And Discontinued Operation": -15000.0,
        "Total Expenses": 22995000.0,
        "Total Operating Income As Reported": -256000.0,
        "Diluted Average Shares": 75559000.0,
        "Basic Average Shares": 75559000.0,
        "Diluted EPS": -0.000199,
        "Basic EPS": -0.000199,
        "Diluted NI Availto Com Stockholders": -15000.0,
        "Net Income Common Stockholders": -15000.0,
        "Net Income": -15000.0,
        "Net Income Including Noncontrolling Interests": -15000.0,
        "Net Income Continuous Operations": -15000.0,
        "Pretax Income": -15000.0,
        "Net Non Operating Interest Income Expense": 241000.0,
        "Total Other Finance Cost": NaN,
        "Interest Income Non Operating": 241000.0,
        "Operating Income": -256000.0,
        "Operating Expense": 13949000.0,
        "Research And Development": 1316000.0,
        "Selling General And Administration": 12633000.0,
        "Selling And Marketing Expense": 6969000.0,
        "General And Administrative Expense": 5664000.0,
        "Other Gand A": 5664000.0,
        "Gross Profit": 13693000.0,
        "Cost Of Revenue": 9046000.0,
        "Total Revenue": 22739000.0,
        "Operating Revenue": 22739000.0
    },
    "2024-09-30": {
        "Tax Effect Of Unusual Items": 0.0,
        "Tax Rate For Calcs": 0.21,
        "Normalized EBITDA": 1968000.0,
        "Net Income From Continuing Operation Net Minority Interest": 1878000.0,
        "Reconciled Depreciation": 366000.0,
        "Reconciled Cost Of Revenue": 9340000.0,
        "EBITDA": 1968000.0,
        "EBIT": 1602000.0,
        "Net Interest Income": 276000.0,
        "Interest Income": 276000.0,
        "Normalized Income": 1878000.0,
        "Net Income From Continuing And Discontinued Operation": 1878000.0,
        "Total Expenses": 23978000.0,
        "Total Operating Income As Reported": 1602000.0,
        "Diluted Average Shares": NaN,
        "Basic Average Shares": NaN,
        "Diluted EPS": NaN,
        "Basic EPS": NaN,
        "Diluted NI Availto Com Stockholders": 1878000.0,
        "Net Income Common Stockholders": 1878000.0,
        "Net Income": 1878000.0,
        "Net Income Including Noncontrolling Interests": 1878000.0,
        "Net Income Continuous Operations": 1878000.0,
        "Pretax Income": 1878000.0,
        "Net Non Operating Interest Income Expense": 276000.0,
        "Total Other Finance Cost": NaN,
        "Interest Income Non Operating": 276000.0,
        "Operating Income": 1602000.0,
        "Operating Expense": 14638000.0,
        "Research And Development": 1290000.0,
        "Selling General And Administration": 13348000.0,
        "Selling And Marketing Expense": 7044000.0,
        "General And Administrative Expense": 6304000.0,
        "Other Gand A": 6304000.0,
        "Gross Profit": 16240000.0,
        "Cost Of Revenue": 9340000.0,
        "Total Revenue": 25580000.0,
        "Operating Revenue": 25580000.0
    }
}