{
    "2023-03-31": {
        "Tax Effect Of Unusual Items": NaN,
        "Tax Rate For Calcs": NaN,
        "Normalized EBITDA": NaN,
        "Total Unusual Items": -5201000.0,
        "Total Unusual Items Excluding Goodwill": -5201000.0,
        "Net Income From Continuing Operation Net Minority Interest": NaN,
        "Reconciled Depreciation": NaN,
        "Reconciled Cost Of Revenue": NaN,
        "EBITDA": NaN,
        "EBIT": NaN,
        "Net Interest Income": NaN,
        "Interest Expense": NaN,
        "Interest Income": NaN,
        "Normalized Income": NaN,
        "Net Income From Continuing And Discontinued Operation": NaN,
        "Total Expenses": NaN,
        "Total Operating Income As Reported": NaN,
        "Diluted Average Shares": NaN,
        "Basic Average Shares": NaN,
        "Diluted EPS": NaN,
        "Basic EPS": NaN,
        "Diluted NI Availto Com Stockholders": NaN,
        "Net Income Common Stockholders": NaN,
        "Preferred Stock Dividends": NaN,
        "Net Income": NaN,
        "Net Income Including Noncontrolling Interests": NaN,
        "Net Income Continuous Operations": NaN,
        "Earnings From Equity Interest Net Of Tax": 0.0,
        "Tax Provision": NaN,
        "Pretax Income": NaN,
        "Other Income Expense": -5201000.0,
        "Special Income Charges": -5331000.0,
        "Other Special Charges": 5331000.0,
        "Gain On Sale Of Security": 130000.0,
        "Net Non Operating Interest Income Expense": NaN,
        "Total Other Finance Cost": NaN,
        "Interest Expense Non Operating": NaN,
        "Interest Income Non Operating": NaN,
        "Operating Income": NaN,
        "Operating Expense": NaN,
        "Depreciation Amortization Depletion Income Statement": NaN,
        "Depreciation And Amortization In Income Statement": NaN,
        "Depreciation Income Statement": NaN,
        "Selling General And Administration": NaN,
        "General And Administrative Expense": NaN,
        "Other Gand A": NaN,
        "Gross Profit": NaN,
        "Cost Of Revenue": NaN,
        "Total Revenue": NaN,
        "Operating Revenue": NaN
    },
    "2022-12-31": {
        "Tax Effect Of Unusual Items": NaN,
        "Tax Rate For Calcs": NaN,
        "Normalized EBITDA": NaN,
        "Total Unusual Items": 0.0,
        "Total Unusual Items Excluding Goodwill": 0.0,
        "Net Income From Continuing Operation Net Minority Interest": NaN,
        "Reconciled Depreciation": NaN,
        "Reconciled Cost Of Revenue": NaN,
        "EBITDA": NaN,
        "EBIT": NaN,
        "Net Interest Income": NaN,
        "Interest Expense": NaN,
        "Interest Income": NaN,
        "Normalized Income": NaN,
        "Net Income From Continuing And Discontinued Operation": NaN,
        "Total Expenses": NaN,
        "Total Operating Income As Reported": NaN,
        "Diluted Average Shares": NaN,
        "Basic Average Shares": NaN,
        "Diluted EPS": NaN,
        "Basic EPS": NaN,
        "Diluted NI Availto Com Stockholders": NaN,
        "Net Income Common Stockholders": NaN,
        "Preferred Stock Dividends": NaN,
        "Net Income": NaN,
        "Net Income Including Noncontrolling Interests": NaN,
        "Net Income Continuous Operations": NaN,
        "Earnings From Equity Interest Net Of Tax": 211000.0,
        "Tax Provision": NaN,
        "Pretax Income": NaN,
        "Other Income Expense": NaN,
        "Special Income Charges": 0.0,
        "Other Special Charges": NaN,
        "Gain On Sale Of Security": NaN,
        "Net Non Operating Interest Income Expense": NaN,
        "Total Other Finance Cost": NaN,
        "Interest Expense Non Operating": NaN,
        "Interest Income Non Operating": NaN,
        "Operating Income": NaN,
        "Operating Expense": NaN,
        "Depreciation Amortization Depletion Income Statement": NaN,
        "Depreciation And Amortization In Income Statement": NaN,
        "Depreciation Income Statement": NaN,
        "Selling General And Administration": NaN,
        "General And Administrative Expense": NaN,
        "Other Gand A": NaN,
        "Gross Profit": NaN,
        "Cost Of Revenue": NaN,
        "Total Revenue": NaN,
        "Operating Revenue": NaN
    },
    "2022-09-30": {
        "Tax Effect Of Unusual Items": NaN,
        "Tax Rate For Calcs": NaN,
        "Normalized EBITDA": NaN,
        "Total Unusual Items": NaN,
        "Total Unusual Items Excluding Goodwill": NaN,
        "Net Income From Continuing Operation Net Minority Interest": NaN,
        "Reconciled Depreciation": NaN,
        "Reconciled Cost Of Revenue": NaN,
        "EBITDA": NaN,
        "EBIT": NaN,
        "Net Interest Income": NaN,
        "Interest Expense": NaN,
        "Interest Income": NaN,
        "Normalized Income": NaN,
        "Net Income From Continuing And Discontinued Operation": NaN,
        "Total Expenses": NaN,
        "Total Operating Income As Reported": NaN,
        "Diluted Average Shares": 50793000.0,
        "Basic Average Shares": 50793000.0,
        "Diluted EPS": -0.15,
        "Basic EPS": -0.15,
        "Diluted NI Availto Com Stockholders": NaN,
        "Net Income Common Stockholders": NaN,
        "Preferred Stock Dividends": NaN,
        "Net Income": NaN,
        "Net Income Including Noncontrolling Interests": NaN,
        "Net Income Continuous Operations": NaN,
        "Earnings From Equity Interest Net Of Tax": NaN,
        "Tax Provision": NaN,
        "Pretax Income": NaN,
        "Other Income Expense": NaN,
        "Special Income Charges": 0.0,
        "Other Special Charges": NaN,
        "Gain On Sale Of Security": NaN,
        "Net Non Operating Interest Income Expense": NaN,
        "Total Other Finance Cost": NaN,
        "Interest Expense Non Operating": NaN,
        "Interest Income Non Operating": NaN,
        "Operating Income": NaN,
        "Operating Expense": NaN,
        "Depreciation Amortization Depletion Income Statement": NaN,
        "Depreciation And Amortization In Income Statement": NaN,
        "Depreciation Income Statement": NaN,
        "Selling General And Administration": NaN,
        "General And Administrative Expense": NaN,
        "Other Gand A": NaN,
        "Gross Profit": NaN,
        "Cost Of Revenue": NaN,
        "Total Revenue": NaN,
        "Operating Revenue": NaN
    },
    "2022-06-30": {
        "Tax Effect Of Unusual Items": 0.0,
        "Tax Rate For Calcs": 0.4,
        "Normalized EBITDA": -3214000.0,
        "Total Unusual Items": NaN,
        "Total Unusual Items Excluding Goodwill": NaN,
        "Net Income From Continuing Operation Net Minority Interest": -5483000.0,
        "Reconciled Depreciation": 178000.0,
        "Reconciled Cost Of Revenue": NaN,
        "EBITDA": -3214000.0,
        "EBIT": -3392000.0,
        "Net Interest Income": -2055000.0,
        "Interest Expense": 2055000.0,
        "Interest Income": NaN,
        "Normalized Income": -5483000.0,
        "Net Income From Continuing And Discontinued Operation": -5483000.0,
        "Total Expenses": 3577000.0,
        "Total Operating Income As Reported": -3392000.0,
        "Diluted Average Shares": 50770000.0,
        "Basic Average Shares": 50770000.0,
        "Diluted EPS": -0.13,
        "Basic EPS": -0.13,
        "Diluted NI Availto Com Stockholders": -6771000.0,
        "Net Income Common Stockholders": -6771000.0,
        "Preferred Stock Dividends": 1288000.0,
        "Net Income": -5483000.0,
        "Net Income Including Noncontrolling Interests": -5483000.0,
        "Net Income Continuous Operations": -5483000.0,
        "Earnings From Equity Interest Net Of Tax": -35000.0,
        "Tax Provision": 1000.0,
        "Pretax Income": -5447000.0,
        "Other Income Expense": NaN,
        "Special Income Charges": NaN,
        "Other Special Charges": NaN,
        "Gain On Sale Of Security": NaN,
        "Net Non Operating Interest Income Expense": -2055000.0,
        "Interest Expense Non Operating": 2055000.0,
        "Interest Income Non Operating": NaN,
        "Operating Income": -3392000.0,
        "Operating Expense": 3577000.0,
        "Depreciation Amortization Depletion Income Statement": 172000.0,
        "Depreciation And Amortization In Income Statement": 172000.0,
        "Depreciation Income Statement": 172000.0,
        "Selling General And Administration": 3405000.0,
        "General And Administrative Expense": 3405000.0,
        "Other Gand A": 3405000.0,
        "Gross Profit": NaN,
        "Cost Of Revenue": NaN,
        "Total Revenue": 185000.0,
        "Operating Revenue": 185000.0
    },
    "2022-03-31": {
        "Diluted EPS": -0.16,
        "Total Revenue": 0,
        "Gross Profit": 0,
        "Operating Income": -4,
        "EBIT": -3,
        "Net Income": -7
    },
    "2021-12-31": {
        "Diluted EPS": -0.16,
        "Total Revenue": 0,
        "Gross Profit": 0,
        "Operating Income": -4,
        "EBIT": -3,
        "Net Income": -7
    },
    "2021-09-30": {
        "Diluted EPS": -0.22,
        "Total Revenue": 0,
        "Gross Profit": 0,
        "Operating Income": -4,
        "EBIT": -4,
        "Net Income": -9
    },
    "2021-06-30": {
        "Diluted EPS": -0.3,
        "Total Revenue": 0,
        "Gross Profit": 0,
        "Operating Income": -6,
        "EBIT": -4,
        "Net Income": -12
    },
    "2021-03-31": {
        "Diluted EPS": -0.16,
        "Total Revenue": 0,
        "Gross Profit": 0,
        "Operating Income": -3,
        "EBIT": -3,
        "Net Income": -6
    },
    "2020-12-31": {
        "Diluted EPS": -0.18,
        "Total Revenue": 0,
        "Gross Profit": 0,
        "Operating Income": -2,
        "EBIT": -2,
        "Net Income": -8
    },
    "2020-09-30": {
        "Diluted EPS": -0.13,
        "Total Revenue": 0,
        "Gross Profit": 0,
        "Operating Income": -2,
        "EBIT": -2,
        "Net Income": -4
    },
    "2020-06-30": {
        "Diluted EPS": -0.14,
        "Total Revenue": 0,
        "Gross Profit": 0,
        "Operating Income": -3,
        "EBIT": -3,
        "Net Income": -5
    },
    "2020-03-31": {
        "Diluted EPS": -0.66,
        "Total Revenue": 0,
        "Gross Profit": 0,
        "Operating Income": -4,
        "EBIT": -4,
        "Net Income": -21
    },
    "2019-12-31": {
        "Diluted EPS": -0.26,
        "Total Revenue": 0,
        "Gross Profit": 0,
        "Operating Income": -3,
        "EBIT": -2,
        "Net Income": -7
    },
    "2019-09-30": {
        "Diluted EPS": -0.28,
        "Total Revenue": 0,
        "Gross Profit": 0,
        "Operating Income": -3,
        "EBIT": -2,
        "Net Income": -7
    },
    "2019-06-30": {
        "Diluted EPS": -0.28,
        "Total Revenue": 0,
        "Gross Profit": 0,
        "Operating Income": -3,
        "EBIT": -2,
        "Net Income": -7
    },
    "2019-03-31": {
        "Diluted EPS": -0.29,
        "Total Revenue": 0,
        "Gross Profit": 0,
        "Operating Income": -3,
        "EBIT": -2,
        "Net Income": -7
    },
    "2018-12-31": {
        "Diluted EPS": -0.32,
        "Total Revenue": 0,
        "Gross Profit": 0,
        "Operating Income": -4,
        "EBIT": -3,
        "Net Income": -8
    },
    "2018-09-30": {
        "Diluted EPS": -0.26,
        "Total Revenue": 0,
        "Gross Profit": 0,
        "Operating Income": -2,
        "EBIT": -1,
        "Net Income": -6
    },
    "2018-06-30": {
        "Diluted EPS": -0.25,
        "Total Revenue": 0,
        "Gross Profit": 0,
        "Operating Income": -2,
        "EBIT": -1,
        "Net Income": -6
    },
    "2018-03-31": {
        "Diluted EPS": -0.26,
        "Total Revenue": 0,
        "Gross Profit": 0,
        "Operating Income": -2,
        "EBIT": -1,
        "Net Income": -6
    },
    "2017-12-31": {
        "Diluted EPS": -0.31,
        "Total Revenue": 0,
        "Gross Profit": 0,
        "Operating Income": -4,
        "EBIT": -3,
        "Net Income": -7
    },
    "2017-09-30": {
        "Diluted EPS": -0.26,
        "Total Revenue": 0,
        "Gross Profit": 0,
        "Operating Income": -2,
        "EBIT": -1,
        "Net Income": -6
    },
    "2017-06-30": {
        "Diluted EPS": -0.6,
        "Total Revenue": 0,
        "Gross Profit": 0,
        "Operating Income": -2,
        "EBIT": -1,
        "Net Income": -14
    },
    "2017-03-31": {
        "Diluted EPS": -0.33,
        "Total Revenue": 0,
        "Gross Profit": 0,
        "Operating Income": -4,
        "EBIT": -3,
        "Net Income": -7
    },
    "2016-12-31": {
        "Diluted EPS": -0.33,
        "Total Revenue": 0,
        "Gross Profit": 0,
        "Operating Income": -2,
        "EBIT": -2,
        "Net Income": -7
    },
    "2016-09-30": {
        "Diluted EPS": -0.28,
        "Total Revenue": 0,
        "Gross Profit": 0,
        "Operating Income": -2,
        "EBIT": -1,
        "Net Income": -5
    },
    "2016-06-30": {
        "Diluted EPS": -0.31,
        "Total Revenue": 0,
        "Gross Profit": 0,
        "Operating Income": -3,
        "EBIT": -2,
        "Net Income": -6
    },
    "2016-03-31": {
        "Diluted EPS": -0.49,
        "Total Revenue": 0,
        "Gross Profit": 0,
        "Operating Income": -2,
        "EBIT": 0,
        "Net Income": -9
    },
    "2015-12-31": {
        "Diluted EPS": -0.41,
        "Total Revenue": 0,
        "Gross Profit": 0,
        "Operating Income": -4,
        "EBIT": -3,
        "Net Income": -7
    },
    "2015-09-30": {
        "Diluted EPS": -0.33,
        "Total Revenue": 0,
        "Gross Profit": 0,
        "Operating Income": -4,
        "EBIT": -3,
        "Net Income": -6
    },
    "2015-06-30": {
        "Diluted EPS": -0.34,
        "Total Revenue": 0,
        "Gross Profit": 0,
        "Operating Income": -4,
        "EBIT": -3,
        "Net Income": -6
    },
    "2015-03-31": {
        "Diluted EPS": -0.27,
        "Total Revenue": 0,
        "Gross Profit": 0,
        "Operating Income": -3,
        "EBIT": -2,
        "Net Income": -5
    },
    "2014-12-31": {
        "Diluted EPS": -0.3,
        "Total Revenue": 0,
        "Gross Profit": 0,
        "Operating Income": -3,
        "EBIT": -3,
        "Net Income": -5
    },
    "2014-09-30": {
        "Diluted EPS": -0.28,
        "Total Revenue": 0,
        "Gross Profit": 0,
        "Operating Income": -2,
        "EBIT": -2,
        "Net Income": -5
    },
    "2014-06-30": {
        "Diluted EPS": -0.28,
        "Total Revenue": 0,
        "Gross Profit": 0,
        "Operating Income": -2,
        "EBIT": -2,
        "Net Income": -5
    },
    "2014-03-31": {
        "Diluted EPS": -0.29,
        "Total Revenue": 0,
        "Gross Profit": 0,
        "Operating Income": -3,
        "EBIT": -2,
        "Net Income": -5
    },
    "2013-12-31": {
        "Diluted EPS": -0.38,
        "Total Revenue": 0,
        "Gross Profit": 0,
        "Operating Income": -4,
        "EBIT": -4,
        "Net Income": -6
    },
    "2013-09-30": {
        "Diluted EPS": -0.31,
        "Total Revenue": 0,
        "Gross Profit": 0,
        "Operating Income": -3,
        "EBIT": -3,
        "Net Income": -5
    },
    "2013-06-30": {
        "Diluted EPS": -0.29,
        "Total Revenue": 0,
        "Gross Profit": 0,
        "Operating Income": -3,
        "EBIT": -3,
        "Net Income": -4
    },
    "2013-03-31": {
        "Diluted EPS": -0.48,
        "Total Revenue": 0,
        "Gross Profit": 0,
        "Operating Income": -4,
        "EBIT": -3,
        "Net Income": -7
    },
    "2012-12-31": {
        "Diluted EPS": -0.37,
        "Total Revenue": 0,
        "Gross Profit": 0,
        "Operating Income": -4,
        "EBIT": -3,
        "Net Income": -6
    },
    "2012-09-30": {
        "Diluted EPS": -0.31,
        "Total Revenue": 0,
        "Gross Profit": 0,
        "Operating Income": -3,
        "EBIT": -2,
        "Net Income": -5
    },
    "2012-06-30": {
        "Diluted EPS": -0.3,
        "Total Revenue": 0,
        "Gross Profit": 0,
        "Operating Income": -3,
        "EBIT": -2,
        "Net Income": -5
    },
    "2012-03-31": {
        "Diluted EPS": -0.29,
        "Total Revenue": 0,
        "Gross Profit": 0,
        "Operating Income": -3,
        "EBIT": -2,
        "Net Income": -4
    },
    "2011-12-31": {
        "Diluted EPS": -0.33,
        "Total Revenue": 0,
        "Gross Profit": 0,
        "Operating Income": -3,
        "EBIT": -2,
        "Net Income": -5
    },
    "2011-09-30": {
        "Diluted EPS": -0.29,
        "Total Revenue": 0,
        "Gross Profit": 0,
        "Operating Income": -3,
        "EBIT": -2,
        "Net Income": -4
    },
    "2011-06-30": {
        "Diluted EPS": -0.27,
        "Total Revenue": 0,
        "Gross Profit": 0,
        "Operating Income": -2,
        "EBIT": -2,
        "Net Income": -4
    },
    "2011-03-31": {
        "Diluted EPS": -0.31,
        "Total Revenue": 0,
        "Gross Profit": 0,
        "Operating Income": -3,
        "EBIT": -2,
        "Net Income": -4
    },
    "2010-12-31": {
        "Diluted EPS": -0.32,
        "Total Revenue": 1,
        "Gross Profit": 0,
        "Operating Income": -3,
        "EBIT": -2,
        "Net Income": -4
    },
    "2010-09-30": {
        "Diluted EPS": -0.23,
        "Total Revenue": 0,
        "Gross Profit": 0,
        "Operating Income": -2,
        "EBIT": -2,
        "Net Income": -3
    },
    "2010-06-30": {
        "Diluted EPS": -0.23,
        "Total Revenue": 0,
        "Gross Profit": 0,
        "Operating Income": -2,
        "EBIT": -2,
        "Net Income": -3
    },
    "2010-03-31": {
        "Diluted EPS": -0.38,
        "Total Revenue": 0,
        "Gross Profit": 0,
        "Operating Income": -4,
        "EBIT": -4,
        "Net Income": -5
    },
    "2009-12-31": {
        "Diluted EPS": -0.26,
        "Total Revenue": 1,
        "Gross Profit": 0,
        "Operating Income": -2,
        "EBIT": -2,
        "Net Income": -3
    },
    "2009-09-30": {
        "Diluted EPS": -0.25,
        "Total Revenue": 0,
        "Gross Profit": 0,
        "Operating Income": -2,
        "EBIT": -2,
        "Net Income": -3
    },
    "2009-06-30": {
        "Diluted EPS": -0.35,
        "Total Revenue": 0,
        "Gross Profit": 0,
        "Operating Income": -3,
        "EBIT": -3,
        "Net Income": -4
    },
    "2009-03-31": {
        "Diluted EPS": -0.27,
        "Total Revenue": 0,
        "Gross Profit": 0,
        "Operating Income": -2,
        "EBIT": -1,
        "Net Income": -3
    },
    "2023-06-30": {
        "Tax Effect Of Unusual Items": NaN,
        "Tax Rate For Calcs": NaN,
        "Normalized EBITDA": NaN,
        "Total Unusual Items": -350000.0,
        "Total Unusual Items Excluding Goodwill": -350000.0,
        "Net Income From Continuing Operation Net Minority Interest": NaN,
        "Reconciled Depreciation": NaN,
        "Reconciled Cost Of Revenue": NaN,
        "EBITDA": NaN,
        "EBIT": NaN,
        "Net Interest Income": NaN,
        "Interest Expense": NaN,
        "Interest Income": NaN,
        "Normalized Income": NaN,
        "Net Income From Continuing And Discontinued Operation": NaN,
        "Total Expenses": NaN,
        "Total Operating Income As Reported": NaN,
        "Diluted Average Shares": 66606000.0,
        "Basic Average Shares": 66606000.0,
        "Diluted EPS": -0.13,
        "Basic EPS": -0.13,
        "Diluted NI Availto Com Stockholders": NaN,
        "Net Income Common Stockholders": NaN,
        "Preferred Stock Dividends": NaN,
        "Net Income": NaN,
        "Net Income Including Noncontrolling Interests": NaN,
        "Net Income Continuous Operations": NaN,
        "Earnings From Equity Interest Net Of Tax": 0.0,
        "Tax Provision": NaN,
        "Pretax Income": NaN,
        "Other Income Expense": -350000.0,
        "Special Income Charges": NaN,
        "Other Special Charges": NaN,
        "Gain On Sale Of Security": -350000.0,
        "Net Non Operating Interest Income Expense": NaN,
        "Total Other Finance Cost": NaN,
        "Interest Expense Non Operating": NaN,
        "Interest Income Non Operating": NaN,
        "Operating Income": NaN,
        "Operating Expense": NaN,
        "Depreciation Amortization Depletion Income Statement": NaN,
        "Depreciation And Amortization In Income Statement": NaN,
        "Depreciation Income Statement": NaN,
        "Selling General And Administration": NaN,
        "General And Administrative Expense": NaN,
        "Other Gand A": NaN,
        "Gross Profit": NaN,
        "Cost Of Revenue": NaN,
        "Total Revenue": NaN,
        "Operating Revenue": NaN
    },
    "2023-09-30": {
        "Tax Effect Of Unusual Items": NaN,
        "Tax Rate For Calcs": NaN,
        "Normalized EBITDA": NaN,
        "Total Unusual Items": NaN,
        "Total Unusual Items Excluding Goodwill": NaN,
        "Net Income From Continuing Operation Net Minority Interest": NaN,
        "Reconciled Depreciation": NaN,
        "Reconciled Cost Of Revenue": NaN,
        "EBITDA": NaN,
        "EBIT": NaN,
        "Net Interest Income": NaN,
        "Interest Expense": NaN,
        "Interest Income": NaN,
        "Normalized Income": NaN,
        "Net Income From Continuing And Discontinued Operation": NaN,
        "Total Expenses": NaN,
        "Total Operating Income As Reported": NaN,
        "Diluted Average Shares": 66611000.0,
        "Basic Average Shares": 66611000.0,
        "Diluted EPS": -0.12,
        "Basic EPS": -0.12,
        "Diluted NI Availto Com Stockholders": NaN,
        "Net Income Common Stockholders": NaN,
        "Preferred Stock Dividends": NaN,
        "Net Income": NaN,
        "Net Income Including Noncontrolling Interests": NaN,
        "Net Income Continuous Operations": NaN,
        "Earnings From Equity Interest Net Of Tax": 0.0,
        "Tax Provision": NaN,
        "Pretax Income": NaN,
        "Other Income Expense": NaN,
        "Special Income Charges": NaN,
        "Other Special Charges": NaN,
        "Gain On Sale Of Security": NaN,
        "Net Non Operating Interest Income Expense": NaN,
        "Total Other Finance Cost": NaN,
        "Interest Expense Non Operating": NaN,
        "Interest Income Non Operating": NaN,
        "Operating Income": NaN,
        "Operating Expense": NaN,
        "Depreciation Amortization Depletion Income Statement": NaN,
        "Depreciation And Amortization In Income Statement": NaN,
        "Depreciation Income Statement": NaN,
        "Selling General And Administration": NaN,
        "General And Administrative Expense": NaN,
        "Other Gand A": NaN,
        "Gross Profit": NaN,
        "Cost Of Revenue": NaN,
        "Total Revenue": NaN,
        "Operating Revenue": NaN
    },
    "2023-12-31": {
        "Tax Effect Of Unusual Items": 0.0,
        "Tax Rate For Calcs": 0.21,
        "Normalized EBITDA": -5044000.0,
        "Total Unusual Items": 0.0,
        "Total Unusual Items Excluding Goodwill": 0.0,
        "Net Income From Continuing Operation Net Minority Interest": -6755000.0,
        "Reconciled Depreciation": 337000.0,
        "Reconciled Cost Of Revenue": 1373000.0,
        "EBITDA": -5044000.0,
        "EBIT": -5381000.0,
        "Net Interest Income": -1307000.0,
        "Interest Expense": 1371000.0,
        "Interest Income": 581000.0,
        "Normalized Income": -6755000.0,
        "Net Income From Continuing And Discontinued Operation": -6755000.0,
        "Total Expenses": 6129000.0,
        "Total Operating Income As Reported": -36435000.0,
        "Diluted Average Shares": NaN,
        "Basic Average Shares": NaN,
        "Diluted EPS": NaN,
        "Basic EPS": NaN,
        "Diluted NI Availto Com Stockholders": -8043000.0,
        "Net Income Common Stockholders": -8043000.0,
        "Preferred Stock Dividends": 1288000.0,
        "Net Income": -6755000.0,
        "Net Income Including Noncontrolling Interests": -6755000.0,
        "Net Income Continuous Operations": -6755000.0,
        "Earnings From Equity Interest Net Of Tax": NaN,
        "Tax Provision": 3000.0,
        "Pretax Income": -6752000.0,
        "Other Income Expense": 0.0,
        "Special Income Charges": 0.0,
        "Other Special Charges": 0.0,
        "Gain On Sale Of Security": 0.0,
        "Net Non Operating Interest Income Expense": -1307000.0,
        "Total Other Finance Cost": 517000.0,
        "Interest Expense Non Operating": 1371000.0,
        "Interest Income Non Operating": 581000.0,
        "Operating Income": -5445000.0,
        "Operating Expense": 4724000.0,
        "Depreciation Amortization Depletion Income Statement": 305000.0,
        "Depreciation And Amortization In Income Statement": 305000.0,
        "Depreciation Income Statement": 305000.0,
        "Selling General And Administration": 4419000.0,
        "General And Administrative Expense": 4419000.0,
        "Other Gand A": 4419000.0,
        "Gross Profit": -721000.0,
        "Cost Of Revenue": 1405000.0,
        "Total Revenue": 684000.0,
        "Operating Revenue": 684000.0
    },
    "2024-03-31": {
        "Tax Effect Of Unusual Items": 0.0,
        "Tax Rate For Calcs": 0.21,
        "Normalized EBITDA": -4822000.0,
        "Total Unusual Items": 0.0,
        "Total Unusual Items Excluding Goodwill": 0.0,
        "Net Income From Continuing Operation Net Minority Interest": -6850000.0,
        "Reconciled Depreciation": 328000.0,
        "Reconciled Cost Of Revenue": 971000.0,
        "EBITDA": -4822000.0,
        "EBIT": -5150000.0,
        "Net Interest Income": -1939000.0,
        "Interest Expense": 1697000.0,
        "Interest Income": 52000.0,
        "Normalized Income": -6850000.0,
        "Net Income From Continuing And Discontinued Operation": -6850000.0,
        "Total Expenses": 6029000.0,
        "Total Operating Income As Reported": -4908000.0,
        "Diluted Average Shares": 66997000.0,
        "Basic Average Shares": 66997000.0,
        "Diluted EPS": -0.12,
        "Basic EPS": -0.12,
        "Diluted NI Availto Com Stockholders": -8115000.0,
        "Net Income Common Stockholders": -8115000.0,
        "Preferred Stock Dividends": 1265000.0,
        "Net Income": -6850000.0,
        "Net Income Including Noncontrolling Interests": -6850000.0,
        "Net Income Continuous Operations": -6850000.0,
        "Earnings From Equity Interest Net Of Tax": 0.0,
        "Tax Provision": 3000.0,
        "Pretax Income": -6847000.0,
        "Other Income Expense": NaN,
        "Special Income Charges": 0.0,
        "Other Special Charges": NaN,
        "Gain On Sale Of Security": NaN,
        "Net Non Operating Interest Income Expense": -1939000.0,
        "Total Other Finance Cost": 294000.0,
        "Interest Expense Non Operating": 1697000.0,
        "Interest Income Non Operating": 52000.0,
        "Operating Income": -4908000.0,
        "Operating Expense": 5025000.0,
        "Depreciation Amortization Depletion Income Statement": 295000.0,
        "Depreciation And Amortization In Income Statement": 295000.0,
        "Depreciation Income Statement": 295000.0,
        "Selling General And Administration": 4730000.0,
        "General And Administrative Expense": 4730000.0,
        "Other Gand A": 4730000.0,
        "Gross Profit": 117000.0,
        "Cost Of Revenue": 1004000.0,
        "Total Revenue": 1121000.0,
        "Operating Revenue": 1121000.0
    },
    "2024-06-30": {
        "Tax Effect Of Unusual Items": 0.0,
        "Tax Rate For Calcs": 0.21,
        "Normalized EBITDA": -6459000.0,
        "Total Unusual Items": NaN,
        "Total Unusual Items Excluding Goodwill": NaN,
        "Net Income From Continuing Operation Net Minority Interest": -8872000.0,
        "Reconciled Depreciation": 338000.0,
        "Reconciled Cost Of Revenue": 819000.0,
        "EBITDA": -6459000.0,
        "EBIT": -6797000.0,
        "Net Interest Income": -1921000.0,
        "Interest Expense": 2073000.0,
        "Interest Income": 132000.0,
        "Normalized Income": -8872000.0,
        "Net Income From Continuing And Discontinued Operation": -8872000.0,
        "Total Expenses": 7462000.0,
        "Total Operating Income As Reported": -6949000.0,
        "Diluted Average Shares": 67771000.0,
        "Basic Average Shares": 67771000.0,
        "Diluted EPS": -0.15,
        "Basic EPS": -0.15,
        "Diluted NI Availto Com Stockholders": -10160000.0,
        "Net Income Common Stockholders": -10160000.0,
        "Preferred Stock Dividends": 1288000.0,
        "Net Income": -8872000.0,
        "Net Income Including Noncontrolling Interests": -8872000.0,
        "Net Income Continuous Operations": -8872000.0,
        "Earnings From Equity Interest Net Of Tax": NaN,
        "Tax Provision": 2000.0,
        "Pretax Income": -8870000.0,
        "Other Income Expense": NaN,
        "Special Income Charges": NaN,
        "Other Special Charges": NaN,
        "Gain On Sale Of Security": NaN,
        "Net Non Operating Interest Income Expense": -1921000.0,
        "Total Other Finance Cost": -20000.0,
        "Interest Expense Non Operating": 2073000.0,
        "Interest Income Non Operating": 132000.0,
        "Operating Income": -6949000.0,
        "Operating Expense": 6610000.0,
        "Depreciation Amortization Depletion Income Statement": 305000.0,
        "Depreciation And Amortization In Income Statement": 305000.0,
        "Depreciation Income Statement": 305000.0,
        "Selling General And Administration": 6305000.0,
        "General And Administrative Expense": 6305000.0,
        "Other Gand A": 6305000.0,
        "Gross Profit": -339000.0,
        "Cost Of Revenue": 852000.0,
        "Total Revenue": 513000.0,
        "Operating Revenue": 513000.0
    },
    "2024-09-30": {
        "Tax Effect Of Unusual Items": 0.0,
        "Tax Rate For Calcs": 0.21,
        "Normalized EBITDA": -4342000.0,
        "Total Unusual Items": NaN,
        "Total Unusual Items Excluding Goodwill": NaN,
        "Net Income From Continuing Operation Net Minority Interest": -6793000.0,
        "Reconciled Depreciation": 342000.0,
        "Reconciled Cost Of Revenue": 2374000.0,
        "EBITDA": -4342000.0,
        "EBIT": -4684000.0,
        "Net Interest Income": -2023000.0,
        "Interest Expense": 2106000.0,
        "Interest Income": 55000.0,
        "Normalized Income": -6793000.0,
        "Net Income From Continuing And Discontinued Operation": -6793000.0,
        "Total Expenses": 7991000.0,
        "Total Operating Income As Reported": -4767000.0,
        "Diluted Average Shares": 68020000.0,
        "Basic Average Shares": 68020000.0,
        "Diluted EPS": -0.12,
        "Basic EPS": -0.12,
        "Diluted NI Availto Com Stockholders": -8058000.0,
        "Net Income Common Stockholders": -8058000.0,
        "Preferred Stock Dividends": 1265000.0,
        "Net Income": -6793000.0,
        "Net Income Including Noncontrolling Interests": -6793000.0,
        "Net Income Continuous Operations": -6793000.0,
        "Earnings From Equity Interest Net Of Tax": NaN,
        "Tax Provision": 3000.0,
        "Pretax Income": -6790000.0,
        "Other Income Expense": NaN,
        "Special Income Charges": NaN,
        "Other Special Charges": NaN,
        "Gain On Sale Of Security": NaN,
        "Net Non Operating Interest Income Expense": -2023000.0,
        "Total Other Finance Cost": -28000.0,
        "Interest Expense Non Operating": 2106000.0,
        "Interest Income Non Operating": 55000.0,
        "Operating Income": -4767000.0,
        "Operating Expense": 5582000.0,
        "Depreciation Amortization Depletion Income Statement": 307000.0,
        "Depreciation And Amortization In Income Statement": 307000.0,
        "Depreciation Income Statement": 307000.0,
        "Selling General And Administration": 5275000.0,
        "General And Administrative Expense": 5275000.0,
        "Other Gand A": 5275000.0,
        "Gross Profit": 815000.0,
        "Cost Of Revenue": 2409000.0,
        "Total Revenue": 3224000.0,
        "Operating Revenue": 3224000.0
    },
    "2024-12-31": {
        "Tax Effect Of Unusual Items": 0.0,
        "Tax Rate For Calcs": 0.21,
        "Normalized EBITDA": -6125000.0,
        "Total Unusual Items": 0.0,
        "Total Unusual Items Excluding Goodwill": 0.0,
        "Net Income From Continuing Operation Net Minority Interest": -8625000.0,
        "Reconciled Depreciation": 369000.0,
        "Reconciled Cost Of Revenue": 2971000.0,
        "EBITDA": -6125000.0,
        "EBIT": -6494000.0,
        "Net Interest Income": -1997000.0,
        "Interest Expense": 2128000.0,
        "Interest Income": 281000.0,
        "Normalized Income": -8625000.0,
        "Net Income From Continuing And Discontinued Operation": -8625000.0,
        "Total Expenses": 11375000.0,
        "Total Operating Income As Reported": -6625000.0,
        "Diluted Average Shares": NaN,
        "Basic Average Shares": NaN,
        "Diluted EPS": NaN,
        "Basic EPS": NaN,
        "Diluted NI Availto Com Stockholders": -9913000.0,
        "Net Income Common Stockholders": -9913000.0,
        "Preferred Stock Dividends": 1288000.0,
        "Net Income": -8625000.0,
        "Net Income Including Noncontrolling Interests": -8625000.0,
        "Net Income Continuous Operations": -8625000.0,
        "Earnings From Equity Interest Net Of Tax": NaN,
        "Tax Provision": 3000.0,
        "Pretax Income": -8622000.0,
        "Other Income Expense": NaN,
        "Special Income Charges": 0.0,
        "Other Special Charges": NaN,
        "Gain On Sale Of Security": NaN,
        "Net Non Operating Interest Income Expense": -1997000.0,
        "Total Other Finance Cost": 150000.0,
        "Interest Expense Non Operating": 2128000.0,
        "Interest Income Non Operating": 281000.0,
        "Operating Income": -6625000.0,
        "Operating Expense": 8342000.0,
        "Depreciation Amortization Depletion Income Statement": 307000.0,
        "Depreciation And Amortization In Income Statement": 307000.0,
        "Depreciation Income Statement": 307000.0,
        "Selling General And Administration": 8035000.0,
        "General And Administrative Expense": 8035000.0,
        "Other Gand A": 8035000.0,
        "Gross Profit": 1717000.0,
        "Cost Of Revenue": 3033000.0,
        "Total Revenue": 4750000.0,
        "Operating Revenue": 4750000.0
    }
}