{
    "2023-03-31": {
        "Tax Effect Of Unusual Items": NaN,
        "Tax Rate For Calcs": NaN,
        "Normalized EBITDA": NaN,
        "Total Unusual Items": NaN,
        "Total Unusual Items Excluding Goodwill": NaN,
        "Net Income From Continuing Operation Net Minority Interest": NaN,
        "Reconciled Depreciation": NaN,
        "Reconciled Cost Of Revenue": NaN,
        "EBITDA": NaN,
        "EBIT": NaN,
        "Net Interest Income": NaN,
        "Interest Expense": NaN,
        "Interest Income": NaN,
        "Normalized Income": NaN,
        "Net Income From Continuing And Discontinued Operation": NaN,
        "Total Expenses": NaN,
        "Total Operating Income As Reported": NaN,
        "Diluted Average Shares": NaN,
        "Basic Average Shares": NaN,
        "Diluted EPS": NaN,
        "Basic EPS": NaN,
        "Diluted NI Availto Com Stockholders": NaN,
        "Net Income Common Stockholders": NaN,
        "Net Income": NaN,
        "Minority Interests": NaN,
        "Net Income Including Noncontrolling Interests": NaN,
        "Net Income Discontinuous Operations": NaN,
        "Net Income Continuous Operations": NaN,
        "Tax Provision": NaN,
        "Pretax Income": NaN,
        "Other Income Expense": NaN,
        "Other Non Operating Income Expenses": NaN,
        "Special Income Charges": NaN,
        "Gain On Sale Of Ppe": NaN,
        "Gain On Sale Of Business": NaN,
        "Impairment Of Capital Assets": NaN,
        "Restructuring And Mergern Acquisition": 23000000.0,
        "Earnings From Equity Interest": NaN,
        "Gain On Sale Of Security": NaN,
        "Net Non Operating Interest Income Expense": NaN,
        "Total Other Finance Cost": NaN,
        "Interest Expense Non Operating": NaN,
        "Interest Income Non Operating": NaN,
        "Operating Income": NaN,
        "Operating Expense": NaN,
        "Depreciation Amortization Depletion Income Statement": NaN,
        "Depreciation And Amortization In Income Statement": NaN,
        "Amortization": NaN,
        "Amortization Of Intangibles Income Statement": NaN,
        "Research And Development": NaN,
        "Selling General And Administration": NaN,
        "General And Administrative Expense": NaN,
        "Other Gand A": NaN,
        "Salaries And Wages": NaN,
        "Gross Profit": NaN,
        "Cost Of Revenue": NaN,
        "Total Revenue": NaN,
        "Operating Revenue": NaN
    },
    "2022-12-31": {
        "Tax Effect Of Unusual Items": 4830000.0,
        "Tax Rate For Calcs": 0.21,
        "Normalized EBITDA": 235000000.0,
        "Total Unusual Items": 23000000.0,
        "Total Unusual Items Excluding Goodwill": 23000000.0,
        "Net Income From Continuing Operation Net Minority Interest": 768000000.0,
        "Reconciled Depreciation": 160000000.0,
        "Reconciled Cost Of Revenue": 1834000000.0,
        "EBITDA": 258000000.0,
        "EBIT": 98000000.0,
        "Net Interest Income": -135000000.0,
        "Interest Expense": 168000000.0,
        "Interest Income": 33000000.0,
        "Normalized Income": 749830000.0,
        "Net Income From Continuing And Discontinued Operation": 767000000.0,
        "Total Expenses": 2300000000.0,
        "Total Operating Income As Reported": 56000000.0,
        "Diluted Average Shares": NaN,
        "Basic Average Shares": NaN,
        "Diluted EPS": NaN,
        "Basic EPS": NaN,
        "Diluted NI Availto Com Stockholders": 767000000.0,
        "Net Income Common Stockholders": 767000000.0,
        "Net Income": 767000000.0,
        "Minority Interests": -2000000.0,
        "Net Income Including Noncontrolling Interests": 769000000.0,
        "Net Income Discontinuous Operations": -1000000.0,
        "Net Income Continuous Operations": 770000000.0,
        "Tax Provision": -840000000.0,
        "Pretax Income": -70000000.0,
        "Other Income Expense": 17000000.0,
        "Other Non Operating Income Expenses": -37000000.0,
        "Special Income Charges": -10000000.0,
        "Gain On Sale Of Ppe": NaN,
        "Gain On Sale Of Business": -2000000.0,
        "Impairment Of Capital Assets": NaN,
        "Restructuring And Mergern Acquisition": NaN,
        "Earnings From Equity Interest": 31000000.0,
        "Gain On Sale Of Security": 33000000.0,
        "Net Non Operating Interest Income Expense": -135000000.0,
        "Total Other Finance Cost": NaN,
        "Interest Expense Non Operating": 168000000.0,
        "Interest Income Non Operating": 33000000.0,
        "Operating Income": 48000000.0,
        "Operating Expense": 336000000.0,
        "Depreciation Amortization Depletion Income Statement": 30000000.0,
        "Depreciation And Amortization In Income Statement": 30000000.0,
        "Amortization": 30000000.0,
        "Amortization Of Intangibles Income Statement": 30000000.0,
        "Research And Development": 37000000.0,
        "Selling General And Administration": 269000000.0,
        "General And Administrative Expense": NaN,
        "Other Gand A": NaN,
        "Salaries And Wages": NaN,
        "Gross Profit": 384000000.0,
        "Cost Of Revenue": 1964000000.0,
        "Total Revenue": 2348000000.0,
        "Operating Revenue": 2348000000.0
    },
    "2022-09-30": {
        "Tax Effect Of Unusual Items": NaN,
        "Tax Rate For Calcs": NaN,
        "Normalized EBITDA": NaN,
        "Total Unusual Items": NaN,
        "Total Unusual Items Excluding Goodwill": NaN,
        "Net Income From Continuing Operation Net Minority Interest": NaN,
        "Reconciled Depreciation": NaN,
        "Reconciled Cost Of Revenue": NaN,
        "EBITDA": NaN,
        "EBIT": NaN,
        "Net Interest Income": NaN,
        "Interest Expense": NaN,
        "Interest Income": NaN,
        "Normalized Income": NaN,
        "Net Income From Continuing And Discontinued Operation": NaN,
        "Total Expenses": NaN,
        "Total Operating Income As Reported": NaN,
        "Diluted Average Shares": NaN,
        "Basic Average Shares": NaN,
        "Diluted EPS": NaN,
        "Basic EPS": NaN,
        "Diluted NI Availto Com Stockholders": NaN,
        "Net Income Common Stockholders": NaN,
        "Net Income": NaN,
        "Minority Interests": NaN,
        "Net Income Including Noncontrolling Interests": NaN,
        "Net Income Discontinuous Operations": NaN,
        "Net Income Continuous Operations": NaN,
        "Tax Provision": NaN,
        "Pretax Income": NaN,
        "Other Income Expense": NaN,
        "Other Non Operating Income Expenses": NaN,
        "Special Income Charges": NaN,
        "Gain On Sale Of Ppe": 0.0,
        "Gain On Sale Of Business": NaN,
        "Impairment Of Capital Assets": 12000000.0,
        "Restructuring And Mergern Acquisition": 3000000.0,
        "Earnings From Equity Interest": NaN,
        "Gain On Sale Of Security": NaN,
        "Net Non Operating Interest Income Expense": NaN,
        "Total Other Finance Cost": NaN,
        "Interest Expense Non Operating": NaN,
        "Interest Income Non Operating": NaN,
        "Operating Income": NaN,
        "Operating Expense": NaN,
        "Depreciation Amortization Depletion Income Statement": NaN,
        "Depreciation And Amortization In Income Statement": NaN,
        "Amortization": NaN,
        "Amortization Of Intangibles Income Statement": NaN,
        "Research And Development": NaN,
        "Selling General And Administration": NaN,
        "General And Administrative Expense": NaN,
        "Other Gand A": NaN,
        "Salaries And Wages": NaN,
        "Gross Profit": NaN,
        "Cost Of Revenue": NaN,
        "Total Revenue": NaN,
        "Operating Revenue": NaN
    },
    "2022-06-30": {
        "Tax Effect Of Unusual Items": 6110000.0,
        "Tax Rate For Calcs": 0.13,
        "Normalized EBITDA": 566000000.0,
        "Total Unusual Items": 47000000.0,
        "Total Unusual Items Excluding Goodwill": 47000000.0,
        "Net Income From Continuing Operation Net Minority Interest": 440000000.0,
        "Reconciled Depreciation": 11000000.0,
        "Reconciled Cost Of Revenue": 1781000000.0,
        "EBITDA": 613000000.0,
        "EBIT": 602000000.0,
        "Net Interest Income": -47000000.0,
        "Interest Expense": 48000000.0,
        "Interest Income": 1000000.0,
        "Normalized Income": 399110000.0,
        "Net Income From Continuing And Discontinued Operation": 434000000.0,
        "Total Expenses": 2015000000.0,
        "Total Operating Income As Reported": 483000000.0,
        "Diluted Average Shares": 109123349.0,
        "Basic Average Shares": 108392155.0,
        "Diluted EPS": 3.98,
        "Basic EPS": 4.0,
        "Diluted NI Availto Com Stockholders": 434000000.0,
        "Net Income Common Stockholders": 434000000.0,
        "Net Income": 434000000.0,
        "Minority Interests": -2000000.0,
        "Net Income Including Noncontrolling Interests": 436000000.0,
        "Net Income Discontinuous Operations": -6000000.0,
        "Net Income Continuous Operations": 442000000.0,
        "Tax Provision": 112000000.0,
        "Pretax Income": 554000000.0,
        "Other Income Expense": 130000000.0,
        "Other Non Operating Income Expenses": 23000000.0,
        "Special Income Charges": 12000000.0,
        "Gain On Sale Of Business": 12000000.0,
        "Earnings From Equity Interest": 60000000.0,
        "Gain On Sale Of Security": 35000000.0,
        "Net Non Operating Interest Income Expense": -47000000.0,
        "Interest Expense Non Operating": 48000000.0,
        "Interest Income Non Operating": 1000000.0,
        "Operating Income": 471000000.0,
        "Operating Expense": 234000000.0,
        "Depreciation Amortization Depletion Income Statement": 11000000.0,
        "Depreciation And Amortization In Income Statement": 11000000.0,
        "Amortization": 11000000.0,
        "Amortization Of Intangibles Income Statement": 11000000.0,
        "Research And Development": 26000000.0,
        "Selling General And Administration": 197000000.0,
        "Gross Profit": 705000000.0,
        "Cost Of Revenue": 1781000000.0,
        "Total Revenue": 2486000000.0,
        "Operating Revenue": 2486000000.0
    },
    "2023-06-30": {
        "Tax Effect Of Unusual Items": NaN,
        "Tax Rate For Calcs": NaN,
        "Normalized EBITDA": NaN,
        "Total Unusual Items": NaN,
        "Total Unusual Items Excluding Goodwill": NaN,
        "Net Income From Continuing Operation Net Minority Interest": NaN,
        "Reconciled Depreciation": NaN,
        "Reconciled Cost Of Revenue": NaN,
        "EBITDA": NaN,
        "EBIT": NaN,
        "Net Interest Income": NaN,
        "Interest Expense": NaN,
        "Interest Income": NaN,
        "Normalized Income": NaN,
        "Net Income From Continuing And Discontinued Operation": NaN,
        "Total Expenses": NaN,
        "Total Operating Income As Reported": NaN,
        "Diluted Average Shares": NaN,
        "Basic Average Shares": NaN,
        "Diluted EPS": NaN,
        "Basic EPS": NaN,
        "Diluted NI Availto Com Stockholders": NaN,
        "Net Income Common Stockholders": NaN,
        "Net Income": NaN,
        "Minority Interests": NaN,
        "Net Income Including Noncontrolling Interests": NaN,
        "Net Income Discontinuous Operations": NaN,
        "Net Income Continuous Operations": NaN,
        "Tax Provision": NaN,
        "Pretax Income": NaN,
        "Other Income Expense": NaN,
        "Other Non Operating Income Expenses": NaN,
        "Special Income Charges": NaN,
        "Gain On Sale Of Ppe": NaN,
        "Gain On Sale Of Business": NaN,
        "Impairment Of Capital Assets": NaN,
        "Restructuring And Mergern Acquisition": NaN,
        "Earnings From Equity Interest": NaN,
        "Gain On Sale Of Security": NaN,
        "Net Non Operating Interest Income Expense": NaN,
        "Total Other Finance Cost": NaN,
        "Interest Expense Non Operating": NaN,
        "Interest Income Non Operating": NaN,
        "Operating Income": NaN,
        "Operating Expense": NaN,
        "Depreciation Amortization Depletion Income Statement": NaN,
        "Depreciation And Amortization In Income Statement": NaN,
        "Amortization": NaN,
        "Amortization Of Intangibles Income Statement": NaN,
        "Research And Development": NaN,
        "Selling General And Administration": NaN,
        "General And Administrative Expense": 276000000.0,
        "Other Gand A": 274000000.0,
        "Salaries And Wages": 2000000.0,
        "Gross Profit": NaN,
        "Cost Of Revenue": NaN,
        "Total Revenue": NaN,
        "Operating Revenue": NaN
    },
    "2023-09-30": {
        "Tax Effect Of Unusual Items": NaN,
        "Tax Rate For Calcs": NaN,
        "Normalized EBITDA": NaN,
        "Total Unusual Items": NaN,
        "Total Unusual Items Excluding Goodwill": NaN,
        "Net Income From Continuing Operation Net Minority Interest": NaN,
        "Reconciled Depreciation": NaN,
        "Reconciled Cost Of Revenue": NaN,
        "EBITDA": NaN,
        "EBIT": NaN,
        "Net Interest Income": NaN,
        "Interest Expense": NaN,
        "Interest Income": NaN,
        "Normalized Income": NaN,
        "Net Income From Continuing And Discontinued Operation": NaN,
        "Total Expenses": NaN,
        "Total Operating Income As Reported": NaN,
        "Diluted Average Shares": NaN,
        "Basic Average Shares": NaN,
        "Diluted EPS": NaN,
        "Basic EPS": NaN,
        "Diluted NI Availto Com Stockholders": NaN,
        "Net Income Common Stockholders": NaN,
        "Net Income": NaN,
        "Minority Interests": NaN,
        "Net Income Including Noncontrolling Interests": NaN,
        "Net Income Discontinuous Operations": NaN,
        "Net Income Continuous Operations": NaN,
        "Tax Provision": NaN,
        "Pretax Income": NaN,
        "Other Income Expense": NaN,
        "Other Non Operating Income Expenses": NaN,
        "Special Income Charges": NaN,
        "Gain On Sale Of Ppe": -1000000.0,
        "Gain On Sale Of Business": NaN,
        "Impairment Of Capital Assets": 9000000.0,
        "Restructuring And Mergern Acquisition": NaN,
        "Earnings From Equity Interest": NaN,
        "Gain On Sale Of Security": NaN,
        "Net Non Operating Interest Income Expense": NaN,
        "Total Other Finance Cost": 7000000.0,
        "Interest Expense Non Operating": NaN,
        "Interest Income Non Operating": NaN,
        "Operating Income": NaN,
        "Operating Expense": NaN,
        "Depreciation Amortization Depletion Income Statement": NaN,
        "Depreciation And Amortization In Income Statement": NaN,
        "Amortization": NaN,
        "Amortization Of Intangibles Income Statement": NaN,
        "Research And Development": NaN,
        "Selling General And Administration": NaN,
        "General And Administrative Expense": 244000000.0,
        "Other Gand A": 244000000.0,
        "Salaries And Wages": 1000000.0,
        "Gross Profit": NaN,
        "Cost Of Revenue": NaN,
        "Total Revenue": NaN,
        "Operating Revenue": NaN
    },
    "2023-12-31": {
        "Tax Effect Of Unusual Items": NaN,
        "Tax Rate For Calcs": NaN,
        "Normalized EBITDA": NaN,
        "Total Unusual Items": NaN,
        "Total Unusual Items Excluding Goodwill": NaN,
        "Net Income From Continuing Operation Net Minority Interest": NaN,
        "Reconciled Depreciation": NaN,
        "Reconciled Cost Of Revenue": NaN,
        "EBITDA": NaN,
        "EBIT": NaN,
        "Net Interest Income": NaN,
        "Interest Expense": NaN,
        "Interest Income": NaN,
        "Normalized Income": NaN,
        "Net Income From Continuing And Discontinued Operation": NaN,
        "Total Expenses": NaN,
        "Total Operating Income As Reported": NaN,
        "Diluted Average Shares": NaN,
        "Basic Average Shares": NaN,
        "Diluted EPS": NaN,
        "Basic EPS": NaN,
        "Diluted NI Availto Com Stockholders": NaN,
        "Net Income Common Stockholders": NaN,
        "Net Income": NaN,
        "Minority Interests": NaN,
        "Net Income Including Noncontrolling Interests": NaN,
        "Net Income Discontinuous Operations": NaN,
        "Net Income Continuous Operations": NaN,
        "Tax Provision": NaN,
        "Pretax Income": NaN,
        "Other Income Expense": NaN,
        "Other Non Operating Income Expenses": NaN,
        "Special Income Charges": NaN,
        "Gain On Sale Of Ppe": 0.0,
        "Gain On Sale Of Business": NaN,
        "Impairment Of Capital Assets": 6000000.0,
        "Restructuring And Mergern Acquisition": NaN,
        "Earnings From Equity Interest": NaN,
        "Gain On Sale Of Security": NaN,
        "Net Non Operating Interest Income Expense": NaN,
        "Total Other Finance Cost": 0.0,
        "Interest Expense Non Operating": NaN,
        "Interest Income Non Operating": NaN,
        "Operating Income": NaN,
        "Operating Expense": NaN,
        "Depreciation Amortization Depletion Income Statement": NaN,
        "Depreciation And Amortization In Income Statement": NaN,
        "Amortization": NaN,
        "Amortization Of Intangibles Income Statement": NaN,
        "Research And Development": NaN,
        "Selling General And Administration": NaN,
        "General And Administrative Expense": NaN,
        "Other Gand A": NaN,
        "Salaries And Wages": NaN,
        "Gross Profit": NaN,
        "Cost Of Revenue": NaN,
        "Total Revenue": NaN,
        "Operating Revenue": NaN
    },
    "2024-03-31": {
        "Tax Effect Of Unusual Items": 6305732.484076,
        "Tax Rate For Calcs": 0.210191,
        "Normalized EBITDA": 523000000.0,
        "Total Unusual Items": 30000000.0,
        "Total Unusual Items Excluding Goodwill": 30000000.0,
        "Net Income From Continuing Operation Net Minority Interest": 121000000.0,
        "Reconciled Depreciation": 227000000.0,
        "Reconciled Cost Of Revenue": 1871000000.0,
        "EBITDA": 553000000.0,
        "EBIT": 326000000.0,
        "Net Interest Income": -156000000.0,
        "Interest Expense": 169000000.0,
        "Interest Income": 13000000.0,
        "Normalized Income": 97305732.484076,
        "Net Income From Continuing And Discontinued Operation": 121000000.0,
        "Total Expenses": 2397000000.0,
        "Total Operating Income As Reported": 210000000.0,
        "Diluted Average Shares": 109513991.0,
        "Basic Average Shares": 109069060.0,
        "Diluted EPS": 1.1,
        "Basic EPS": 1.11,
        "Diluted NI Availto Com Stockholders": 121000000.0,
        "Net Income Common Stockholders": 121000000.0,
        "Net Income": 121000000.0,
        "Minority Interests": -3000000.0,
        "Net Income Including Noncontrolling Interests": 124000000.0,
        "Net Income Discontinuous Operations": 0.0,
        "Net Income Continuous Operations": 124000000.0,
        "Tax Provision": 33000000.0,
        "Pretax Income": 157000000.0,
        "Other Income Expense": 99000000.0,
        "Other Non Operating Income Expenses": 14000000.0,
        "Special Income Charges": -15000000.0,
        "Gain On Sale Of Ppe": NaN,
        "Gain On Sale Of Business": -1000000.0,
        "Impairment Of Capital Assets": NaN,
        "Restructuring And Mergern Acquisition": 14000000.0,
        "Earnings From Equity Interest": 55000000.0,
        "Gain On Sale Of Security": 45000000.0,
        "Net Non Operating Interest Income Expense": -156000000.0,
        "Total Other Finance Cost": NaN,
        "Interest Expense Non Operating": 169000000.0,
        "Interest Income Non Operating": 13000000.0,
        "Operating Income": 214000000.0,
        "Operating Expense": 340000000.0,
        "Depreciation Amortization Depletion Income Statement": 41000000.0,
        "Depreciation And Amortization In Income Statement": 41000000.0,
        "Amortization": 41000000.0,
        "Amortization Of Intangibles Income Statement": 41000000.0,
        "Research And Development": 34000000.0,
        "Selling General And Administration": 265000000.0,
        "General And Administrative Expense": NaN,
        "Other Gand A": NaN,
        "Salaries And Wages": NaN,
        "Gross Profit": 554000000.0,
        "Cost Of Revenue": 2057000000.0,
        "Total Revenue": 2611000000.0,
        "Operating Revenue": 2611000000.0
    },
    "2024-06-30": {
        "Tax Effect Of Unusual Items": NaN,
        "Tax Rate For Calcs": NaN,
        "Normalized EBITDA": NaN,
        "Total Unusual Items": NaN,
        "Total Unusual Items Excluding Goodwill": NaN,
        "Net Income From Continuing Operation Net Minority Interest": NaN,
        "Reconciled Depreciation": NaN,
        "Reconciled Cost Of Revenue": NaN,
        "EBITDA": NaN,
        "EBIT": NaN,
        "Net Interest Income": NaN,
        "Interest Expense": NaN,
        "Interest Income": NaN,
        "Normalized Income": NaN,
        "Net Income From Continuing And Discontinued Operation": NaN,
        "Total Expenses": NaN,
        "Total Operating Income As Reported": NaN,
        "Diluted Average Shares": NaN,
        "Basic Average Shares": NaN,
        "Diluted EPS": NaN,
        "Basic EPS": NaN,
        "Diluted NI Availto Com Stockholders": NaN,
        "Net Income Common Stockholders": NaN,
        "Net Income": NaN,
        "Minority Interests": NaN,
        "Net Income Including Noncontrolling Interests": NaN,
        "Net Income Discontinuous Operations": NaN,
        "Net Income Continuous Operations": NaN,
        "Tax Provision": NaN,
        "Pretax Income": NaN,
        "Other Income Expense": NaN,
        "Other Non Operating Income Expenses": NaN,
        "Special Income Charges": NaN,
        "Gain On Sale Of Ppe": NaN,
        "Gain On Sale Of Business": NaN,
        "Impairment Of Capital Assets": 5000000.0,
        "Restructuring And Mergern Acquisition": NaN,
        "Earnings From Equity Interest": NaN,
        "Gain On Sale Of Security": NaN,
        "Net Non Operating Interest Income Expense": NaN,
        "Total Other Finance Cost": NaN,
        "Interest Expense Non Operating": NaN,
        "Interest Income Non Operating": NaN,
        "Operating Income": NaN,
        "Operating Expense": NaN,
        "Depreciation Amortization Depletion Income Statement": NaN,
        "Depreciation And Amortization In Income Statement": NaN,
        "Amortization": NaN,
        "Amortization Of Intangibles Income Statement": NaN,
        "Research And Development": NaN,
        "Selling General And Administration": NaN,
        "General And Administrative Expense": 255000000.0,
        "Other Gand A": 255000000.0,
        "Salaries And Wages": -2000000.0,
        "Gross Profit": NaN,
        "Cost Of Revenue": NaN,
        "Total Revenue": NaN,
        "Operating Revenue": NaN
    },
    "2024-09-30": {
        "Tax Effect Of Unusual Items": -8160000.0,
        "Tax Rate For Calcs": 0.34,
        "Normalized EBITDA": 582000000.0,
        "Total Unusual Items": -24000000.0,
        "Total Unusual Items Excluding Goodwill": -24000000.0,
        "Net Income From Continuing Operation Net Minority Interest": 115000000.0,
        "Reconciled Depreciation": 209000000.0,
        "Reconciled Cost Of Revenue": 1860000000.0,
        "EBITDA": 558000000.0,
        "EBIT": 349000000.0,
        "Net Interest Income": -164000000.0,
        "Interest Expense": 169000000.0,
        "Interest Income": 5000000.0,
        "Normalized Income": 130840000.0,
        "Net Income From Continuing And Discontinued Operation": 113000000.0,
        "Total Expenses": 2349000000.0,
        "Total Operating Income As Reported": 245000000.0,
        "Diluted Average Shares": 109535037.0,
        "Basic Average Shares": 109338977.0,
        "Diluted EPS": 1.03,
        "Basic EPS": 1.03,
        "Diluted NI Availto Com Stockholders": 113000000.0,
        "Net Income Common Stockholders": 113000000.0,
        "Net Income": 113000000.0,
        "Minority Interests": -4000000.0,
        "Net Income Including Noncontrolling Interests": 117000000.0,
        "Net Income Discontinuous Operations": -2000000.0,
        "Net Income Continuous Operations": 119000000.0,
        "Tax Provision": 61000000.0,
        "Pretax Income": 180000000.0,
        "Other Income Expense": 45000000.0,
        "Other Non Operating Income Expenses": 18000000.0,
        "Special Income Charges": -64000000.0,
        "Gain On Sale Of Ppe": 0.0,
        "Gain On Sale Of Business": -3000000.0,
        "Impairment Of Capital Assets": 34000000.0,
        "Restructuring And Mergern Acquisition": 27000000.0,
        "Earnings From Equity Interest": 51000000.0,
        "Gain On Sale Of Security": 40000000.0,
        "Net Non Operating Interest Income Expense": -164000000.0,
        "Total Other Finance Cost": NaN,
        "Interest Expense Non Operating": 169000000.0,
        "Interest Income Non Operating": 5000000.0,
        "Operating Income": 299000000.0,
        "Operating Expense": 320000000.0,
        "Depreciation Amortization Depletion Income Statement": 40000000.0,
        "Depreciation And Amortization In Income Statement": 40000000.0,
        "Amortization": 40000000.0,
        "Amortization Of Intangibles Income Statement": 40000000.0,
        "Research And Development": 32000000.0,
        "Selling General And Administration": 248000000.0,
        "General And Administrative Expense": 248000000.0,
        "Other Gand A": 248000000.0,
        "Salaries And Wages": NaN,
        "Gross Profit": 619000000.0,
        "Cost Of Revenue": 2029000000.0,
        "Total Revenue": 2648000000.0,
        "Operating Revenue": 2648000000.0
    },
    "2024-12-31": {
        "Tax Effect Of Unusual Items": -331380000.0,
        "Tax Rate For Calcs": 0.21,
        "Normalized EBITDA": 412000000.0,
        "Total Unusual Items": -1578000000.0,
        "Total Unusual Items Excluding Goodwill": -1578000000.0,
        "Net Income From Continuing Operation Net Minority Interest": -1909000000.0,
        "Reconciled Depreciation": 189000000.0,
        "Reconciled Cost Of Revenue": 1682000000.0,
        "EBITDA": -1166000000.0,
        "EBIT": -1355000000.0,
        "Net Interest Income": -159000000.0,
        "Interest Expense": 164000000.0,
        "Interest Income": 5000000.0,
        "Normalized Income": -662380000.0,
        "Net Income From Continuing And Discontinued Operation": -1914000000.0,
        "Total Expenses": 2164000000.0,
        "Total Operating Income As Reported": -1405000000.0,
        "Diluted Average Shares": 109400000.0,
        "Basic Average Shares": 109400000.0,
        "Diluted EPS": -17.5,
        "Basic EPS": -17.5,
        "Diluted NI Availto Com Stockholders": -1914000000.0,
        "Net Income Common Stockholders": -1914000000.0,
        "Net Income": -1914000000.0,
        "Minority Interests": -3000000.0,
        "Net Income Including Noncontrolling Interests": -1911000000.0,
        "Net Income Discontinuous Operations": -5000000.0,
        "Net Income Continuous Operations": -1906000000.0,
        "Tax Provision": 387000000.0,
        "Pretax Income": -1519000000.0,
        "Other Income Expense": -1566000000.0,
        "Other Non Operating Income Expenses": -27000000.0,
        "Special Income Charges": -1623000000.0,
        "Gain On Sale Of Ppe": NaN,
        "Gain On Sale Of Business": -2000000.0,
        "Impairment Of Capital Assets": 1600000000.0,
        "Restructuring And Mergern Acquisition": 21000000.0,
        "Earnings From Equity Interest": 39000000.0,
        "Gain On Sale Of Security": 45000000.0,
        "Net Non Operating Interest Income Expense": -159000000.0,
        "Total Other Finance Cost": NaN,
        "Interest Expense Non Operating": 164000000.0,
        "Interest Income Non Operating": 5000000.0,
        "Operating Income": 206000000.0,
        "Operating Expense": 333000000.0,
        "Depreciation Amortization Depletion Income Statement": 40000000.0,
        "Depreciation And Amortization In Income Statement": 40000000.0,
        "Amortization": 40000000.0,
        "Amortization Of Intangibles Income Statement": 40000000.0,
        "Research And Development": 31000000.0,
        "Selling General And Administration": 262000000.0,
        "General And Administrative Expense": NaN,
        "Other Gand A": NaN,
        "Salaries And Wages": NaN,
        "Gross Profit": 539000000.0,
        "Cost Of Revenue": 1831000000.0,
        "Total Revenue": 2370000000.0,
        "Operating Revenue": 2370000000.0
    },
    "2025-03-31": {
        "Tax Effect Of Unusual Items": -1260000.0,
        "Tax Rate For Calcs": 0.21,
        "Normalized EBITDA": 364000000.0,
        "Total Unusual Items": -6000000.0,
        "Total Unusual Items Excluding Goodwill": -6000000.0,
        "Net Income From Continuing Operation Net Minority Interest": -16000000.0,
        "Reconciled Depreciation": 191000000.0,
        "Reconciled Cost Of Revenue": 1762000000.0,
        "EBITDA": 358000000.0,
        "EBIT": 167000000.0,
        "Net Interest Income": -198000000.0,
        "Interest Expense": 170000000.0,
        "Interest Income": 4000000.0,
        "Normalized Income": -11260000.0,
        "Net Income From Continuing And Discontinued Operation": -21000000.0,
        "Total Expenses": 2214000000.0,
        "Total Operating Income As Reported": 168000000.0,
        "Diluted Average Shares": 109421035.0,
        "Basic Average Shares": 109421035.0,
        "Diluted EPS": -0.19,
        "Basic EPS": -0.19,
        "Diluted NI Availto Com Stockholders": -21000000.0,
        "Net Income Common Stockholders": -21000000.0,
        "Net Income": -21000000.0,
        "Minority Interests": -4000000.0,
        "Net Income Including Noncontrolling Interests": -17000000.0,
        "Net Income Discontinuous Operations": -5000000.0,
        "Net Income Continuous Operations": -12000000.0,
        "Tax Provision": 9000000.0,
        "Pretax Income": -3000000.0,
        "Other Income Expense": 20000000.0,
        "Other Non Operating Income Expenses": 4000000.0,
        "Special Income Charges": -28000000.0,
        "Gain On Sale Of Ppe": NaN,
        "Gain On Sale Of Business": 3000000.0,
        "Impairment Of Capital Assets": NaN,
        "Restructuring And Mergern Acquisition": 31000000.0,
        "Earnings From Equity Interest": 22000000.0,
        "Gain On Sale Of Security": 22000000.0,
        "Net Non Operating Interest Income Expense": -198000000.0,
        "Total Other Finance Cost": 32000000.0,
        "Interest Expense Non Operating": 170000000.0,
        "Interest Income Non Operating": 4000000.0,
        "Operating Income": 175000000.0,
        "Operating Expense": 301000000.0,
        "Depreciation Amortization Depletion Income Statement": 40000000.0,
        "Depreciation And Amortization In Income Statement": 40000000.0,
        "Amortization": 40000000.0,
        "Amortization Of Intangibles Income Statement": 40000000.0,
        "Research And Development": 31000000.0,
        "Selling General And Administration": 230000000.0,
        "General And Administrative Expense": NaN,
        "Other Gand A": NaN,
        "Salaries And Wages": NaN,
        "Gross Profit": 476000000.0,
        "Cost Of Revenue": 1913000000.0,
        "Total Revenue": 2389000000.0,
        "Operating Revenue": 2389000000.0
    },
    "2025-06-30": {
        "Tax Effect Of Unusual Items": 5250000.0,
        "Tax Rate For Calcs": 0.21,
        "Normalized EBITDA": 480000000.0,
        "Total Unusual Items": 25000000.0,
        "Total Unusual Items Excluding Goodwill": 25000000.0,
        "Net Income From Continuing Operation Net Minority Interest": 209000000.0,
        "Reconciled Depreciation": 193000000.0,
        "Reconciled Cost Of Revenue": 1846000000.0,
        "EBITDA": 505000000.0,
        "EBIT": 312000000.0,
        "Net Interest Income": -170000000.0,
        "Interest Expense": 177000000.0,
        "Interest Income": 7000000.0,
        "Normalized Income": 189250000.0,
        "Net Income From Continuing And Discontinued Operation": 199000000.0,
        "Total Expenses": 2283000000.0,
        "Total Operating Income As Reported": 233000000.0,
        "Diluted Average Shares": 109734396.0,
        "Basic Average Shares": 109526113.0,
        "Diluted EPS": 1.81,
        "Basic EPS": 1.82,
        "Diluted NI Availto Com Stockholders": 199000000.0,
        "Net Income Common Stockholders": 199000000.0,
        "Net Income": 199000000.0,
        "Minority Interests": -3000000.0,
        "Net Income Including Noncontrolling Interests": 202000000.0,
        "Net Income Discontinuous Operations": -10000000.0,
        "Net Income Continuous Operations": 212000000.0,
        "Tax Provision": -77000000.0,
        "Pretax Income": 135000000.0,
        "Other Income Expense": 56000000.0,
        "Other Non Operating Income Expenses": 2000000.0,
        "Special Income Charges": -22000000.0,
        "Gain On Sale Of Ppe": NaN,
        "Gain On Sale Of Business": -2000000.0,
        "Impairment Of Capital Assets": 0.0,
        "Restructuring And Mergern Acquisition": 20000000.0,
        "Earnings From Equity Interest": 29000000.0,
        "Gain On Sale Of Security": 47000000.0,
        "Net Non Operating Interest Income Expense": -170000000.0,
        "Total Other Finance Cost": NaN,
        "Interest Expense Non Operating": 177000000.0,
        "Interest Income Non Operating": 7000000.0,
        "Operating Income": 249000000.0,
        "Operating Expense": 286000000.0,
        "Depreciation Amortization Depletion Income Statement": 42000000.0,
        "Depreciation And Amortization In Income Statement": 42000000.0,
        "Amortization": 42000000.0,
        "Amortization Of Intangibles Income Statement": 42000000.0,
        "Research And Development": 31000000.0,
        "Selling General And Administration": 213000000.0,
        "General And Administrative Expense": 213000000.0,
        "Other Gand A": 213000000.0,
        "Salaries And Wages": NaN,
        "Gross Profit": 535000000.0,
        "Cost Of Revenue": 1997000000.0,
        "Total Revenue": 2532000000.0,
        "Operating Revenue": 2532000000.0
    },
    "2025-09-30": {
        "Tax Effect Of Unusual Items": -14520000.0,
        "Tax Rate For Calcs": 0.01,
        "Normalized EBITDA": 470000000.0,
        "Total Unusual Items": -1452000000.0,
        "Total Unusual Items Excluding Goodwill": -1452000000.0,
        "Net Income From Continuing Operation Net Minority Interest": -1357000000.0,
        "Reconciled Depreciation": 201000000.0,
        "Reconciled Cost Of Revenue": 1739000000.0,
        "EBITDA": -982000000.0,
        "EBIT": -1183000000.0,
        "Net Interest Income": -170000000.0,
        "Interest Expense": 177000000.0,
        "Interest Income": 7000000.0,
        "Normalized Income": 80480000.0,
        "Net Income From Continuing And Discontinued Operation": -1357000000.0,
        "Total Expenses": 2202000000.0,
        "Total Operating Income As Reported": -1275000000.0,
        "Diluted Average Shares": 109565996.0,
        "Basic Average Shares": 109565996.0,
        "Diluted EPS": -12.39,
        "Basic EPS": -12.39,
        "Diluted NI Availto Com Stockholders": -1357000000.0,
        "Net Income Common Stockholders": -1357000000.0,
        "Net Income": -1357000000.0,
        "Minority Interests": -4000000.0,
        "Net Income Including Noncontrolling Interests": -1353000000.0,
        "Net Income Discontinuous Operations": 0.0,
        "Net Income Continuous Operations": -1353000000.0,
        "Tax Provision": -7000000.0,
        "Pretax Income": -1360000000.0,
        "Other Income Expense": -1407000000.0,
        "Other Non Operating Income Expenses": 6000000.0,
        "Special Income Charges": -1494000000.0,
        "Gain On Sale Of Ppe": NaN,
        "Gain On Sale Of Business": -3000000.0,
        "Impairment Of Capital Assets": 1486000000.0,
        "Restructuring And Mergern Acquisition": 5000000.0,
        "Earnings From Equity Interest": 39000000.0,
        "Gain On Sale Of Security": 42000000.0,
        "Net Non Operating Interest Income Expense": -170000000.0,
        "Total Other Finance Cost": NaN,
        "Interest Expense Non Operating": 177000000.0,
        "Interest Income Non Operating": 7000000.0,
        "Operating Income": 217000000.0,
        "Operating Expense": 304000000.0,
        "Depreciation Amortization Depletion Income Statement": 42000000.0,
        "Depreciation And Amortization In Income Statement": 42000000.0,
        "Amortization": 42000000.0,
        "Amortization Of Intangibles Income Statement": 42000000.0,
        "Research And Development": 31000000.0,
        "Selling General And Administration": 231000000.0,
        "General And Administrative Expense": 231000000.0,
        "Other Gand A": 231000000.0,
        "Salaries And Wages": NaN,
        "Gross Profit": 521000000.0,
        "Cost Of Revenue": 1898000000.0,
        "Total Revenue": 2419000000.0,
        "Operating Revenue": 2419000000.0
    }
}