{
    "2023-03-31": {
        "Tax Effect Of Unusual Items": NaN,
        "Tax Rate For Calcs": NaN,
        "Normalized EBITDA": NaN,
        "Total Unusual Items": NaN,
        "Total Unusual Items Excluding Goodwill": NaN,
        "Net Income From Continuing Operation Net Minority Interest": NaN,
        "Reconciled Depreciation": NaN,
        "Reconciled Cost Of Revenue": NaN,
        "EBITDA": NaN,
        "EBIT": NaN,
        "Net Interest Income": NaN,
        "Normalized Income": NaN,
        "Net Income From Continuing And Discontinued Operation": NaN,
        "Total Expenses": NaN,
        "Total Operating Income As Reported": NaN,
        "Diluted Average Shares": NaN,
        "Basic Average Shares": NaN,
        "Diluted EPS": NaN,
        "Basic EPS": NaN,
        "Diluted NI Availto Com Stockholders": NaN,
        "Net Income Common Stockholders": NaN,
        "Net Income": NaN,
        "Net Income Including Noncontrolling Interests": NaN,
        "Net Income Continuous Operations": NaN,
        "Tax Provision": NaN,
        "Pretax Income": NaN,
        "Other Income Expense": 5704.0,
        "Other Non Operating Income Expenses": 5704.0,
        "Special Income Charges": NaN,
        "Impairment Of Capital Assets": NaN,
        "Net Non Operating Interest Income Expense": NaN,
        "Total Other Finance Cost": NaN,
        "Operating Income": NaN,
        "Operating Expense": NaN,
        "Research And Development": NaN,
        "Selling General And Administration": NaN,
        "Selling And Marketing Expense": NaN,
        "General And Administrative Expense": NaN,
        "Other Gand A": NaN,
        "Gross Profit": NaN,
        "Cost Of Revenue": NaN,
        "Total Revenue": NaN,
        "Operating Revenue": NaN
    },
    "2022-12-31": {
        "Tax Effect Of Unusual Items": NaN,
        "Tax Rate For Calcs": NaN,
        "Normalized EBITDA": NaN,
        "Total Unusual Items": 0.0,
        "Total Unusual Items Excluding Goodwill": 0.0,
        "Net Income From Continuing Operation Net Minority Interest": NaN,
        "Reconciled Depreciation": NaN,
        "Reconciled Cost Of Revenue": NaN,
        "EBITDA": NaN,
        "EBIT": NaN,
        "Net Interest Income": NaN,
        "Normalized Income": NaN,
        "Net Income From Continuing And Discontinued Operation": NaN,
        "Total Expenses": NaN,
        "Total Operating Income As Reported": NaN,
        "Diluted Average Shares": NaN,
        "Basic Average Shares": NaN,
        "Diluted EPS": NaN,
        "Basic EPS": NaN,
        "Diluted NI Availto Com Stockholders": NaN,
        "Net Income Common Stockholders": NaN,
        "Otherunder Preferred Stock Dividend": 0.0,
        "Preferred Stock Dividends": 0.0,
        "Net Income": NaN,
        "Net Income Including Noncontrolling Interests": NaN,
        "Net Income Continuous Operations": NaN,
        "Tax Provision": NaN,
        "Pretax Income": NaN,
        "Other Income Expense": 0.0,
        "Other Non Operating Income Expenses": 0.0,
        "Special Income Charges": 0.0,
        "Impairment Of Capital Assets": 0.0,
        "Net Non Operating Interest Income Expense": NaN,
        "Total Other Finance Cost": NaN,
        "Operating Income": NaN,
        "Operating Expense": NaN,
        "Research And Development": NaN,
        "Selling General And Administration": NaN,
        "Selling And Marketing Expense": NaN,
        "General And Administrative Expense": NaN,
        "Other Gand A": NaN,
        "Gross Profit": NaN,
        "Cost Of Revenue": NaN,
        "Total Revenue": NaN,
        "Operating Revenue": NaN
    },
    "2022-09-30": {
        "Tax Effect Of Unusual Items": NaN,
        "Tax Rate For Calcs": NaN,
        "Normalized EBITDA": NaN,
        "Total Unusual Items": 0.0,
        "Total Unusual Items Excluding Goodwill": 0.0,
        "Net Income From Continuing Operation Net Minority Interest": NaN,
        "Reconciled Depreciation": NaN,
        "Reconciled Cost Of Revenue": NaN,
        "EBITDA": NaN,
        "EBIT": NaN,
        "Net Interest Income": NaN,
        "Normalized Income": NaN,
        "Net Income From Continuing And Discontinued Operation": NaN,
        "Total Expenses": NaN,
        "Total Operating Income As Reported": NaN,
        "Diluted Average Shares": 7953974.0,
        "Basic Average Shares": 7953974.0,
        "Diluted EPS": -0.13,
        "Basic EPS": -0.13,
        "Diluted NI Availto Com Stockholders": NaN,
        "Net Income Common Stockholders": NaN,
        "Otherunder Preferred Stock Dividend": 0.0,
        "Preferred Stock Dividends": NaN,
        "Net Income": NaN,
        "Net Income Including Noncontrolling Interests": NaN,
        "Net Income Continuous Operations": NaN,
        "Tax Provision": NaN,
        "Pretax Income": NaN,
        "Other Income Expense": 6358.0,
        "Other Non Operating Income Expenses": 6358.0,
        "Special Income Charges": 0.0,
        "Impairment Of Capital Assets": 0.0,
        "Net Non Operating Interest Income Expense": NaN,
        "Total Other Finance Cost": NaN,
        "Operating Income": NaN,
        "Operating Expense": NaN,
        "Research And Development": NaN,
        "Selling General And Administration": NaN,
        "Selling And Marketing Expense": NaN,
        "General And Administrative Expense": NaN,
        "Other Gand A": NaN,
        "Gross Profit": NaN,
        "Cost Of Revenue": NaN,
        "Total Revenue": NaN,
        "Operating Revenue": NaN
    },
    "2022-06-30": {
        "Tax Effect Of Unusual Items": 0.0,
        "Tax Rate For Calcs": 0.0,
        "Normalized EBITDA": -475289.0,
        "Total Unusual Items": -631064.0,
        "Total Unusual Items Excluding Goodwill": -631064.0,
        "Net Income From Continuing Operation Net Minority Interest": -1760586.0,
        "Reconciled Depreciation": 33769.0,
        "Reconciled Cost Of Revenue": 2708646.0,
        "EBITDA": -1106353.0,
        "EBIT": -1140122.0,
        "Net Interest Income": 10600.0,
        "Normalized Income": -1129522.0,
        "Net Income From Continuing And Discontinued Operation": -1760586.0,
        "Total Expenses": 4155007.0,
        "Total Operating Income As Reported": -1771186.0,
        "Diluted Average Shares": 7801211.0,
        "Basic Average Shares": 7801211.0,
        "Diluted EPS": -0.23,
        "Basic EPS": -0.23,
        "Diluted NI Availto Com Stockholders": -1760586.0,
        "Net Income Common Stockholders": -1760586.0,
        "Otherunder Preferred Stock Dividend": NaN,
        "Preferred Stock Dividends": NaN,
        "Net Income": -1760586.0,
        "Net Income Including Noncontrolling Interests": -1760586.0,
        "Net Income Continuous Operations": -1760586.0,
        "Tax Provision": 0.0,
        "Pretax Income": -1760586.0,
        "Other Income Expense": -631064.0,
        "Other Non Operating Income Expenses": NaN,
        "Special Income Charges": -631064.0,
        "Impairment Of Capital Assets": 631064.0,
        "Net Non Operating Interest Income Expense": 10600.0,
        "Total Other Finance Cost": -10600.0,
        "Operating Income": -1140122.0,
        "Operating Expense": 1446361.0,
        "Research And Development": 56577.0,
        "Selling General And Administration": 1389784.0,
        "Selling And Marketing Expense": 309690.0,
        "General And Administrative Expense": 1080094.0,
        "Other Gand A": 1080094.0,
        "Gross Profit": 306239.0,
        "Cost Of Revenue": 2708646.0,
        "Total Revenue": 3014885.0,
        "Operating Revenue": 3014885.0
    },
    "2022-03-31": {
        "Diluted EPS": -0.41,
        "Total Revenue": 2,
        "Gross Profit": 0,
        "Operating Income": -2,
        "EBIT": -2,
        "Net Income": -2
    },
    "2021-12-31": {
        "Diluted EPS": -0.31,
        "Total Revenue": 3,
        "Gross Profit": 1,
        "Operating Income": -1,
        "EBIT": -1,
        "Net Income": 0
    },
    "2021-09-30": {
        "Diluted EPS": -1.69,
        "Total Revenue": 4,
        "Gross Profit": 1,
        "Operating Income": 0,
        "EBIT": 0,
        "Net Income": -3
    },
    "2021-06-30": {
        "Diluted EPS": 0.17,
        "Total Revenue": 5,
        "Gross Profit": 1,
        "Operating Income": 0,
        "EBIT": 0,
        "Net Income": 0
    },
    "2021-03-31": {
        "Diluted EPS": -0.5,
        "Total Revenue": 2,
        "Gross Profit": 0,
        "Operating Income": -1,
        "EBIT": -1,
        "Net Income": -1
    },
    "2020-12-31": {
        "Diluted EPS": 0.0,
        "Total Revenue": 3,
        "Gross Profit": 0,
        "Operating Income": -1,
        "EBIT": 0,
        "Net Income": 0
    },
    "2020-09-30": {
        "Diluted EPS": 0.0,
        "Total Revenue": 2,
        "Gross Profit": 1,
        "Operating Income": 0,
        "EBIT": 0,
        "Net Income": 0
    },
    "2020-06-30": {
        "Diluted EPS": 0.0,
        "Total Revenue": 2,
        "Gross Profit": 0,
        "Operating Income": -1,
        "EBIT": -1,
        "Net Income": -1
    },
    "2020-03-31": {
        "Diluted EPS": 0.0,
        "Total Revenue": 2,
        "Gross Profit": 0,
        "Operating Income": -1,
        "EBIT": -1,
        "Net Income": -1
    },
    "2019-12-31": {
        "Diluted EPS": 0.0,
        "Total Revenue": 4,
        "Gross Profit": 1,
        "Operating Income": -1,
        "EBIT": -1,
        "Net Income": -1
    },
    "2019-09-30": {
        "Diluted EPS": 0.0,
        "Total Revenue": 6,
        "Gross Profit": 2,
        "Operating Income": 0,
        "EBIT": 0,
        "Net Income": 0
    },
    "2019-06-30": {
        "Diluted EPS": 0.0,
        "Total Revenue": 4,
        "Gross Profit": 1,
        "Operating Income": 0,
        "EBIT": 0,
        "Net Income": 0
    },
    "2019-03-31": {
        "Diluted EPS": 0.0,
        "Total Revenue": 2,
        "Gross Profit": 0,
        "Operating Income": -1,
        "EBIT": -1,
        "Net Income": -1
    },
    "2018-12-31": {
        "Diluted EPS": -0.6,
        "Total Revenue": 2,
        "Gross Profit": 0,
        "Operating Income": -1,
        "EBIT": -1,
        "Net Income": -1
    },
    "2018-09-30": {
        "Diluted EPS": -0.45,
        "Total Revenue": 3,
        "Gross Profit": 1,
        "Operating Income": -1,
        "EBIT": -1,
        "Net Income": -1
    },
    "2018-06-30": {
        "Diluted EPS": -0.9,
        "Total Revenue": 2,
        "Gross Profit": 1,
        "Operating Income": -1,
        "EBIT": -1,
        "Net Income": -1
    },
    "2018-03-31": {
        "Diluted EPS": -1.34,
        "Total Revenue": 2,
        "Gross Profit": 0,
        "Operating Income": -2,
        "EBIT": -2,
        "Net Income": -2
    },
    "2017-12-31": {
        "Diluted EPS": 0.0,
        "Total Revenue": 2,
        "Gross Profit": 1,
        "Operating Income": -1,
        "EBIT": -1,
        "Net Income": -1
    },
    "2017-09-30": {
        "Diluted EPS": -1.49,
        "Total Revenue": 2,
        "Gross Profit": 0,
        "Operating Income": -1,
        "EBIT": -1,
        "Net Income": -1
    },
    "2017-06-30": {
        "Diluted EPS": -1.49,
        "Total Revenue": 2,
        "Gross Profit": 0,
        "Operating Income": -1,
        "EBIT": -1,
        "Net Income": -1
    },
    "2017-03-31": {
        "Diluted EPS": -1.49,
        "Total Revenue": 2,
        "Gross Profit": 0,
        "Operating Income": -1,
        "EBIT": -1,
        "Net Income": -1
    },
    "2016-12-31": {
        "Diluted EPS": -1.49,
        "Total Revenue": 2,
        "Gross Profit": 0,
        "Operating Income": 0,
        "EBIT": 0,
        "Net Income": -1
    },
    "2016-09-30": {
        "Diluted EPS": 0.0,
        "Total Revenue": 1,
        "Gross Profit": 0,
        "Operating Income": 0,
        "EBIT": 0,
        "Net Income": -1
    },
    "2016-06-30": {
        "Diluted EPS": 0.0,
        "Total Revenue": 2,
        "Gross Profit": 0,
        "Operating Income": 0,
        "EBIT": 0,
        "Net Income": -1
    },
    "2016-03-31": {
        "Diluted EPS": -1.49,
        "Total Revenue": 2,
        "Gross Profit": 1,
        "Operating Income": 0,
        "EBIT": 1,
        "Net Income": -1
    },
    "2015-12-31": {
        "Diluted EPS": -1.49,
        "Total Revenue": 2,
        "Gross Profit": 0,
        "Operating Income": -1,
        "EBIT": 0,
        "Net Income": -2
    },
    "2015-09-30": {
        "Diluted EPS": -1.49,
        "Total Revenue": 4,
        "Gross Profit": 1,
        "Operating Income": -1,
        "EBIT": 0,
        "Net Income": -1
    },
    "2015-06-30": {
        "Diluted EPS": -1.49,
        "Total Revenue": 2,
        "Gross Profit": 0,
        "Operating Income": -1,
        "EBIT": 0,
        "Net Income": -1
    },
    "2015-03-31": {
        "Diluted EPS": -1.49,
        "Total Revenue": 1,
        "Gross Profit": 0,
        "Operating Income": -1,
        "EBIT": 0,
        "Net Income": -1
    },
    "2014-12-31": {
        "Diluted EPS": -2.99,
        "Total Revenue": 1,
        "Gross Profit": 0,
        "Operating Income": -2,
        "EBIT": -2,
        "Net Income": -2
    },
    "2014-09-30": {
        "Diluted EPS": 1.49,
        "Total Revenue": 1,
        "Gross Profit": 0,
        "Operating Income": 0,
        "EBIT": 0,
        "Net Income": 1
    },
    "2014-06-30": {
        "Diluted EPS": -2.99,
        "Total Revenue": 0,
        "Gross Profit": 0,
        "Operating Income": 0,
        "EBIT": 0,
        "Net Income": -2
    },
    "2014-03-31": {
        "Diluted EPS": 0.0,
        "Total Revenue": NaN,
        "Gross Profit": NaN,
        "Operating Income": 0,
        "EBIT": 0,
        "Net Income": 0
    },
    "2013-12-31": {
        "Diluted EPS": 0.0,
        "Total Revenue": 0,
        "Gross Profit": 0,
        "Operating Income": 0,
        "EBIT": 0,
        "Net Income": 0
    },
    "2013-09-30": {
        "Diluted EPS": 0.0,
        "Total Revenue": 0,
        "Gross Profit": 0,
        "Operating Income": 0,
        "EBIT": 0,
        "Net Income": 0
    },
    "2013-06-30": {
        "Diluted EPS": 0.0,
        "Total Revenue": NaN,
        "Gross Profit": NaN,
        "Operating Income": NaN,
        "EBIT": NaN,
        "Net Income": 0
    },
    "2013-03-31": {
        "Diluted EPS": 0.0,
        "Total Revenue": 0,
        "Gross Profit": 0,
        "Operating Income": 0,
        "EBIT": 0,
        "Net Income": 0
    },
    "2012-12-31": {
        "Diluted EPS": 0.0,
        "Total Revenue": 0,
        "Gross Profit": 0,
        "Operating Income": 0,
        "EBIT": 0,
        "Net Income": 0
    },
    "2012-09-30": {
        "Diluted EPS": 0.0,
        "Total Revenue": 0,
        "Gross Profit": 0,
        "Operating Income": 0,
        "EBIT": 0,
        "Net Income": 0
    },
    "2012-06-30": {
        "Diluted EPS": 0.0,
        "Total Revenue": NaN,
        "Gross Profit": NaN,
        "Operating Income": 0,
        "EBIT": 0,
        "Net Income": 0
    },
    "2012-03-31": {
        "Diluted EPS": 0.0,
        "Total Revenue": 0,
        "Gross Profit": 0,
        "Operating Income": 0,
        "EBIT": 0,
        "Net Income": 0
    },
    "2023-06-30": {
        "Tax Effect Of Unusual Items": NaN,
        "Tax Rate For Calcs": NaN,
        "Normalized EBITDA": NaN,
        "Total Unusual Items": 0.0,
        "Total Unusual Items Excluding Goodwill": 0.0,
        "Net Income From Continuing Operation Net Minority Interest": NaN,
        "Reconciled Depreciation": NaN,
        "Reconciled Cost Of Revenue": NaN,
        "EBITDA": NaN,
        "EBIT": NaN,
        "Net Interest Income": NaN,
        "Normalized Income": NaN,
        "Net Income From Continuing And Discontinued Operation": NaN,
        "Total Expenses": NaN,
        "Total Operating Income As Reported": NaN,
        "Diluted Average Shares": 673031.0,
        "Basic Average Shares": 673031.0,
        "Diluted EPS": -1.03,
        "Basic EPS": -1.03,
        "Diluted NI Availto Com Stockholders": NaN,
        "Net Income Common Stockholders": NaN,
        "Net Income": NaN,
        "Net Income Including Noncontrolling Interests": NaN,
        "Net Income Continuous Operations": NaN,
        "Tax Provision": NaN,
        "Pretax Income": NaN,
        "Other Income Expense": 2074.0,
        "Other Non Operating Income Expenses": 2074.0,
        "Special Income Charges": 0.0,
        "Impairment Of Capital Assets": 0.0,
        "Net Non Operating Interest Income Expense": NaN,
        "Total Other Finance Cost": NaN,
        "Operating Income": NaN,
        "Operating Expense": NaN,
        "Research And Development": NaN,
        "Selling General And Administration": NaN,
        "Selling And Marketing Expense": NaN,
        "General And Administrative Expense": NaN,
        "Other Gand A": NaN,
        "Gross Profit": NaN,
        "Cost Of Revenue": NaN,
        "Total Revenue": NaN,
        "Operating Revenue": NaN
    },
    "2023-09-30": {
        "Tax Effect Of Unusual Items": 0.0,
        "Tax Rate For Calcs": 0.0,
        "Normalized EBITDA": -799574.0,
        "Total Unusual Items": 0.0,
        "Total Unusual Items Excluding Goodwill": 0.0,
        "Net Income From Continuing Operation Net Minority Interest": -799019.0,
        "Reconciled Depreciation": 7488.0,
        "Reconciled Cost Of Revenue": 1017634.0,
        "EBITDA": -799574.0,
        "EBIT": -807062.0,
        "Net Interest Income": 8043.0,
        "Normalized Income": -799019.0,
        "Net Income From Continuing And Discontinued Operation": -799019.0,
        "Total Expenses": 1720633.0,
        "Total Operating Income As Reported": -807062.0,
        "Diluted Average Shares": 673031.0,
        "Basic Average Shares": 673031.0,
        "Diluted EPS": -1.19,
        "Basic EPS": -1.19,
        "Diluted NI Availto Com Stockholders": -799019.0,
        "Net Income Common Stockholders": -799019.0,
        "Net Income": -799019.0,
        "Net Income Including Noncontrolling Interests": -799019.0,
        "Net Income Continuous Operations": -799019.0,
        "Tax Provision": 0.0,
        "Pretax Income": -799019.0,
        "Other Income Expense": NaN,
        "Other Non Operating Income Expenses": NaN,
        "Special Income Charges": 0.0,
        "Impairment Of Capital Assets": 0.0,
        "Net Non Operating Interest Income Expense": 8043.0,
        "Total Other Finance Cost": -8043.0,
        "Operating Income": -807062.0,
        "Operating Expense": 702999.0,
        "Research And Development": 0.0,
        "Selling General And Administration": 702999.0,
        "Selling And Marketing Expense": 21551.0,
        "General And Administrative Expense": 681448.0,
        "Other Gand A": 681448.0,
        "Gross Profit": -104063.0,
        "Cost Of Revenue": 1017634.0,
        "Total Revenue": 913571.0,
        "Operating Revenue": 884171.0
    },
    "2023-12-31": {
        "Tax Effect Of Unusual Items": 0.0,
        "Tax Rate For Calcs": 0.0,
        "Normalized EBITDA": -961054.0,
        "Total Unusual Items": 0.0,
        "Total Unusual Items Excluding Goodwill": 0.0,
        "Net Income From Continuing Operation Net Minority Interest": -987519.0,
        "Reconciled Depreciation": 34239.0,
        "Reconciled Cost Of Revenue": 536919.0,
        "EBITDA": -961054.0,
        "EBIT": -995293.0,
        "Net Interest Income": 7774.0,
        "Normalized Income": -987519.0,
        "Net Income From Continuing And Discontinued Operation": -987519.0,
        "Total Expenses": 1246386.0,
        "Total Operating Income As Reported": -995293.0,
        "Diluted Average Shares": NaN,
        "Basic Average Shares": NaN,
        "Diluted EPS": NaN,
        "Basic EPS": NaN,
        "Diluted NI Availto Com Stockholders": -987519.0,
        "Net Income Common Stockholders": -987519.0,
        "Net Income": -987519.0,
        "Net Income Including Noncontrolling Interests": -987519.0,
        "Net Income Continuous Operations": -987519.0,
        "Tax Provision": 0.0,
        "Pretax Income": -987519.0,
        "Other Income Expense": 0.0,
        "Other Non Operating Income Expenses": 0.0,
        "Special Income Charges": 0.0,
        "Impairment Of Capital Assets": 0.0,
        "Net Non Operating Interest Income Expense": 7774.0,
        "Total Other Finance Cost": -7774.0,
        "Operating Income": -995293.0,
        "Operating Expense": 709467.0,
        "Research And Development": 0.0,
        "Selling General And Administration": 709467.0,
        "Selling And Marketing Expense": 16444.0,
        "General And Administrative Expense": 693023.0,
        "Other Gand A": 693023.0,
        "Gross Profit": -285826.0,
        "Cost Of Revenue": 536919.0,
        "Total Revenue": 251093.0,
        "Operating Revenue": 251093.0
    },
    "2024-03-31": {
        "Tax Effect Of Unusual Items": 0.0,
        "Tax Rate For Calcs": 0.0,
        "Normalized EBITDA": -916895.0,
        "Total Unusual Items": NaN,
        "Total Unusual Items Excluding Goodwill": NaN,
        "Net Income From Continuing Operation Net Minority Interest": -916603.0,
        "Reconciled Depreciation": 6914.0,
        "Reconciled Cost Of Revenue": 388881.0,
        "EBITDA": -916895.0,
        "EBIT": -923809.0,
        "Net Interest Income": 7206.0,
        "Normalized Income": -916603.0,
        "Net Income From Continuing And Discontinued Operation": -916603.0,
        "Total Expenses": 1158315.0,
        "Total Operating Income As Reported": -923809.0,
        "Diluted Average Shares": 684144.0,
        "Basic Average Shares": 684144.0,
        "Diluted EPS": -1.32,
        "Basic EPS": -1.32,
        "Diluted NI Availto Com Stockholders": -916603.0,
        "Net Income Common Stockholders": -916603.0,
        "Net Income": -916603.0,
        "Net Income Including Noncontrolling Interests": -916603.0,
        "Net Income Continuous Operations": -916603.0,
        "Tax Provision": 0.0,
        "Pretax Income": -916603.0,
        "Other Income Expense": NaN,
        "Other Non Operating Income Expenses": NaN,
        "Special Income Charges": NaN,
        "Impairment Of Capital Assets": NaN,
        "Net Non Operating Interest Income Expense": 7206.0,
        "Total Other Finance Cost": -7206.0,
        "Operating Income": -923809.0,
        "Operating Expense": 769434.0,
        "Research And Development": 0.0,
        "Selling General And Administration": 769434.0,
        "Selling And Marketing Expense": 9324.0,
        "General And Administrative Expense": 760110.0,
        "Other Gand A": 760110.0,
        "Gross Profit": -154375.0,
        "Cost Of Revenue": 388881.0,
        "Total Revenue": 234506.0,
        "Operating Revenue": 234506.0
    },
    "2024-06-30": {
        "Tax Effect Of Unusual Items": 0.0,
        "Tax Rate For Calcs": 0.0,
        "Normalized EBITDA": -472498.0,
        "Total Unusual Items": NaN,
        "Total Unusual Items Excluding Goodwill": NaN,
        "Net Income From Continuing Operation Net Minority Interest": -470299.0,
        "Reconciled Depreciation": 4707.0,
        "Reconciled Cost Of Revenue": 1580900.0,
        "EBITDA": -472498.0,
        "EBIT": -477205.0,
        "Net Interest Income": 6906.0,
        "Normalized Income": -470299.0,
        "Net Income From Continuing And Discontinued Operation": -470299.0,
        "Total Expenses": 2237905.0,
        "Total Operating Income As Reported": -477205.0,
        "Diluted Average Shares": 711530.0,
        "Basic Average Shares": 711530.0,
        "Diluted EPS": -0.66,
        "Basic EPS": -0.66,
        "Diluted NI Availto Com Stockholders": -470299.0,
        "Net Income Common Stockholders": -470299.0,
        "Net Income": -470299.0,
        "Net Income Including Noncontrolling Interests": -470299.0,
        "Net Income Continuous Operations": -470299.0,
        "Tax Provision": 0.0,
        "Pretax Income": -470299.0,
        "Other Income Expense": NaN,
        "Other Non Operating Income Expenses": NaN,
        "Special Income Charges": NaN,
        "Impairment Of Capital Assets": NaN,
        "Net Non Operating Interest Income Expense": 6906.0,
        "Total Other Finance Cost": -6906.0,
        "Operating Income": -477205.0,
        "Operating Expense": 657005.0,
        "Research And Development": 0.0,
        "Selling General And Administration": 657005.0,
        "Selling And Marketing Expense": 3855.0,
        "General And Administrative Expense": 653150.0,
        "Other Gand A": 653150.0,
        "Gross Profit": 179800.0,
        "Cost Of Revenue": 1580900.0,
        "Total Revenue": 1760700.0,
        "Operating Revenue": 1748331.0
    },
    "2024-09-30": {
        "Tax Effect Of Unusual Items": 0.0,
        "Tax Rate For Calcs": 0.0,
        "Normalized EBITDA": -741965.0,
        "Total Unusual Items": NaN,
        "Total Unusual Items Excluding Goodwill": NaN,
        "Net Income From Continuing Operation Net Minority Interest": -740403.0,
        "Reconciled Depreciation": 4707.0,
        "Reconciled Cost Of Revenue": 460970.0,
        "EBITDA": -741965.0,
        "EBIT": -746672.0,
        "Net Interest Income": 6269.0,
        "Normalized Income": -740403.0,
        "Net Income From Continuing And Discontinued Operation": -740403.0,
        "Total Expenses": 1137489.0,
        "Total Operating Income As Reported": -746672.0,
        "Diluted Average Shares": 791580.0,
        "Basic Average Shares": 791580.0,
        "Diluted EPS": -0.94,
        "Basic EPS": -0.94,
        "Diluted NI Availto Com Stockholders": -740403.0,
        "Net Income Common Stockholders": -740403.0,
        "Net Income": -740403.0,
        "Net Income Including Noncontrolling Interests": -740403.0,
        "Net Income Continuous Operations": -740403.0,
        "Tax Provision": 0.0,
        "Pretax Income": -740403.0,
        "Other Income Expense": NaN,
        "Other Non Operating Income Expenses": NaN,
        "Special Income Charges": NaN,
        "Impairment Of Capital Assets": NaN,
        "Net Non Operating Interest Income Expense": 6269.0,
        "Total Other Finance Cost": -6269.0,
        "Operating Income": -746672.0,
        "Operating Expense": 676519.0,
        "Research And Development": 0.0,
        "Selling General And Administration": 676519.0,
        "Selling And Marketing Expense": 450.0,
        "General And Administrative Expense": 676069.0,
        "Other Gand A": 676069.0,
        "Gross Profit": -70153.0,
        "Cost Of Revenue": 460970.0,
        "Total Revenue": 390817.0,
        "Operating Revenue": 390817.0
    }
}