{
    "2023-03-31": {
        "Tax Effect Of Unusual Items": NaN,
        "Tax Rate For Calcs": NaN,
        "Normalized EBITDA": NaN,
        "Net Income From Continuing Operation Net Minority Interest": NaN,
        "Reconciled Depreciation": NaN,
        "EBITDA": NaN,
        "EBIT": NaN,
        "Net Interest Income": NaN,
        "Interest Expense": NaN,
        "Interest Income": NaN,
        "Normalized Income": NaN,
        "Net Income From Continuing And Discontinued Operation": NaN,
        "Total Expenses": NaN,
        "Total Operating Income As Reported": NaN,
        "Diluted Average Shares": 21680877.0,
        "Basic Average Shares": 21680877.0,
        "Diluted EPS": -0.55,
        "Basic EPS": -0.55,
        "Diluted NI Availto Com Stockholders": NaN,
        "Net Income Common Stockholders": NaN,
        "Net Income": NaN,
        "Net Income Including Noncontrolling Interests": NaN,
        "Net Income Continuous Operations": NaN,
        "Tax Provision": NaN,
        "Pretax Income": NaN,
        "Net Non Operating Interest Income Expense": NaN,
        "Interest Expense Non Operating": NaN,
        "Interest Income Non Operating": NaN,
        "Operating Income": NaN,
        "Operating Expense": NaN,
        "Research And Development": NaN,
        "Selling General And Administration": NaN,
        "General And Administrative Expense": NaN,
        "Other Gand A": NaN,
        "Total Revenue": NaN,
        "Operating Revenue": NaN
    },
    "2022-12-31": {
        "Tax Effect Of Unusual Items": NaN,
        "Tax Rate For Calcs": NaN,
        "Normalized EBITDA": NaN,
        "Total Unusual Items": 0.0,
        "Total Unusual Items Excluding Goodwill": 0.0,
        "Net Income From Continuing Operation Net Minority Interest": NaN,
        "Reconciled Depreciation": NaN,
        "EBITDA": NaN,
        "EBIT": NaN,
        "Net Interest Income": NaN,
        "Interest Expense": NaN,
        "Interest Income": NaN,
        "Normalized Income": NaN,
        "Net Income From Continuing And Discontinued Operation": NaN,
        "Total Expenses": NaN,
        "Total Operating Income As Reported": NaN,
        "Diluted Average Shares": NaN,
        "Basic Average Shares": NaN,
        "Diluted EPS": NaN,
        "Basic EPS": NaN,
        "Diluted NI Availto Com Stockholders": NaN,
        "Net Income Common Stockholders": NaN,
        "Net Income": NaN,
        "Net Income Including Noncontrolling Interests": NaN,
        "Net Income Continuous Operations": NaN,
        "Tax Provision": NaN,
        "Pretax Income": NaN,
        "Special Income Charges": 0.0,
        "Gain On Sale Of Ppe": 0.0,
        "Net Non Operating Interest Income Expense": NaN,
        "Interest Expense Non Operating": NaN,
        "Interest Income Non Operating": NaN,
        "Operating Income": NaN,
        "Operating Expense": NaN,
        "Research And Development": NaN,
        "Selling General And Administration": NaN,
        "General And Administrative Expense": NaN,
        "Other Gand A": NaN,
        "Total Revenue": NaN,
        "Operating Revenue": NaN
    },
    "2022-09-30": {
        "Tax Effect Of Unusual Items": NaN,
        "Tax Rate For Calcs": NaN,
        "Normalized EBITDA": NaN,
        "Total Unusual Items": 0.0,
        "Total Unusual Items Excluding Goodwill": 0.0,
        "Net Income From Continuing Operation Net Minority Interest": NaN,
        "Reconciled Depreciation": NaN,
        "EBITDA": NaN,
        "EBIT": NaN,
        "Net Interest Income": NaN,
        "Interest Expense": NaN,
        "Interest Income": NaN,
        "Normalized Income": NaN,
        "Net Income From Continuing And Discontinued Operation": NaN,
        "Total Expenses": NaN,
        "Total Operating Income As Reported": NaN,
        "Diluted Average Shares": NaN,
        "Basic Average Shares": NaN,
        "Diluted EPS": NaN,
        "Basic EPS": NaN,
        "Diluted NI Availto Com Stockholders": NaN,
        "Net Income Common Stockholders": NaN,
        "Net Income": NaN,
        "Net Income Including Noncontrolling Interests": NaN,
        "Net Income Continuous Operations": NaN,
        "Tax Provision": NaN,
        "Pretax Income": NaN,
        "Special Income Charges": 0.0,
        "Gain On Sale Of Ppe": 0.0,
        "Net Non Operating Interest Income Expense": NaN,
        "Interest Expense Non Operating": NaN,
        "Interest Income Non Operating": NaN,
        "Operating Income": NaN,
        "Operating Expense": NaN,
        "Research And Development": NaN,
        "Selling General And Administration": NaN,
        "General And Administrative Expense": NaN,
        "Other Gand A": NaN,
        "Total Revenue": NaN,
        "Operating Revenue": NaN
    },
    "2022-06-30": {
        "Tax Effect Of Unusual Items": 0.0,
        "Tax Rate For Calcs": 0.0,
        "Normalized EBITDA": -9505081.0,
        "Total Unusual Items": 0.0,
        "Total Unusual Items Excluding Goodwill": 0.0,
        "Net Income From Continuing Operation Net Minority Interest": -9960526.0,
        "Reconciled Depreciation": 52447.0,
        "EBITDA": -9505081.0,
        "EBIT": -9505081.0,
        "Net Interest Income": -359799.0,
        "Interest Expense": 455445.0,
        "Interest Income": 95646.0,
        "Normalized Income": -9960526.0,
        "Net Income From Continuing And Discontinued Operation": -9960526.0,
        "Total Expenses": 9600727.0,
        "Total Operating Income As Reported": -9600727.0,
        "Diluted Average Shares": 14930538.0,
        "Basic Average Shares": 14930538.0,
        "Diluted EPS": -0.67,
        "Basic EPS": -0.67,
        "Diluted NI Availto Com Stockholders": -9960526.0,
        "Net Income Common Stockholders": -9960526.0,
        "Net Income": -9960526.0,
        "Net Income Including Noncontrolling Interests": -9960526.0,
        "Net Income Continuous Operations": -9960526.0,
        "Tax Provision": 0.0,
        "Pretax Income": -9960526.0,
        "Special Income Charges": 0.0,
        "Gain On Sale Of Ppe": 0.0,
        "Net Non Operating Interest Income Expense": -359799.0,
        "Interest Expense Non Operating": 455445.0,
        "Interest Income Non Operating": 95646.0,
        "Operating Income": -9600727.0,
        "Operating Expense": 9600727.0,
        "Research And Development": 8367687.0,
        "Selling General And Administration": 1233040.0,
        "General And Administrative Expense": 1233040.0,
        "Other Gand A": 1233040.0,
        "Total Revenue": 0.0,
        "Operating Revenue": 0.0
    },
    "2022-03-31": {
        "Diluted EPS": -0.53,
        "Total Revenue": NaN,
        "Gross Profit": NaN,
        "Operating Income": -8,
        "EBIT": -7,
        "Net Income": -8
    },
    "2021-12-31": {
        "Diluted EPS": -0.44,
        "Total Revenue": NaN,
        "Gross Profit": NaN,
        "Operating Income": -6,
        "EBIT": -6,
        "Net Income": -7
    },
    "2021-09-30": {
        "Diluted EPS": -0.41,
        "Total Revenue": NaN,
        "Gross Profit": NaN,
        "Operating Income": -6,
        "EBIT": -5,
        "Net Income": -6
    },
    "2021-06-30": {
        "Diluted EPS": -1.11,
        "Total Revenue": NaN,
        "Gross Profit": NaN,
        "Operating Income": -14,
        "EBIT": -13,
        "Net Income": -14
    },
    "2021-03-31": {
        "Diluted EPS": -0.25,
        "Total Revenue": NaN,
        "Gross Profit": NaN,
        "Operating Income": -3,
        "EBIT": -3,
        "Net Income": -3
    },
    "2020-12-31": {
        "Diluted EPS": -0.25,
        "Total Revenue": NaN,
        "Gross Profit": NaN,
        "Operating Income": -3,
        "EBIT": -2,
        "Net Income": -3
    },
    "2020-09-30": {
        "Diluted EPS": -0.24,
        "Total Revenue": NaN,
        "Gross Profit": NaN,
        "Operating Income": -2,
        "EBIT": -2,
        "Net Income": -2
    },
    "2020-06-30": {
        "Diluted EPS": -0.21,
        "Total Revenue": NaN,
        "Gross Profit": NaN,
        "Operating Income": -2,
        "EBIT": -2,
        "Net Income": -2
    },
    "2020-03-31": {
        "Diluted EPS": -0.22,
        "Total Revenue": NaN,
        "Gross Profit": NaN,
        "Operating Income": -2,
        "EBIT": -2,
        "Net Income": -2
    },
    "2019-12-31": {
        "Diluted EPS": -0.18,
        "Total Revenue": NaN,
        "Gross Profit": NaN,
        "Operating Income": -2,
        "EBIT": -2,
        "Net Income": -2
    },
    "2019-09-30": {
        "Diluted EPS": -0.19,
        "Total Revenue": NaN,
        "Gross Profit": NaN,
        "Operating Income": -2,
        "EBIT": -2,
        "Net Income": -2
    },
    "2019-06-30": {
        "Diluted EPS": -0.17,
        "Total Revenue": NaN,
        "Gross Profit": NaN,
        "Operating Income": -2,
        "EBIT": -2,
        "Net Income": -2
    },
    "2019-03-31": {
        "Diluted EPS": -0.18,
        "Total Revenue": NaN,
        "Gross Profit": NaN,
        "Operating Income": -2,
        "EBIT": -2,
        "Net Income": -2
    },
    "2018-12-31": {
        "Diluted EPS": -0.19,
        "Total Revenue": NaN,
        "Gross Profit": NaN,
        "Operating Income": -2,
        "EBIT": -2,
        "Net Income": -2
    },
    "2018-09-30": {
        "Diluted EPS": -0.18,
        "Total Revenue": NaN,
        "Gross Profit": NaN,
        "Operating Income": -2,
        "EBIT": -2,
        "Net Income": -2
    },
    "2018-06-30": {
        "Diluted EPS": -0.18,
        "Total Revenue": NaN,
        "Gross Profit": NaN,
        "Operating Income": -2,
        "EBIT": -2,
        "Net Income": -2
    },
    "2018-03-31": {
        "Diluted EPS": -0.19,
        "Total Revenue": NaN,
        "Gross Profit": NaN,
        "Operating Income": -2,
        "EBIT": -2,
        "Net Income": -2
    },
    "2017-12-31": {
        "Diluted EPS": -0.15,
        "Total Revenue": NaN,
        "Gross Profit": NaN,
        "Operating Income": -2,
        "EBIT": -2,
        "Net Income": -2
    },
    "2017-09-30": {
        "Diluted EPS": -0.26,
        "Total Revenue": NaN,
        "Gross Profit": NaN,
        "Operating Income": -2,
        "EBIT": -1,
        "Net Income": -2
    },
    "2017-06-30": {
        "Diluted EPS": -0.28,
        "Total Revenue": NaN,
        "Gross Profit": NaN,
        "Operating Income": -2,
        "EBIT": -2,
        "Net Income": -2
    },
    "2017-03-31": {
        "Diluted EPS": -0.15,
        "Total Revenue": NaN,
        "Gross Profit": NaN,
        "Operating Income": -1,
        "EBIT": -1,
        "Net Income": -1
    },
    "2016-12-31": {
        "Diluted EPS": 0.0,
        "Total Revenue": NaN,
        "Gross Profit": NaN,
        "Operating Income": NaN,
        "EBIT": NaN,
        "Net Income": NaN
    },
    "2016-09-30": {
        "Diluted EPS": -0.13,
        "Total Revenue": NaN,
        "Gross Profit": NaN,
        "Operating Income": -1,
        "EBIT": -1,
        "Net Income": -1
    },
    "2016-06-30": {
        "Diluted EPS": -0.13,
        "Total Revenue": NaN,
        "Gross Profit": NaN,
        "Operating Income": -1,
        "EBIT": -1,
        "Net Income": -1
    },
    "2015-12-31": {
        "Diluted EPS": 0.0,
        "Total Revenue": NaN,
        "Gross Profit": NaN,
        "Operating Income": NaN,
        "EBIT": NaN,
        "Net Income": NaN
    },
    "2023-06-30": {
        "Tax Effect Of Unusual Items": NaN,
        "Tax Rate For Calcs": NaN,
        "Normalized EBITDA": NaN,
        "Net Income From Continuing Operation Net Minority Interest": NaN,
        "Reconciled Depreciation": NaN,
        "EBITDA": NaN,
        "EBIT": NaN,
        "Net Interest Income": NaN,
        "Interest Expense": NaN,
        "Interest Income": NaN,
        "Normalized Income": NaN,
        "Net Income From Continuing And Discontinued Operation": NaN,
        "Total Expenses": NaN,
        "Total Operating Income As Reported": NaN,
        "Diluted Average Shares": 21957140.0,
        "Basic Average Shares": 21957140.0,
        "Diluted EPS": -0.66,
        "Basic EPS": -0.66,
        "Diluted NI Availto Com Stockholders": NaN,
        "Net Income Common Stockholders": NaN,
        "Net Income": NaN,
        "Net Income Including Noncontrolling Interests": NaN,
        "Net Income Continuous Operations": NaN,
        "Tax Provision": NaN,
        "Pretax Income": NaN,
        "Net Non Operating Interest Income Expense": NaN,
        "Interest Expense Non Operating": NaN,
        "Interest Income Non Operating": NaN,
        "Operating Income": NaN,
        "Operating Expense": NaN,
        "Research And Development": NaN,
        "Selling General And Administration": NaN,
        "General And Administrative Expense": NaN,
        "Other Gand A": NaN,
        "Total Revenue": NaN,
        "Operating Revenue": NaN
    },
    "2023-09-30": {
        "Tax Effect Of Unusual Items": NaN,
        "Tax Rate For Calcs": NaN,
        "Normalized EBITDA": NaN,
        "Net Income From Continuing Operation Net Minority Interest": NaN,
        "Reconciled Depreciation": NaN,
        "EBITDA": NaN,
        "EBIT": NaN,
        "Net Interest Income": NaN,
        "Interest Expense": NaN,
        "Interest Income": NaN,
        "Normalized Income": NaN,
        "Net Income From Continuing And Discontinued Operation": NaN,
        "Total Expenses": NaN,
        "Total Operating Income As Reported": NaN,
        "Diluted Average Shares": 22117626.0,
        "Basic Average Shares": 22117626.0,
        "Diluted EPS": -0.83,
        "Basic EPS": -0.83,
        "Diluted NI Availto Com Stockholders": NaN,
        "Net Income Common Stockholders": NaN,
        "Net Income": NaN,
        "Net Income Including Noncontrolling Interests": NaN,
        "Net Income Continuous Operations": NaN,
        "Tax Provision": NaN,
        "Pretax Income": NaN,
        "Net Non Operating Interest Income Expense": NaN,
        "Interest Expense Non Operating": NaN,
        "Interest Income Non Operating": NaN,
        "Operating Income": NaN,
        "Operating Expense": NaN,
        "Research And Development": NaN,
        "Selling General And Administration": NaN,
        "General And Administrative Expense": NaN,
        "Other Gand A": NaN,
        "Total Revenue": NaN,
        "Operating Revenue": NaN
    },
    "2023-12-31": {
        "Tax Effect Of Unusual Items": 0.0,
        "Tax Rate For Calcs": 0.0,
        "Normalized EBITDA": -17423277.0,
        "Net Income From Continuing Operation Net Minority Interest": -18848472.0,
        "Reconciled Depreciation": 27948.0,
        "EBITDA": -17423277.0,
        "EBIT": -17451225.0,
        "Net Interest Income": 880800.0,
        "Interest Expense": 1397247.0,
        "Interest Income": 2278047.0,
        "Normalized Income": -18848472.0,
        "Net Income From Continuing And Discontinued Operation": -18848472.0,
        "Total Expenses": 19729272.0,
        "Total Operating Income As Reported": -19729272.0,
        "Diluted Average Shares": NaN,
        "Basic Average Shares": NaN,
        "Diluted EPS": NaN,
        "Basic EPS": NaN,
        "Diluted NI Availto Com Stockholders": -18848472.0,
        "Net Income Common Stockholders": -18848472.0,
        "Net Income": -18848472.0,
        "Net Income Including Noncontrolling Interests": -18848472.0,
        "Net Income Continuous Operations": -18848472.0,
        "Tax Provision": 0.0,
        "Pretax Income": -18848472.0,
        "Net Non Operating Interest Income Expense": 880800.0,
        "Interest Expense Non Operating": 1397247.0,
        "Interest Income Non Operating": 2278047.0,
        "Operating Income": -19729272.0,
        "Operating Expense": 19729272.0,
        "Research And Development": 18081194.0,
        "Selling General And Administration": 1648078.0,
        "General And Administrative Expense": 1648078.0,
        "Other Gand A": 1648078.0,
        "Total Revenue": 0.0,
        "Operating Revenue": 0.0
    },
    "2024-03-31": {
        "Tax Effect Of Unusual Items": 0.0,
        "Tax Rate For Calcs": 0.0,
        "Normalized EBITDA": -20181000.0,
        "Net Income From Continuing Operation Net Minority Interest": -21612000.0,
        "Reconciled Depreciation": 30000.0,
        "EBITDA": -20181000.0,
        "EBIT": -20211000.0,
        "Net Interest Income": 881000.0,
        "Interest Expense": 1401000.0,
        "Interest Income": 2282000.0,
        "Normalized Income": -21612000.0,
        "Net Income From Continuing And Discontinued Operation": -21612000.0,
        "Total Expenses": 22493000.0,
        "Total Operating Income As Reported": -22493000.0,
        "Diluted Average Shares": 33612054.0,
        "Basic Average Shares": 33612054.0,
        "Diluted EPS": -0.64,
        "Basic EPS": -0.64,
        "Diluted NI Availto Com Stockholders": -21612000.0,
        "Net Income Common Stockholders": -21612000.0,
        "Net Income": -21612000.0,
        "Net Income Including Noncontrolling Interests": -21612000.0,
        "Net Income Continuous Operations": -21612000.0,
        "Tax Provision": 0.0,
        "Pretax Income": -21612000.0,
        "Net Non Operating Interest Income Expense": 881000.0,
        "Interest Expense Non Operating": 1401000.0,
        "Interest Income Non Operating": 2282000.0,
        "Operating Income": -22493000.0,
        "Operating Expense": 22493000.0,
        "Research And Development": 20647000.0,
        "Selling General And Administration": 1846000.0,
        "General And Administrative Expense": 1846000.0,
        "Other Gand A": 1846000.0,
        "Total Revenue": 0.0,
        "Operating Revenue": 0.0
    },
    "2024-06-30": {
        "Tax Effect Of Unusual Items": 0.0,
        "Tax Rate For Calcs": 0.0,
        "Normalized EBITDA": -21431000.0,
        "Net Income From Continuing Operation Net Minority Interest": -23722000.0,
        "Reconciled Depreciation": 31000.0,
        "EBITDA": -21431000.0,
        "EBIT": -21462000.0,
        "Net Interest Income": 562000.0,
        "Interest Expense": 2260000.0,
        "Interest Income": 2822000.0,
        "Normalized Income": -23722000.0,
        "Net Income From Continuing And Discontinued Operation": -23722000.0,
        "Total Expenses": 24284000.0,
        "Total Operating Income As Reported": -24284000.0,
        "Diluted Average Shares": 38444163.0,
        "Basic Average Shares": 38444163.0,
        "Diluted EPS": -0.62,
        "Basic EPS": -0.62,
        "Diluted NI Availto Com Stockholders": -23722000.0,
        "Net Income Common Stockholders": -23722000.0,
        "Net Income": -23722000.0,
        "Net Income Including Noncontrolling Interests": -23722000.0,
        "Net Income Continuous Operations": -23722000.0,
        "Tax Provision": 0.0,
        "Pretax Income": -23722000.0,
        "Net Non Operating Interest Income Expense": 562000.0,
        "Interest Expense Non Operating": 2260000.0,
        "Interest Income Non Operating": 2822000.0,
        "Operating Income": -24284000.0,
        "Operating Expense": 24284000.0,
        "Research And Development": 22498000.0,
        "Selling General And Administration": 1786000.0,
        "General And Administrative Expense": 1786000.0,
        "Other Gand A": 1786000.0,
        "Total Revenue": 0.0,
        "Operating Revenue": 0.0
    },
    "2024-09-30": {
        "Tax Effect Of Unusual Items": 0.0,
        "Tax Rate For Calcs": 0.0,
        "Normalized EBITDA": -26414107.0,
        "Net Income From Continuing Operation Net Minority Interest": -29791789.0,
        "Reconciled Depreciation": 33693.0,
        "EBITDA": -26414107.0,
        "EBIT": -26447800.0,
        "Net Interest Income": 268110.0,
        "Interest Expense": 3343989.0,
        "Interest Income": 3612099.0,
        "Normalized Income": -29791789.0,
        "Net Income From Continuing And Discontinued Operation": -29791789.0,
        "Total Expenses": 30059899.0,
        "Total Operating Income As Reported": -30059899.0,
        "Diluted Average Shares": 42793047.0,
        "Basic Average Shares": 42793047.0,
        "Diluted EPS": -0.7,
        "Basic EPS": -0.7,
        "Diluted NI Availto Com Stockholders": -29791789.0,
        "Net Income Common Stockholders": -29791789.0,
        "Net Income": -29791789.0,
        "Net Income Including Noncontrolling Interests": -29791789.0,
        "Net Income Continuous Operations": -29791789.0,
        "Tax Provision": 0.0,
        "Pretax Income": -29791789.0,
        "Net Non Operating Interest Income Expense": 268110.0,
        "Interest Expense Non Operating": 3343989.0,
        "Interest Income Non Operating": 3612099.0,
        "Operating Income": -30059899.0,
        "Operating Expense": 30059899.0,
        "Research And Development": 27587483.0,
        "Selling General And Administration": 2472416.0,
        "General And Administrative Expense": 2472416.0,
        "Other Gand A": 2472416.0,
        "Total Revenue": 0.0,
        "Operating Revenue": 0.0
    },
    "2024-12-31": {
        "Tax Effect Of Unusual Items": 0.0,
        "Tax Rate For Calcs": 0.0,
        "Normalized EBITDA": -33342626.0,
        "Net Income From Continuing Operation Net Minority Interest": -36653041.0,
        "Reconciled Depreciation": 35254.0,
        "EBITDA": -33342626.0,
        "EBIT": -33377880.0,
        "Net Interest Income": -222910.0,
        "Interest Expense": 3275161.0,
        "Interest Income": 3052251.0,
        "Normalized Income": -36653041.0,
        "Net Income From Continuing And Discontinued Operation": -36653041.0,
        "Total Expenses": 36430131.0,
        "Total Operating Income As Reported": -36430131.0,
        "Diluted Average Shares": 42873934.0,
        "Basic Average Shares": 42873934.0,
        "Diluted EPS": -0.85,
        "Basic EPS": -0.85,
        "Diluted NI Availto Com Stockholders": -36653041.0,
        "Net Income Common Stockholders": -36653041.0,
        "Net Income": -36653041.0,
        "Net Income Including Noncontrolling Interests": -36653041.0,
        "Net Income Continuous Operations": -36653041.0,
        "Tax Provision": 0.0,
        "Pretax Income": -36653041.0,
        "Net Non Operating Interest Income Expense": -222910.0,
        "Interest Expense Non Operating": 3275161.0,
        "Interest Income Non Operating": 3052251.0,
        "Operating Income": -36430131.0,
        "Operating Expense": 36430131.0,
        "Research And Development": 33471213.0,
        "Selling General And Administration": 2958918.0,
        "General And Administrative Expense": 2958918.0,
        "Other Gand A": 2958918.0,
        "Total Revenue": 0.0,
        "Operating Revenue": 0.0
    },
    "2025-03-31": {
        "Tax Effect Of Unusual Items": 0.0,
        "Tax Rate For Calcs": 0.0,
        "Normalized EBITDA": -33777000.0,
        "Net Income From Continuing Operation Net Minority Interest": -36997000.0,
        "Reconciled Depreciation": 37000.0,
        "EBITDA": -33777000.0,
        "EBIT": -33814000.0,
        "Net Interest Income": -864000.0,
        "Interest Expense": 3183000.0,
        "Interest Income": 2319000.0,
        "Normalized Income": -36997000.0,
        "Net Income From Continuing And Discontinued Operation": -36997000.0,
        "Total Expenses": 36133000.0,
        "Total Operating Income As Reported": -36133000.0,
        "Diluted Average Shares": 43052757.0,
        "Basic Average Shares": 43052757.0,
        "Diluted EPS": -0.86,
        "Basic EPS": -0.86,
        "Diluted NI Availto Com Stockholders": -36997000.0,
        "Net Income Common Stockholders": -36997000.0,
        "Net Income": -36997000.0,
        "Net Income Including Noncontrolling Interests": -36997000.0,
        "Net Income Continuous Operations": -36997000.0,
        "Tax Provision": 0.0,
        "Pretax Income": -36997000.0,
        "Net Non Operating Interest Income Expense": -864000.0,
        "Interest Expense Non Operating": 3183000.0,
        "Interest Income Non Operating": 2319000.0,
        "Operating Income": -36133000.0,
        "Operating Expense": 36133000.0,
        "Research And Development": 32227000.0,
        "Selling General And Administration": 3906000.0,
        "General And Administrative Expense": 3906000.0,
        "Other Gand A": 3906000.0,
        "Total Revenue": 0.0,
        "Operating Revenue": 0.0
    },
    "2025-06-30": {
        "Tax Effect Of Unusual Items": 0.0,
        "Tax Rate For Calcs": 0.0,
        "Normalized EBITDA": -42024000.0,
        "Net Income From Continuing Operation Net Minority Interest": -45268000.0,
        "Reconciled Depreciation": 40000.0,
        "EBITDA": -42024000.0,
        "EBIT": -42064000.0,
        "Net Interest Income": -1259000.0,
        "Interest Expense": 3204000.0,
        "Interest Income": 1945000.0,
        "Normalized Income": -45268000.0,
        "Net Income From Continuing And Discontinued Operation": -45268000.0,
        "Total Expenses": 44009000.0,
        "Total Operating Income As Reported": -44009000.0,
        "Diluted Average Shares": 43663364.0,
        "Basic Average Shares": 43663364.0,
        "Diluted EPS": -1.04,
        "Basic EPS": -1.04,
        "Diluted NI Availto Com Stockholders": -45268000.0,
        "Net Income Common Stockholders": -45268000.0,
        "Net Income": -45268000.0,
        "Net Income Including Noncontrolling Interests": -45268000.0,
        "Net Income Continuous Operations": -45268000.0,
        "Tax Provision": 0.0,
        "Pretax Income": -45268000.0,
        "Net Non Operating Interest Income Expense": -1259000.0,
        "Interest Expense Non Operating": 3204000.0,
        "Interest Income Non Operating": 1945000.0,
        "Operating Income": -44009000.0,
        "Operating Expense": 44009000.0,
        "Research And Development": 40222000.0,
        "Selling General And Administration": 3787000.0,
        "General And Administrative Expense": 3787000.0,
        "Other Gand A": 3787000.0,
        "Total Revenue": 0.0,
        "Operating Revenue": 0.0
    }
}