{
    "2023-03-31": {
        "Tax Effect Of Unusual Items": NaN,
        "Tax Rate For Calcs": NaN,
        "Normalized EBITDA": NaN,
        "Total Unusual Items": NaN,
        "Total Unusual Items Excluding Goodwill": NaN,
        "Net Income From Continuing Operation Net Minority Interest": NaN,
        "Reconciled Depreciation": NaN,
        "Reconciled Cost Of Revenue": NaN,
        "EBITDA": NaN,
        "EBIT": NaN,
        "Net Interest Income": NaN,
        "Interest Expense": NaN,
        "Interest Income": NaN,
        "Normalized Income": NaN,
        "Net Income From Continuing And Discontinued Operation": NaN,
        "Total Expenses": NaN,
        "Total Operating Income As Reported": NaN,
        "Diluted Average Shares": NaN,
        "Basic Average Shares": NaN,
        "Diluted EPS": NaN,
        "Basic EPS": NaN,
        "Diluted NI Availto Com Stockholders": NaN,
        "Net Income Common Stockholders": NaN,
        "Net Income": NaN,
        "Net Income Including Noncontrolling Interests": NaN,
        "Net Income Continuous Operations": NaN,
        "Tax Provision": NaN,
        "Pretax Income": NaN,
        "Other Income Expense": NaN,
        "Other Non Operating Income Expenses": NaN,
        "Special Income Charges": NaN,
        "Other Special Charges": 23675000.0,
        "Write Off": NaN,
        "Impairment Of Capital Assets": NaN,
        "Restructuring And Mergern Acquisition": NaN,
        "Gain On Sale Of Security": NaN,
        "Net Non Operating Interest Income Expense": NaN,
        "Interest Expense Non Operating": NaN,
        "Interest Income Non Operating": NaN,
        "Operating Income": NaN,
        "Operating Expense": NaN,
        "Other Operating Expenses": 23675000.0,
        "Depreciation Amortization Depletion Income Statement": NaN,
        "Depreciation And Amortization In Income Statement": NaN,
        "Amortization": NaN,
        "Amortization Of Intangibles Income Statement": NaN,
        "Research And Development": NaN,
        "Selling General And Administration": NaN,
        "Gross Profit": NaN,
        "Cost Of Revenue": NaN,
        "Total Revenue": NaN,
        "Operating Revenue": NaN
    },
    "2022-12-31": {
        "Tax Effect Of Unusual Items": 31757.925308,
        "Tax Rate For Calcs": 0.000532,
        "Normalized EBITDA": -32836000.0,
        "Total Unusual Items": 59722000.0,
        "Total Unusual Items Excluding Goodwill": 59722000.0,
        "Net Income From Continuing Operation Net Minority Interest": 24434000.0,
        "Reconciled Depreciation": 2439000.0,
        "Reconciled Cost Of Revenue": 3361000.0,
        "EBITDA": 26886000.0,
        "EBIT": 24447000.0,
        "Net Interest Income": 210000.0,
        "Interest Expense": 0.0,
        "Interest Income": 210000.0,
        "Normalized Income": -35256242.074692,
        "Net Income From Continuing And Discontinued Operation": 24434000.0,
        "Total Expenses": 35870000.0,
        "Total Operating Income As Reported": 17485000.0,
        "Diluted Average Shares": NaN,
        "Basic Average Shares": NaN,
        "Diluted EPS": NaN,
        "Basic EPS": NaN,
        "Diluted NI Availto Com Stockholders": 24434000.0,
        "Net Income Common Stockholders": 24434000.0,
        "Net Income": 24434000.0,
        "Net Income Including Noncontrolling Interests": 24434000.0,
        "Net Income Continuous Operations": 24434000.0,
        "Tax Provision": 13000.0,
        "Pretax Income": 24447000.0,
        "Other Income Expense": 55978000.0,
        "Other Non Operating Income Expenses": -3744000.0,
        "Special Income Charges": 49226000.0,
        "Write Off": NaN,
        "Impairment Of Capital Assets": NaN,
        "Restructuring And Mergern Acquisition": -52836000.0,
        "Gain On Sale Of Security": 10496000.0,
        "Net Non Operating Interest Income Expense": 210000.0,
        "Interest Expense Non Operating": 0.0,
        "Interest Income Non Operating": 210000.0,
        "Operating Income": -31741000.0,
        "Operating Expense": 30623000.0,
        "Other Operating Expenses": NaN,
        "Depreciation Amortization Depletion Income Statement": 553000.0,
        "Depreciation And Amortization In Income Statement": 553000.0,
        "Amortization": 553000.0,
        "Amortization Of Intangibles Income Statement": 553000.0,
        "Research And Development": 10990000.0,
        "Selling General And Administration": 19080000.0,
        "Gross Profit": -1118000.0,
        "Cost Of Revenue": 5247000.0,
        "Total Revenue": 4129000.0,
        "Operating Revenue": 4129000.0
    },
    "2022-09-30": {
        "Tax Effect Of Unusual Items": 8940960.0,
        "Tax Rate For Calcs": 0.21,
        "Normalized EBITDA": -35400000.0,
        "Total Unusual Items": 42576000.0,
        "Total Unusual Items Excluding Goodwill": 42576000.0,
        "Net Income From Continuing Operation Net Minority Interest": 4799000.0,
        "Reconciled Depreciation": 2394000.0,
        "Reconciled Cost Of Revenue": 5372000.0,
        "EBITDA": 7176000.0,
        "EBIT": 4782000.0,
        "Net Interest Income": 108000.0,
        "Interest Expense": 0.0,
        "Interest Income": 108000.0,
        "Normalized Income": -28836040.0,
        "Net Income From Continuing And Discontinued Operation": 4799000.0,
        "Total Expenses": 43024000.0,
        "Total Operating Income As Reported": -5646000.0,
        "Diluted Average Shares": 15054626.0,
        "Basic Average Shares": 14267695.0,
        "Diluted EPS": 0.3,
        "Basic EPS": 0.3,
        "Diluted NI Availto Com Stockholders": 4799000.0,
        "Net Income Common Stockholders": 4799000.0,
        "Net Income": 4799000.0,
        "Net Income Including Noncontrolling Interests": 4799000.0,
        "Net Income Continuous Operations": 4799000.0,
        "Tax Provision": -17000.0,
        "Pretax Income": 4782000.0,
        "Other Income Expense": 43563000.0,
        "Other Non Operating Income Expenses": 987000.0,
        "Special Income Charges": 33243000.0,
        "Write Off": 0.0,
        "Impairment Of Capital Assets": 0.0,
        "Restructuring And Mergern Acquisition": -33243000.0,
        "Gain On Sale Of Security": 9333000.0,
        "Net Non Operating Interest Income Expense": 108000.0,
        "Interest Expense Non Operating": 0.0,
        "Interest Income Non Operating": 108000.0,
        "Operating Income": -38889000.0,
        "Operating Expense": 35811000.0,
        "Other Operating Expenses": NaN,
        "Depreciation Amortization Depletion Income Statement": 553000.0,
        "Depreciation And Amortization In Income Statement": 553000.0,
        "Amortization": 553000.0,
        "Amortization Of Intangibles Income Statement": 553000.0,
        "Research And Development": 20351000.0,
        "Selling General And Administration": 14907000.0,
        "Gross Profit": -3078000.0,
        "Cost Of Revenue": 7213000.0,
        "Total Revenue": 4135000.0,
        "Operating Revenue": 4135000.0
    },
    "2022-06-30": {
        "Tax Effect Of Unusual Items": 31360.972347,
        "Tax Rate For Calcs": 0.000355,
        "Normalized EBITDA": -38097000.0,
        "Total Unusual Items": 88259000.0,
        "Total Unusual Items Excluding Goodwill": 88259000.0,
        "Net Income From Continuing Operation Net Minority Interest": 47826000.0,
        "Reconciled Depreciation": 2319000.0,
        "Reconciled Cost Of Revenue": 1406000.0,
        "EBITDA": 50162000.0,
        "EBIT": 47843000.0,
        "Net Interest Income": 41000.0,
        "Interest Expense": 0.0,
        "Interest Income": 41000.0,
        "Normalized Income": -40401639.027653,
        "Net Income From Continuing And Discontinued Operation": 47826000.0,
        "Total Expenses": 44648000.0,
        "Total Operating Income As Reported": 4175000.0,
        "Diluted Average Shares": 151311780.0,
        "Basic Average Shares": 140152245.0,
        "Diluted EPS": 0.32,
        "Basic EPS": 0.34,
        "Diluted NI Availto Com Stockholders": 47826000.0,
        "Net Income Common Stockholders": 47826000.0,
        "Net Income": 47826000.0,
        "Net Income Including Noncontrolling Interests": 47826000.0,
        "Net Income Continuous Operations": 47826000.0,
        "Tax Provision": 17000.0,
        "Pretax Income": 47843000.0,
        "Other Income Expense": 88674000.0,
        "Other Non Operating Income Expenses": 415000.0,
        "Special Income Charges": 45047000.0,
        "Impairment Of Capital Assets": NaN,
        "Restructuring And Mergern Acquisition": -45047000.0,
        "Gain On Sale Of Security": 43212000.0,
        "Net Non Operating Interest Income Expense": 41000.0,
        "Interest Expense Non Operating": 0.0,
        "Interest Income Non Operating": 41000.0,
        "Operating Income": -40872000.0,
        "Operating Expense": 41469000.0,
        "Depreciation Amortization Depletion Income Statement": 546000.0,
        "Depreciation And Amortization In Income Statement": 546000.0,
        "Amortization": 546000.0,
        "Amortization Of Intangibles Income Statement": 546000.0,
        "Research And Development": 25349000.0,
        "Selling General And Administration": 15574000.0,
        "Gross Profit": 597000.0,
        "Cost Of Revenue": 3179000.0,
        "Total Revenue": 3776000.0,
        "Operating Revenue": 3776000.0
    },
    "2022-03-31": {
        "Diluted EPS": -0.48,
        "Total Revenue": 6,
        "Gross Profit": 2,
        "Operating Income": -42,
        "EBIT": -39,
        "Net Income": -63
    },
    "2021-12-31": {
        "Diluted EPS": 4.2,
        "Total Revenue": 5,
        "Gross Profit": 0,
        "Operating Income": -15,
        "EBIT": -12,
        "Net Income": -4
    },
    "2021-09-30": {
        "Diluted EPS": 0.4,
        "Total Revenue": 11,
        "Gross Profit": 8,
        "Operating Income": 11,
        "EBIT": 13,
        "Net Income": 50
    },
    "2021-06-30": {
        "Diluted EPS": -2.69,
        "Total Revenue": 3,
        "Gross Profit": 2,
        "Operating Income": -61,
        "EBIT": -59,
        "Net Income": -64
    },
    "2021-03-31": {
        "Diluted EPS": -3.4,
        "Total Revenue": 3,
        "Gross Profit": 1,
        "Operating Income": -44,
        "EBIT": -42,
        "Net Income": -82
    },
    "2020-12-31": {
        "Diluted EPS": -8.07,
        "Total Revenue": 11,
        "Gross Profit": 7,
        "Operating Income": -147,
        "EBIT": -145,
        "Net Income": -156
    },
    "2020-09-30": {
        "Diluted EPS": -2.52,
        "Total Revenue": 3,
        "Gross Profit": 2,
        "Operating Income": -5,
        "EBIT": -5,
        "Net Income": -46
    },
    "2020-06-30": {
        "Diluted EPS": -1.23,
        "Total Revenue": NaN,
        "Gross Profit": NaN,
        "Operating Income": 0,
        "EBIT": 0,
        "Net Income": -12
    },
    "2020-03-31": {
        "Diluted EPS": 0.51,
        "Total Revenue": NaN,
        "Gross Profit": NaN,
        "Operating Income": 0,
        "EBIT": 0,
        "Net Income": 6
    },
    "2019-12-31": {
        "Diluted EPS": 0.38,
        "Total Revenue": NaN,
        "Gross Profit": NaN,
        "Operating Income": -1,
        "EBIT": -1,
        "Net Income": 4
    },
    "2019-09-30": {
        "Diluted EPS": -0.01,
        "Total Revenue": NaN,
        "Gross Profit": NaN,
        "Operating Income": 0,
        "EBIT": 0,
        "Net Income": 1
    },
    "2019-06-30": {
        "Diluted EPS": 0.0,
        "Total Revenue": NaN,
        "Gross Profit": NaN,
        "Operating Income": 0,
        "EBIT": 0,
        "Net Income": 1
    },
    "2019-03-31": {
        "Diluted EPS": 0.0,
        "Total Revenue": NaN,
        "Gross Profit": NaN,
        "Operating Income": 0,
        "EBIT": 0,
        "Net Income": 0
    },
    "2018-12-31": {
        "Diluted EPS": 0.0,
        "Total Revenue": NaN,
        "Gross Profit": NaN,
        "Operating Income": NaN,
        "EBIT": NaN,
        "Net Income": NaN
    },
    "2018-09-30": {
        "Diluted EPS": 0.0,
        "Total Revenue": NaN,
        "Gross Profit": NaN,
        "Operating Income": NaN,
        "EBIT": NaN,
        "Net Income": NaN
    },
    "2023-06-30": {
        "Tax Effect Of Unusual Items": NaN,
        "Tax Rate For Calcs": NaN,
        "Normalized EBITDA": NaN,
        "Total Unusual Items": NaN,
        "Total Unusual Items Excluding Goodwill": NaN,
        "Net Income From Continuing Operation Net Minority Interest": NaN,
        "Reconciled Depreciation": NaN,
        "Reconciled Cost Of Revenue": NaN,
        "EBITDA": NaN,
        "EBIT": NaN,
        "Net Interest Income": NaN,
        "Interest Expense": NaN,
        "Interest Income": NaN,
        "Normalized Income": NaN,
        "Net Income From Continuing And Discontinued Operation": NaN,
        "Total Expenses": NaN,
        "Total Operating Income As Reported": NaN,
        "Diluted Average Shares": 17656390.0,
        "Basic Average Shares": 17656390.0,
        "Diluted EPS": -2.72,
        "Basic EPS": -2.72,
        "Diluted NI Availto Com Stockholders": NaN,
        "Net Income Common Stockholders": NaN,
        "Net Income": NaN,
        "Net Income Including Noncontrolling Interests": NaN,
        "Net Income Continuous Operations": NaN,
        "Tax Provision": NaN,
        "Pretax Income": NaN,
        "Other Income Expense": NaN,
        "Other Non Operating Income Expenses": NaN,
        "Special Income Charges": NaN,
        "Other Special Charges": 243000.0,
        "Write Off": 107800000.0,
        "Impairment Of Capital Assets": NaN,
        "Restructuring And Mergern Acquisition": NaN,
        "Gain On Sale Of Security": NaN,
        "Net Non Operating Interest Income Expense": NaN,
        "Interest Expense Non Operating": NaN,
        "Interest Income Non Operating": NaN,
        "Operating Income": NaN,
        "Operating Expense": NaN,
        "Other Operating Expenses": 243000.0,
        "Depreciation Amortization Depletion Income Statement": NaN,
        "Depreciation And Amortization In Income Statement": NaN,
        "Amortization": NaN,
        "Amortization Of Intangibles Income Statement": NaN,
        "Research And Development": NaN,
        "Selling General And Administration": NaN,
        "Gross Profit": NaN,
        "Cost Of Revenue": NaN,
        "Total Revenue": NaN,
        "Operating Revenue": NaN
    },
    "2023-09-30": {
        "Tax Effect Of Unusual Items": NaN,
        "Tax Rate For Calcs": NaN,
        "Normalized EBITDA": NaN,
        "Total Unusual Items": NaN,
        "Total Unusual Items Excluding Goodwill": NaN,
        "Net Income From Continuing Operation Net Minority Interest": NaN,
        "Reconciled Depreciation": NaN,
        "Reconciled Cost Of Revenue": NaN,
        "EBITDA": NaN,
        "EBIT": NaN,
        "Net Interest Income": NaN,
        "Interest Expense": NaN,
        "Interest Income": NaN,
        "Normalized Income": NaN,
        "Net Income From Continuing And Discontinued Operation": NaN,
        "Total Expenses": NaN,
        "Total Operating Income As Reported": NaN,
        "Diluted Average Shares": 18831713.0,
        "Basic Average Shares": 18831713.0,
        "Diluted EPS": -4.98,
        "Basic EPS": -4.98,
        "Diluted NI Availto Com Stockholders": NaN,
        "Net Income Common Stockholders": NaN,
        "Net Income": NaN,
        "Net Income Including Noncontrolling Interests": NaN,
        "Net Income Continuous Operations": NaN,
        "Tax Provision": NaN,
        "Pretax Income": NaN,
        "Other Income Expense": NaN,
        "Other Non Operating Income Expenses": NaN,
        "Special Income Charges": NaN,
        "Other Special Charges": 243000.0,
        "Write Off": 0.0,
        "Impairment Of Capital Assets": NaN,
        "Restructuring And Mergern Acquisition": NaN,
        "Gain On Sale Of Security": NaN,
        "Net Non Operating Interest Income Expense": NaN,
        "Interest Expense Non Operating": NaN,
        "Interest Income Non Operating": NaN,
        "Operating Income": NaN,
        "Operating Expense": NaN,
        "Other Operating Expenses": 243000.0,
        "Depreciation Amortization Depletion Income Statement": NaN,
        "Depreciation And Amortization In Income Statement": NaN,
        "Amortization": NaN,
        "Amortization Of Intangibles Income Statement": NaN,
        "Research And Development": NaN,
        "Selling General And Administration": NaN,
        "Gross Profit": NaN,
        "Cost Of Revenue": NaN,
        "Total Revenue": NaN,
        "Operating Revenue": NaN
    },
    "2023-12-31": {
        "Tax Effect Of Unusual Items": NaN,
        "Tax Rate For Calcs": NaN,
        "Normalized EBITDA": NaN,
        "Total Unusual Items": NaN,
        "Total Unusual Items Excluding Goodwill": NaN,
        "Net Income From Continuing Operation Net Minority Interest": NaN,
        "Reconciled Depreciation": NaN,
        "Reconciled Cost Of Revenue": NaN,
        "EBITDA": NaN,
        "EBIT": NaN,
        "Net Interest Income": NaN,
        "Interest Expense": NaN,
        "Interest Income": NaN,
        "Normalized Income": NaN,
        "Net Income From Continuing And Discontinued Operation": NaN,
        "Total Expenses": NaN,
        "Total Operating Income As Reported": NaN,
        "Diluted Average Shares": NaN,
        "Basic Average Shares": NaN,
        "Diluted EPS": NaN,
        "Basic EPS": NaN,
        "Diluted NI Availto Com Stockholders": NaN,
        "Net Income Common Stockholders": NaN,
        "Net Income": NaN,
        "Net Income Including Noncontrolling Interests": NaN,
        "Net Income Continuous Operations": NaN,
        "Tax Provision": NaN,
        "Pretax Income": NaN,
        "Other Income Expense": NaN,
        "Other Non Operating Income Expenses": NaN,
        "Special Income Charges": NaN,
        "Other Special Charges": NaN,
        "Write Off": 0.0,
        "Impairment Of Capital Assets": 0.0,
        "Restructuring And Mergern Acquisition": 0.0,
        "Gain On Sale Of Security": NaN,
        "Net Non Operating Interest Income Expense": NaN,
        "Interest Expense Non Operating": NaN,
        "Interest Income Non Operating": NaN,
        "Operating Income": NaN,
        "Operating Expense": NaN,
        "Depreciation Amortization Depletion Income Statement": NaN,
        "Depreciation And Amortization In Income Statement": NaN,
        "Amortization": NaN,
        "Amortization Of Intangibles Income Statement": NaN,
        "Research And Development": NaN,
        "Selling General And Administration": NaN,
        "Gross Profit": NaN,
        "Cost Of Revenue": NaN,
        "Total Revenue": NaN,
        "Operating Revenue": NaN
    },
    "2024-03-31": {
        "Tax Effect Of Unusual Items": NaN,
        "Tax Rate For Calcs": NaN,
        "Normalized EBITDA": NaN,
        "Total Unusual Items": NaN,
        "Total Unusual Items Excluding Goodwill": NaN,
        "Net Income From Continuing Operation Net Minority Interest": NaN,
        "Reconciled Depreciation": NaN,
        "Reconciled Cost Of Revenue": NaN,
        "EBITDA": NaN,
        "EBIT": NaN,
        "Net Interest Income": NaN,
        "Interest Expense": NaN,
        "Interest Income": NaN,
        "Normalized Income": NaN,
        "Net Income From Continuing And Discontinued Operation": NaN,
        "Total Expenses": NaN,
        "Total Operating Income As Reported": NaN,
        "Diluted Average Shares": 21440980.0,
        "Basic Average Shares": 21440980.0,
        "Diluted EPS": -1.03,
        "Basic EPS": -1.03,
        "Diluted NI Availto Com Stockholders": NaN,
        "Net Income Common Stockholders": NaN,
        "Net Income": NaN,
        "Net Income Including Noncontrolling Interests": NaN,
        "Net Income Continuous Operations": NaN,
        "Tax Provision": NaN,
        "Pretax Income": NaN,
        "Other Income Expense": NaN,
        "Other Non Operating Income Expenses": NaN,
        "Special Income Charges": NaN,
        "Other Special Charges": 3908000.0,
        "Write Off": NaN,
        "Impairment Of Capital Assets": 0.0,
        "Restructuring And Mergern Acquisition": 0.0,
        "Gain On Sale Of Security": NaN,
        "Net Non Operating Interest Income Expense": NaN,
        "Interest Expense Non Operating": NaN,
        "Interest Income Non Operating": NaN,
        "Operating Income": NaN,
        "Operating Expense": NaN,
        "Depreciation Amortization Depletion Income Statement": NaN,
        "Depreciation And Amortization In Income Statement": NaN,
        "Amortization": NaN,
        "Amortization Of Intangibles Income Statement": NaN,
        "Research And Development": NaN,
        "Selling General And Administration": NaN,
        "Gross Profit": NaN,
        "Cost Of Revenue": NaN,
        "Total Revenue": NaN,
        "Operating Revenue": NaN
    },
    "2024-06-30": {
        "Tax Effect Of Unusual Items": 0.0,
        "Tax Rate For Calcs": 0.0,
        "Normalized EBITDA": -9945000.0,
        "Total Unusual Items": 7005000.0,
        "Total Unusual Items Excluding Goodwill": 7005000.0,
        "Net Income From Continuing Operation Net Minority Interest": -6488000.0,
        "Reconciled Depreciation": 1996000.0,
        "Reconciled Cost Of Revenue": 583000.0,
        "EBITDA": -2940000.0,
        "EBIT": -4936000.0,
        "Net Interest Income": -1485000.0,
        "Interest Expense": 1552000.0,
        "Interest Income": 67000.0,
        "Normalized Income": -13493000.0,
        "Net Income From Continuing And Discontinued Operation": -6488000.0,
        "Total Expenses": 22286000.0,
        "Total Operating Income As Reported": -10175000.0,
        "Diluted Average Shares": 21849759.0,
        "Basic Average Shares": 21849759.0,
        "Diluted EPS": -0.3,
        "Basic EPS": -0.3,
        "Diluted NI Availto Com Stockholders": -6488000.0,
        "Net Income Common Stockholders": -6488000.0,
        "Net Income": -6488000.0,
        "Net Income Including Noncontrolling Interests": -6488000.0,
        "Net Income Continuous Operations": -6488000.0,
        "Tax Provision": 0.0,
        "Pretax Income": -6488000.0,
        "Other Income Expense": 5172000.0,
        "Other Non Operating Income Expenses": -1833000.0,
        "Special Income Charges": 0.0,
        "Other Special Charges": NaN,
        "Write Off": 0.0,
        "Impairment Of Capital Assets": 0.0,
        "Restructuring And Mergern Acquisition": 0.0,
        "Gain On Sale Of Security": 7005000.0,
        "Net Non Operating Interest Income Expense": -1485000.0,
        "Interest Expense Non Operating": 1552000.0,
        "Interest Income Non Operating": 67000.0,
        "Operating Income": -10175000.0,
        "Operating Expense": 20163000.0,
        "Depreciation Amortization Depletion Income Statement": 456000.0,
        "Depreciation And Amortization In Income Statement": 456000.0,
        "Amortization": 456000.0,
        "Amortization Of Intangibles Income Statement": 456000.0,
        "Research And Development": 3800000.0,
        "Selling General And Administration": 15907000.0,
        "Gross Profit": 9988000.0,
        "Cost Of Revenue": 2123000.0,
        "Total Revenue": 12111000.0,
        "Operating Revenue": 12111000.0
    },
    "2024-09-30": {
        "Tax Effect Of Unusual Items": 0.0,
        "Tax Rate For Calcs": 0.0,
        "Normalized EBITDA": -13166000.0,
        "Total Unusual Items": 714000.0,
        "Total Unusual Items Excluding Goodwill": 714000.0,
        "Net Income From Continuing Operation Net Minority Interest": -16098000.0,
        "Reconciled Depreciation": 1894000.0,
        "Reconciled Cost Of Revenue": 2364000.0,
        "EBITDA": -12452000.0,
        "EBIT": -14346000.0,
        "Net Interest Income": -1675000.0,
        "Interest Expense": 1752000.0,
        "Interest Income": 77000.0,
        "Normalized Income": -16812000.0,
        "Net Income From Continuing And Discontinued Operation": -16098000.0,
        "Total Expenses": 20823000.0,
        "Total Operating Income As Reported": -11527000.0,
        "Diluted Average Shares": 21976339.0,
        "Basic Average Shares": 21976339.0,
        "Diluted EPS": -0.73,
        "Basic EPS": -0.73,
        "Diluted NI Availto Com Stockholders": -16098000.0,
        "Net Income Common Stockholders": -16098000.0,
        "Net Income": -16098000.0,
        "Net Income Including Noncontrolling Interests": -16098000.0,
        "Net Income Continuous Operations": -16098000.0,
        "Tax Provision": 0.0,
        "Pretax Income": -16098000.0,
        "Other Income Expense": -2896000.0,
        "Other Non Operating Income Expenses": -3610000.0,
        "Special Income Charges": 0.0,
        "Other Special Charges": NaN,
        "Write Off": 0.0,
        "Impairment Of Capital Assets": 0.0,
        "Restructuring And Mergern Acquisition": 0.0,
        "Gain On Sale Of Security": 714000.0,
        "Net Non Operating Interest Income Expense": -1675000.0,
        "Interest Expense Non Operating": 1752000.0,
        "Interest Income Non Operating": 77000.0,
        "Operating Income": -11527000.0,
        "Operating Expense": 16940000.0,
        "Depreciation Amortization Depletion Income Statement": 375000.0,
        "Depreciation And Amortization In Income Statement": 375000.0,
        "Amortization": 375000.0,
        "Amortization Of Intangibles Income Statement": 375000.0,
        "Research And Development": 3915000.0,
        "Selling General And Administration": 12650000.0,
        "Gross Profit": 5413000.0,
        "Cost Of Revenue": 3883000.0,
        "Total Revenue": 9296000.0,
        "Operating Revenue": 9296000.0
    },
    "2024-12-31": {
        "Tax Effect Of Unusual Items": 0.0,
        "Tax Rate For Calcs": 0.0,
        "Normalized EBITDA": -11352000.0,
        "Total Unusual Items": 1747000.0,
        "Total Unusual Items Excluding Goodwill": 1747000.0,
        "Net Income From Continuing Operation Net Minority Interest": -13293000.0,
        "Reconciled Depreciation": 1876000.0,
        "Reconciled Cost Of Revenue": 5843000.0,
        "EBITDA": -9605000.0,
        "EBIT": -11481000.0,
        "Net Interest Income": -1735000.0,
        "Interest Expense": 1812000.0,
        "Interest Income": 77000.0,
        "Normalized Income": -15040000.0,
        "Net Income From Continuing And Discontinued Operation": -13293000.0,
        "Total Expenses": 27605000.0,
        "Total Operating Income As Reported": -9280000.0,
        "Diluted Average Shares": NaN,
        "Basic Average Shares": NaN,
        "Diluted EPS": NaN,
        "Basic EPS": NaN,
        "Diluted NI Availto Com Stockholders": -13293000.0,
        "Net Income Common Stockholders": -13293000.0,
        "Net Income": -13293000.0,
        "Net Income Including Noncontrolling Interests": -13293000.0,
        "Net Income Continuous Operations": -13293000.0,
        "Tax Provision": 0.0,
        "Pretax Income": -13293000.0,
        "Other Income Expense": -2085000.0,
        "Other Non Operating Income Expenses": -3832000.0,
        "Special Income Charges": 193000.0,
        "Other Special Charges": 0.0,
        "Write Off": 0.0,
        "Impairment Of Capital Assets": 0.0,
        "Restructuring And Mergern Acquisition": -193000.0,
        "Gain On Sale Of Security": 1554000.0,
        "Net Non Operating Interest Income Expense": -1735000.0,
        "Interest Expense Non Operating": 1812000.0,
        "Interest Income Non Operating": 77000.0,
        "Operating Income": -9473000.0,
        "Operating Expense": 20262000.0,
        "Depreciation Amortization Depletion Income Statement": 376000.0,
        "Depreciation And Amortization In Income Statement": 376000.0,
        "Amortization": 376000.0,
        "Amortization Of Intangibles Income Statement": 376000.0,
        "Research And Development": 3828000.0,
        "Selling General And Administration": 16058000.0,
        "Gross Profit": 10789000.0,
        "Cost Of Revenue": 7343000.0,
        "Total Revenue": 18132000.0,
        "Operating Revenue": 18132000.0
    },
    "2025-06-30": {
        "Tax Effect Of Unusual Items": 0.0,
        "Tax Rate For Calcs": 0.0,
        "Normalized EBITDA": -19471000.0,
        "Total Unusual Items": -1276000.0,
        "Total Unusual Items Excluding Goodwill": -1276000.0,
        "Net Income From Continuing Operation Net Minority Interest": -24524000.0,
        "Reconciled Depreciation": 1834000.0,
        "Reconciled Cost Of Revenue": 3780000.0,
        "EBITDA": -20747000.0,
        "EBIT": -22581000.0,
        "Net Interest Income": -1881000.0,
        "Interest Expense": 1943000.0,
        "Interest Income": 62000.0,
        "Normalized Income": -23248000.0,
        "Net Income From Continuing And Discontinued Operation": -24524000.0,
        "Total Expenses": 21600000.0,
        "Total Operating Income As Reported": -15864000.0,
        "Diluted Average Shares": 24020193.0,
        "Basic Average Shares": 24020193.0,
        "Diluted EPS": -1.02,
        "Basic EPS": -1.02,
        "Diluted NI Availto Com Stockholders": -24524000.0,
        "Net Income Common Stockholders": -24524000.0,
        "Net Income": -24524000.0,
        "Net Income Including Noncontrolling Interests": -24524000.0,
        "Net Income Continuous Operations": -24524000.0,
        "Tax Provision": 0.0,
        "Pretax Income": -24524000.0,
        "Other Income Expense": -6779000.0,
        "Other Non Operating Income Expenses": -5503000.0,
        "Special Income Charges": 0.0,
        "Other Special Charges": NaN,
        "Write Off": NaN,
        "Impairment Of Capital Assets": NaN,
        "Restructuring And Mergern Acquisition": NaN,
        "Gain On Sale Of Security": -1276000.0,
        "Net Non Operating Interest Income Expense": -1881000.0,
        "Interest Expense Non Operating": 1943000.0,
        "Interest Income Non Operating": 62000.0,
        "Operating Income": -15864000.0,
        "Operating Expense": 16358000.0,
        "Depreciation Amortization Depletion Income Statement": 372000.0,
        "Depreciation And Amortization In Income Statement": 372000.0,
        "Amortization": 372000.0,
        "Amortization Of Intangibles Income Statement": 372000.0,
        "Research And Development": 3352000.0,
        "Selling General And Administration": 12634000.0,
        "Gross Profit": 494000.0,
        "Cost Of Revenue": 5242000.0,
        "Total Revenue": 5736000.0,
        "Operating Revenue": 5736000.0
    },
    "2025-03-31": {
        "Tax Effect Of Unusual Items": 0.0,
        "Tax Rate For Calcs": 0.0,
        "Normalized EBITDA": -9989000.0,
        "Total Unusual Items": -5494000.0,
        "Total Unusual Items Excluding Goodwill": -5494000.0,
        "Net Income From Continuing Operation Net Minority Interest": -19754000.0,
        "Reconciled Depreciation": 1834000.0,
        "Reconciled Cost Of Revenue": 2088000.0,
        "EBITDA": -15483000.0,
        "EBIT": -17317000.0,
        "Net Interest Income": -2361000.0,
        "Interest Expense": 2437000.0,
        "Interest Income": 76000.0,
        "Normalized Income": -14260000.0,
        "Net Income From Continuing And Discontinued Operation": -19754000.0,
        "Total Expenses": 21912000.0,
        "Total Operating Income As Reported": -10486000.0,
        "Diluted Average Shares": 23530877.0,
        "Basic Average Shares": 23530877.0,
        "Diluted EPS": -0.84,
        "Basic EPS": -0.84,
        "Diluted NI Availto Com Stockholders": -19754000.0,
        "Net Income Common Stockholders": -19754000.0,
        "Net Income": -19754000.0,
        "Net Income Including Noncontrolling Interests": -19754000.0,
        "Net Income Continuous Operations": -19754000.0,
        "Tax Provision": 0.0,
        "Pretax Income": -19754000.0,
        "Other Income Expense": -6907000.0,
        "Other Non Operating Income Expenses": -1413000.0,
        "Special Income Charges": -5736000.0,
        "Other Special Charges": 5736000.0,
        "Write Off": NaN,
        "Impairment Of Capital Assets": NaN,
        "Restructuring And Mergern Acquisition": NaN,
        "Gain On Sale Of Security": 242000.0,
        "Net Non Operating Interest Income Expense": -2361000.0,
        "Interest Expense Non Operating": 2437000.0,
        "Interest Income Non Operating": 76000.0,
        "Operating Income": -10486000.0,
        "Operating Expense": 18358000.0,
        "Depreciation Amortization Depletion Income Statement": 368000.0,
        "Depreciation And Amortization In Income Statement": 368000.0,
        "Amortization": 368000.0,
        "Amortization Of Intangibles Income Statement": 368000.0,
        "Research And Development": 3728000.0,
        "Selling General And Administration": 14262000.0,
        "Gross Profit": 7872000.0,
        "Cost Of Revenue": 3554000.0,
        "Total Revenue": 11426000.0,
        "Operating Revenue": 11426000.0
    }
}