{
    "2023-03-31": {
        "Tax Effect Of Unusual Items": NaN,
        "Tax Rate For Calcs": NaN,
        "Normalized EBITDA": NaN,
        "Total Unusual Items": NaN,
        "Total Unusual Items Excluding Goodwill": NaN,
        "Net Income From Continuing Operation Net Minority Interest": NaN,
        "Reconciled Cost Of Revenue": NaN,
        "EBITDA": NaN,
        "EBIT": NaN,
        "Net Interest Income": NaN,
        "Interest Expense": NaN,
        "Normalized Income": NaN,
        "Net Income From Continuing And Discontinued Operation": NaN,
        "Total Expenses": NaN,
        "Total Operating Income As Reported": NaN,
        "Diluted Average Shares": NaN,
        "Basic Average Shares": NaN,
        "Diluted EPS": NaN,
        "Basic EPS": NaN,
        "Diluted NI Availto Com Stockholders": NaN,
        "Net Income Common Stockholders": NaN,
        "Net Income": NaN,
        "Minority Interests": NaN,
        "Net Income Including Noncontrolling Interests": NaN,
        "Net Income Continuous Operations": NaN,
        "Tax Provision": NaN,
        "Pretax Income": NaN,
        "Other Income Expense": NaN,
        "Other Non Operating Income Expenses": NaN,
        "Special Income Charges": NaN,
        "Other Special Charges": 2001.0,
        "Write Off": NaN,
        "Impairment Of Capital Assets": 1146128.0,
        "Restructuring And Mergern Acquisition": NaN,
        "Gain On Sale Of Security": NaN,
        "Net Non Operating Interest Income Expense": NaN,
        "Total Other Finance Cost": 54415.0,
        "Interest Expense Non Operating": NaN,
        "Operating Income": NaN,
        "Operating Expense": NaN,
        "Research And Development": NaN,
        "Selling General And Administration": NaN,
        "Selling And Marketing Expense": NaN,
        "General And Administrative Expense": NaN,
        "Other Gand A": NaN,
        "Gross Profit": NaN,
        "Cost Of Revenue": NaN,
        "Total Revenue": NaN,
        "Operating Revenue": NaN
    },
    "2022-06-30": {
        "Tax Effect Of Unusual Items": 0.0,
        "Tax Rate For Calcs": 0.003552,
        "Normalized EBITDA": -14766614.0,
        "Total Unusual Items": 4941.0,
        "Total Unusual Items Excluding Goodwill": 4941.0,
        "Net Income From Continuing Operation Net Minority Interest": -13071998.0,
        "Reconciled Cost Of Revenue": 3036237.0,
        "EBITDA": -14766614.0,
        "EBIT": -14766614.0,
        "Net Interest Income": 222672.0,
        "Normalized Income": -13071998.0,
        "Net Income From Continuing And Discontinued Operation": -13071998.0,
        "Total Expenses": 17971303.0,
        "Total Operating Income As Reported": -14766614.0,
        "Diluted Average Shares": 261256254.0,
        "Basic Average Shares": 261256254.0,
        "Diluted EPS": -0.050035,
        "Basic EPS": -0.050035,
        "Diluted NI Availto Com Stockholders": -13071998.0,
        "Net Income Common Stockholders": -13071998.0,
        "Net Income": -13071998.0,
        "Minority Interests": 633922.0,
        "Net Income Including Noncontrolling Interests": -13705920.0,
        "Net Income Continuous Operations": -13705920.0,
        "Tax Provision": -48861.0,
        "Pretax Income": -13754781.0,
        "Other Income Expense": 789161.0,
        "Other Non Operating Income Expenses": 784220.0,
        "Special Income Charges": 0.0,
        "Other Special Charges": NaN,
        "Write Off": 0.0,
        "Impairment Of Capital Assets": NaN,
        "Gain On Sale Of Security": 4941.0,
        "Net Non Operating Interest Income Expense": 222672.0,
        "Total Other Finance Cost": -222672.0,
        "Operating Income": -14766614.0,
        "Operating Expense": 14935066.0,
        "Research And Development": 1389153.0,
        "Selling General And Administration": 13545913.0,
        "Selling And Marketing Expense": 1531460.0,
        "General And Administrative Expense": 12014453.0,
        "Other Gand A": 12014453.0,
        "Gross Profit": 168452.0,
        "Cost Of Revenue": 3036237.0,
        "Total Revenue": 3204689.0,
        "Operating Revenue": 3204689.0
    },
    "2022-12-31": {
        "Tax Effect Of Unusual Items": -11949554.4,
        "Tax Rate For Calcs": 0.21,
        "Normalized EBITDA": -19978345.0,
        "Total Unusual Items": -56902640.0,
        "Total Unusual Items Excluding Goodwill": -56902640.0,
        "Net Income From Continuing Operation Net Minority Interest": -73284368.0,
        "Reconciled Cost Of Revenue": 2221045.0,
        "EBITDA": -76880985.0,
        "EBIT": -76880985.0,
        "Net Interest Income": -1020445.0,
        "Normalized Income": -28331282.4,
        "Net Income From Continuing And Discontinued Operation": -73284368.0,
        "Total Expenses": 19600888.0,
        "Total Operating Income As Reported": -20809870.0,
        "Diluted Average Shares": NaN,
        "Basic Average Shares": NaN,
        "Diluted EPS": NaN,
        "Basic EPS": NaN,
        "Diluted NI Availto Com Stockholders": -73284368.0,
        "Net Income Common Stockholders": -73284368.0,
        "Net Income": -73284368.0,
        "Minority Interests": 717869.0,
        "Net Income Including Noncontrolling Interests": -74002237.0,
        "Net Income Continuous Operations": -74002237.0,
        "Tax Provision": 92228.0,
        "Pretax Income": -73910009.0,
        "Other Income Expense": -55098599.0,
        "Other Non Operating Income Expenses": 1816692.0,
        "Special Income Charges": -14130791.0,
        "Other Special Charges": NaN,
        "Write Off": NaN,
        "Impairment Of Capital Assets": NaN,
        "Restructuring And Mergern Acquisition": NaN,
        "Gain On Sale Of Security": -42771849.0,
        "Net Non Operating Interest Income Expense": -1020445.0,
        "Total Other Finance Cost": NaN,
        "Operating Income": -17790965.0,
        "Operating Expense": 17379843.0,
        "Research And Development": 2751990.0,
        "Selling General And Administration": 8641545.0,
        "Selling And Marketing Expense": 2265347.0,
        "General And Administrative Expense": 6376198.0,
        "Other Gand A": 6376198.0,
        "Gross Profit": -411122.0,
        "Cost Of Revenue": 2221045.0,
        "Total Revenue": 1809923.0,
        "Operating Revenue": 1565219.0
    },
    "2022-03-31": {
        "Diluted EPS": 0.0,
        "Total Revenue": 2,
        "Gross Profit": 0,
        "Operating Income": -9,
        "EBIT": -9,
        "Net Income": -9
    },
    "2018-04-30": {
        "Diluted EPS": -74.96,
        "Total Revenue": 1,
        "Gross Profit": 0,
        "Operating Income": 0,
        "EBIT": 0,
        "Net Income": 0
    },
    "2018-01-31": {
        "Diluted EPS": 0.0,
        "Total Revenue": NaN,
        "Gross Profit": NaN,
        "Operating Income": NaN,
        "EBIT": NaN,
        "Net Income": NaN
    },
    "2017-10-31": {
        "Diluted EPS": -674.66,
        "Total Revenue": 1,
        "Gross Profit": 0,
        "Operating Income": -1,
        "EBIT": -1,
        "Net Income": -1
    },
    "2017-07-31": {
        "Diluted EPS": NaN,
        "Total Revenue": 1,
        "Gross Profit": 0,
        "Operating Income": -2,
        "EBIT": -2,
        "Net Income": -2
    },
    "2017-04-30": {
        "Diluted EPS": NaN,
        "Total Revenue": 0,
        "Gross Profit": 0,
        "Operating Income": -3,
        "EBIT": -3,
        "Net Income": -3
    },
    "2017-01-31": {
        "Diluted EPS": 0.0,
        "Total Revenue": NaN,
        "Gross Profit": NaN,
        "Operating Income": NaN,
        "EBIT": NaN,
        "Net Income": NaN
    },
    "2016-10-31": {
        "Diluted EPS": NaN,
        "Total Revenue": 1,
        "Gross Profit": 0,
        "Operating Income": -2,
        "EBIT": -2,
        "Net Income": -2
    },
    "2016-07-31": {
        "Diluted EPS": NaN,
        "Total Revenue": 0,
        "Gross Profit": 0,
        "Operating Income": -3,
        "EBIT": -3,
        "Net Income": -3
    },
    "2016-04-30": {
        "Diluted EPS": NaN,
        "Total Revenue": 0,
        "Gross Profit": 0,
        "Operating Income": -3,
        "EBIT": -3,
        "Net Income": -3
    },
    "2016-01-31": {
        "Diluted EPS": 0.0,
        "Total Revenue": NaN,
        "Gross Profit": NaN,
        "Operating Income": NaN,
        "EBIT": NaN,
        "Net Income": NaN
    },
    "2015-10-31": {
        "Diluted EPS": NaN,
        "Total Revenue": 0,
        "Gross Profit": 0,
        "Operating Income": -3,
        "EBIT": -3,
        "Net Income": -4
    },
    "2015-07-31": {
        "Diluted EPS": NaN,
        "Total Revenue": 0,
        "Gross Profit": 0,
        "Operating Income": -3,
        "EBIT": -3,
        "Net Income": -3
    },
    "2015-04-30": {
        "Diluted EPS": NaN,
        "Total Revenue": 0,
        "Gross Profit": 0,
        "Operating Income": -2,
        "EBIT": -2,
        "Net Income": -2
    },
    "2015-01-31": {
        "Diluted EPS": 0.0,
        "Total Revenue": NaN,
        "Gross Profit": NaN,
        "Operating Income": NaN,
        "EBIT": NaN,
        "Net Income": NaN
    },
    "2014-10-31": {
        "Diluted EPS": NaN,
        "Total Revenue": 0,
        "Gross Profit": 0,
        "Operating Income": -3,
        "EBIT": -3,
        "Net Income": 7
    },
    "2014-07-31": {
        "Diluted EPS": NaN,
        "Total Revenue": 0,
        "Gross Profit": 0,
        "Operating Income": -1,
        "EBIT": -1,
        "Net Income": -29
    },
    "2014-04-30": {
        "Diluted EPS": -0.04,
        "Total Revenue": 0,
        "Gross Profit": 0,
        "Operating Income": 0,
        "EBIT": 0,
        "Net Income": -1
    },
    "2014-01-31": {
        "Diluted EPS": 0.0,
        "Total Revenue": NaN,
        "Gross Profit": NaN,
        "Operating Income": NaN,
        "EBIT": NaN,
        "Net Income": NaN
    },
    "2013-10-31": {
        "Diluted EPS": -0.01,
        "Total Revenue": 0,
        "Gross Profit": 0,
        "Operating Income": -1,
        "EBIT": -1,
        "Net Income": 0
    },
    "2013-07-31": {
        "Diluted EPS": -0.07,
        "Total Revenue": 0,
        "Gross Profit": 0,
        "Operating Income": -1,
        "EBIT": -1,
        "Net Income": -2
    },
    "2013-04-30": {
        "Diluted EPS": -0.03,
        "Total Revenue": 0,
        "Gross Profit": 0,
        "Operating Income": -1,
        "EBIT": -1,
        "Net Income": -1
    },
    "2013-01-31": {
        "Diluted EPS": 0.0,
        "Total Revenue": NaN,
        "Gross Profit": NaN,
        "Operating Income": NaN,
        "EBIT": NaN,
        "Net Income": NaN
    },
    "2012-10-31": {
        "Diluted EPS": -0.02,
        "Total Revenue": 0,
        "Gross Profit": 0,
        "Operating Income": -1,
        "EBIT": -1,
        "Net Income": -1
    },
    "2012-07-31": {
        "Diluted EPS": -0.02,
        "Total Revenue": 0,
        "Gross Profit": 0,
        "Operating Income": 0,
        "EBIT": 0,
        "Net Income": 0
    },
    "2012-04-30": {
        "Diluted EPS": -0.01,
        "Total Revenue": 0,
        "Gross Profit": 0,
        "Operating Income": 0,
        "EBIT": 0,
        "Net Income": 0
    },
    "2012-01-31": {
        "Diluted EPS": 0.0,
        "Total Revenue": NaN,
        "Gross Profit": NaN,
        "Operating Income": 0,
        "EBIT": 0,
        "Net Income": 0
    },
    "2011-10-31": {
        "Diluted EPS": -0.01,
        "Total Revenue": 0,
        "Gross Profit": 0,
        "Operating Income": 0,
        "EBIT": 0,
        "Net Income": 0
    },
    "2011-07-31": {
        "Diluted EPS": -0.05,
        "Total Revenue": 0,
        "Gross Profit": 0,
        "Operating Income": 0,
        "EBIT": 0,
        "Net Income": 0
    },
    "2011-04-30": {
        "Diluted EPS": 0.0,
        "Total Revenue": NaN,
        "Gross Profit": NaN,
        "Operating Income": 0,
        "EBIT": 0,
        "Net Income": 0
    },
    "2011-01-31": {
        "Diluted EPS": 0.0,
        "Total Revenue": NaN,
        "Gross Profit": NaN,
        "Operating Income": 0,
        "EBIT": 0,
        "Net Income": 0
    },
    "2010-10-31": {
        "Diluted EPS": 0.0,
        "Total Revenue": NaN,
        "Gross Profit": NaN,
        "Operating Income": 0,
        "EBIT": 0,
        "Net Income": 0
    },
    "2010-07-31": {
        "Diluted EPS": 0.0,
        "Total Revenue": NaN,
        "Gross Profit": NaN,
        "Operating Income": NaN,
        "EBIT": NaN,
        "Net Income": NaN
    },
    "2010-04-30": {
        "Diluted EPS": 0.0,
        "Total Revenue": NaN,
        "Gross Profit": NaN,
        "Operating Income": 0,
        "EBIT": 0,
        "Net Income": 0
    },
    "2010-01-31": {
        "Diluted EPS": 0.0,
        "Total Revenue": NaN,
        "Gross Profit": NaN,
        "Operating Income": 0,
        "EBIT": 0,
        "Net Income": 0
    },
    "2009-10-31": {
        "Diluted EPS": 0.0,
        "Total Revenue": NaN,
        "Gross Profit": NaN,
        "Operating Income": 0,
        "EBIT": 0,
        "Net Income": 0
    },
    "2009-07-31": {
        "Diluted EPS": 0.0,
        "Total Revenue": NaN,
        "Gross Profit": NaN,
        "Operating Income": NaN,
        "EBIT": NaN,
        "Net Income": NaN
    },
    "2009-04-30": {
        "Diluted EPS": 0.0,
        "Total Revenue": NaN,
        "Gross Profit": NaN,
        "Operating Income": 0,
        "EBIT": 0,
        "Net Income": 0
    },
    "2009-01-31": {
        "Diluted EPS": 0.0,
        "Total Revenue": NaN,
        "Gross Profit": NaN,
        "Operating Income": 0,
        "EBIT": 0,
        "Net Income": 0
    },
    "2023-06-30": {
        "Tax Effect Of Unusual Items": -273225.12,
        "Tax Rate For Calcs": 0.21,
        "Normalized EBITDA": -11722715.0,
        "Total Unusual Items": -1301072.0,
        "Total Unusual Items Excluding Goodwill": -1301072.0,
        "Net Income From Continuing Operation Net Minority Interest": -14074484.0,
        "Reconciled Cost Of Revenue": 3090275.0,
        "EBITDA": -13023787.0,
        "EBIT": -13023787.0,
        "Net Interest Income": 1262.0,
        "Interest Expense": NaN,
        "Normalized Income": -13046637.12,
        "Net Income From Continuing And Discontinued Operation": -14074484.0,
        "Total Expenses": 17261307.0,
        "Total Operating Income As Reported": -13023787.0,
        "Diluted Average Shares": 30444909.0,
        "Basic Average Shares": 30444909.0,
        "Diluted EPS": -0.46,
        "Basic EPS": -0.46,
        "Diluted NI Availto Com Stockholders": -14074484.0,
        "Net Income Common Stockholders": -14074484.0,
        "Net Income": -14074484.0,
        "Minority Interests": 2682.0,
        "Net Income Including Noncontrolling Interests": -14077166.0,
        "Net Income Continuous Operations": -14077166.0,
        "Tax Provision": 25468.0,
        "Pretax Income": -14051698.0,
        "Other Income Expense": -1029173.0,
        "Other Non Operating Income Expenses": 271899.0,
        "Special Income Charges": -8538.0,
        "Write Off": 8538.0,
        "Restructuring And Mergern Acquisition": 0.0,
        "Gain On Sale Of Security": -1292534.0,
        "Net Non Operating Interest Income Expense": 1262.0,
        "Total Other Finance Cost": -1262.0,
        "Interest Expense Non Operating": NaN,
        "Operating Income": -13023787.0,
        "Operating Expense": 14171032.0,
        "Research And Development": 2143070.0,
        "Selling General And Administration": 12027962.0,
        "Selling And Marketing Expense": 2742749.0,
        "General And Administrative Expense": 9285213.0,
        "Other Gand A": 9285213.0,
        "Gross Profit": 1147245.0,
        "Cost Of Revenue": 3090275.0,
        "Total Revenue": 4237520.0,
        "Operating Revenue": 4131752.0
    },
    "2023-09-30": {
        "Tax Effect Of Unusual Items": -85.922869,
        "Tax Rate For Calcs": 2.4e-05,
        "Normalized EBITDA": -12415713.0,
        "Total Unusual Items": -3603297.0,
        "Total Unusual Items Excluding Goodwill": -3603297.0,
        "Net Income From Continuing Operation Net Minority Interest": -16102665.0,
        "Reconciled Cost Of Revenue": 5045364.0,
        "EBITDA": -16019010.0,
        "EBIT": -16019010.0,
        "Net Interest Income": -84573.0,
        "Interest Expense": 84573.0,
        "Normalized Income": -12499453.922869,
        "Net Income From Continuing And Discontinued Operation": -16102665.0,
        "Total Expenses": 18378899.0,
        "Total Operating Income As Reported": -12616068.0,
        "Diluted Average Shares": 30444909.0,
        "Basic Average Shares": 30444909.0,
        "Diluted EPS": -0.53,
        "Basic EPS": -0.53,
        "Diluted NI Availto Com Stockholders": -16102665.0,
        "Net Income Common Stockholders": -16102665.0,
        "Net Income": -16102665.0,
        "Minority Interests": 534.0,
        "Net Income Including Noncontrolling Interests": -16103199.0,
        "Net Income Continuous Operations": -16103199.0,
        "Tax Provision": -384.0,
        "Pretax Income": -16103583.0,
        "Other Income Expense": -3402942.0,
        "Other Non Operating Income Expenses": 200355.0,
        "Special Income Charges": -1319440.0,
        "Write Off": 2668.0,
        "Restructuring And Mergern Acquisition": 1316772.0,
        "Gain On Sale Of Security": -2283857.0,
        "Net Non Operating Interest Income Expense": -84573.0,
        "Total Other Finance Cost": 84573.0,
        "Interest Expense Non Operating": 84573.0,
        "Operating Income": -12616068.0,
        "Operating Expense": 13333535.0,
        "Research And Development": 1634796.0,
        "Selling General And Administration": 11698739.0,
        "Selling And Marketing Expense": 2626829.0,
        "General And Administrative Expense": 9071910.0,
        "Other Gand A": 9071910.0,
        "Gross Profit": 717467.0,
        "Cost Of Revenue": 5045364.0,
        "Total Revenue": 5762831.0,
        "Operating Revenue": 5748519.0
    },
    "2022-09-30": {
        "Tax Effect Of Unusual Items": NaN,
        "Tax Rate For Calcs": NaN,
        "Normalized EBITDA": NaN,
        "Total Unusual Items": NaN,
        "Total Unusual Items Excluding Goodwill": NaN,
        "Net Income From Continuing Operation Net Minority Interest": NaN,
        "Reconciled Cost Of Revenue": NaN,
        "EBITDA": NaN,
        "EBIT": NaN,
        "Net Interest Income": NaN,
        "Normalized Income": NaN,
        "Net Income From Continuing And Discontinued Operation": NaN,
        "Total Expenses": NaN,
        "Total Operating Income As Reported": NaN,
        "Diluted Average Shares": 26130772.0,
        "Basic Average Shares": 26130772.0,
        "Diluted EPS": -0.551848,
        "Basic EPS": -0.551848,
        "Diluted NI Availto Com Stockholders": NaN,
        "Net Income Common Stockholders": NaN,
        "Net Income": NaN,
        "Minority Interests": NaN,
        "Net Income Including Noncontrolling Interests": NaN,
        "Net Income Continuous Operations": NaN,
        "Tax Provision": NaN,
        "Pretax Income": NaN,
        "Other Income Expense": NaN,
        "Other Non Operating Income Expenses": NaN,
        "Special Income Charges": NaN,
        "Other Special Charges": NaN,
        "Write Off": 0.0,
        "Impairment Of Capital Assets": NaN,
        "Restructuring And Mergern Acquisition": 0.0,
        "Gain On Sale Of Security": NaN,
        "Net Non Operating Interest Income Expense": NaN,
        "Total Other Finance Cost": 110659.0,
        "Operating Income": NaN,
        "Operating Expense": NaN,
        "Research And Development": NaN,
        "Selling General And Administration": NaN,
        "Selling And Marketing Expense": NaN,
        "General And Administrative Expense": NaN,
        "Other Gand A": NaN,
        "Gross Profit": NaN,
        "Cost Of Revenue": NaN,
        "Total Revenue": NaN,
        "Operating Revenue": NaN
    },
    "2024-03-31": {
        "Tax Effect Of Unusual Items": -430.107368,
        "Tax Rate For Calcs": 0.003243,
        "Normalized EBITDA": -9258896.0,
        "Total Unusual Items": -132622.0,
        "Total Unusual Items Excluding Goodwill": -132622.0,
        "Net Income From Continuing Operation Net Minority Interest": -9230151.0,
        "Reconciled Cost Of Revenue": 3377728.0,
        "EBITDA": -9391518.0,
        "EBIT": -9391518.0,
        "Net Interest Income": 73242.0,
        "Interest Expense": NaN,
        "Normalized Income": -9097959.107368,
        "Net Income From Continuing And Discontinued Operation": -9230151.0,
        "Total Expenses": 12783517.0,
        "Total Operating Income As Reported": -9391518.0,
        "Diluted Average Shares": 30828794.0,
        "Basic Average Shares": 30828794.0,
        "Diluted EPS": -0.3,
        "Basic EPS": -0.3,
        "Diluted NI Availto Com Stockholders": -9230151.0,
        "Net Income Common Stockholders": -9230151.0,
        "Net Income": -9230151.0,
        "Minority Interests": 72.0,
        "Net Income Including Noncontrolling Interests": -9230223.0,
        "Net Income Continuous Operations": -9230223.0,
        "Tax Provision": -30032.0,
        "Pretax Income": -9260255.0,
        "Other Income Expense": 58021.0,
        "Other Non Operating Income Expenses": 190643.0,
        "Special Income Charges": 0.0,
        "Write Off": 0.0,
        "Restructuring And Mergern Acquisition": NaN,
        "Gain On Sale Of Security": -132622.0,
        "Net Non Operating Interest Income Expense": 73242.0,
        "Total Other Finance Cost": -73242.0,
        "Interest Expense Non Operating": NaN,
        "Operating Income": -9391518.0,
        "Operating Expense": 9405789.0,
        "Research And Development": 1727830.0,
        "Selling General And Administration": 7677959.0,
        "Selling And Marketing Expense": 1316763.0,
        "General And Administrative Expense": 6361196.0,
        "Other Gand A": 6361196.0,
        "Gross Profit": 14271.0,
        "Cost Of Revenue": 3377728.0,
        "Total Revenue": 3391999.0,
        "Operating Revenue": 3343562.0
    },
    "2024-06-30": {
        "Tax Effect Of Unusual Items": -132.097215,
        "Tax Rate For Calcs": 0.000509,
        "Normalized EBITDA": -8559918.0,
        "Total Unusual Items": -259469.0,
        "Total Unusual Items Excluding Goodwill": -259469.0,
        "Net Income From Continuing Operation Net Minority Interest": -9182827.0,
        "Reconciled Cost Of Revenue": 7095622.0,
        "EBITDA": -8819387.0,
        "EBIT": -8819387.0,
        "Net Interest Income": -97788.0,
        "Interest Expense": NaN,
        "Normalized Income": -8923490.097215,
        "Net Income From Continuing And Discontinued Operation": -9182827.0,
        "Total Expenses": 17139879.0,
        "Total Operating Income As Reported": -8819387.0,
        "Diluted Average Shares": 30828795.0,
        "Basic Average Shares": 30828795.0,
        "Diluted EPS": -0.3,
        "Basic EPS": -0.3,
        "Diluted NI Availto Com Stockholders": -9182827.0,
        "Net Income Common Stockholders": -9182827.0,
        "Net Income": -9182827.0,
        "Minority Interests": 10968.0,
        "Net Income Including Noncontrolling Interests": -9193795.0,
        "Net Income Continuous Operations": -9193795.0,
        "Tax Provision": -4683.0,
        "Pretax Income": -9198478.0,
        "Other Income Expense": -281303.0,
        "Other Non Operating Income Expenses": -21834.0,
        "Special Income Charges": -149872.0,
        "Write Off": 0.0,
        "Restructuring And Mergern Acquisition": 149872.0,
        "Gain On Sale Of Security": -109597.0,
        "Net Non Operating Interest Income Expense": -97788.0,
        "Total Other Finance Cost": 97788.0,
        "Interest Expense Non Operating": NaN,
        "Operating Income": -8819387.0,
        "Operating Expense": 10044257.0,
        "Research And Development": 1087639.0,
        "Selling General And Administration": 8956618.0,
        "Selling And Marketing Expense": 1306678.0,
        "General And Administrative Expense": 7649940.0,
        "Other Gand A": 7649940.0,
        "Gross Profit": 1224870.0,
        "Cost Of Revenue": 7095622.0,
        "Total Revenue": 8320492.0,
        "Operating Revenue": 8245135.0
    },
    "2024-09-30": {
        "Tax Effect Of Unusual Items": 2880.040299,
        "Tax Rate For Calcs": 0.001382,
        "Normalized EBITDA": -11043074.0,
        "Total Unusual Items": 2083251.0,
        "Total Unusual Items Excluding Goodwill": 2083251.0,
        "Net Income From Continuing Operation Net Minority Interest": -8971772.0,
        "Reconciled Cost Of Revenue": 12688393.0,
        "EBITDA": -8959823.0,
        "EBIT": -8959823.0,
        "Net Interest Income": -34198.0,
        "Interest Expense": 34198.0,
        "Normalized Income": -11052142.959701,
        "Net Income From Continuing And Discontinued Operation": -8971772.0,
        "Total Expenses": 27127696.0,
        "Total Operating Income As Reported": -10396356.0,
        "Diluted Average Shares": 30841106.0,
        "Basic Average Shares": 30841106.0,
        "Diluted EPS": -0.29,
        "Basic EPS": -0.29,
        "Diluted NI Availto Com Stockholders": -8971772.0,
        "Net Income Common Stockholders": -8971772.0,
        "Net Income": -8971772.0,
        "Minority Interests": 9815.0,
        "Net Income Including Noncontrolling Interests": -8981587.0,
        "Net Income Continuous Operations": -8981587.0,
        "Tax Provision": -12434.0,
        "Pretax Income": -8994021.0,
        "Other Income Expense": 1436533.0,
        "Other Non Operating Income Expenses": -646718.0,
        "Special Income Charges": 0.0,
        "Write Off": 0.0,
        "Restructuring And Mergern Acquisition": 0.0,
        "Gain On Sale Of Security": 2083251.0,
        "Net Non Operating Interest Income Expense": -34198.0,
        "Total Other Finance Cost": NaN,
        "Interest Expense Non Operating": 34198.0,
        "Operating Income": -10396356.0,
        "Operating Expense": 14439303.0,
        "Research And Development": 1476684.0,
        "Selling General And Administration": 12962619.0,
        "Selling And Marketing Expense": 5027864.0,
        "General And Administrative Expense": 7934755.0,
        "Other Gand A": 7934755.0,
        "Gross Profit": 4042947.0,
        "Cost Of Revenue": 12688393.0,
        "Total Revenue": 16731340.0,
        "Operating Revenue": 16679093.0
    },
    "2024-12-31": {
        "Tax Effect Of Unusual Items": -736187.76,
        "Tax Rate For Calcs": 0.21,
        "Normalized EBITDA": -732474.0,
        "Total Unusual Items": -3505656.0,
        "Total Unusual Items Excluding Goodwill": -3505656.0,
        "Net Income From Continuing Operation Net Minority Interest": -6686371.0,
        "Reconciled Cost Of Revenue": 527103.0,
        "EBITDA": -4238130.0,
        "EBIT": -4238130.0,
        "Net Interest Income": -124918.0,
        "Interest Expense": NaN,
        "Normalized Income": -3916902.76,
        "Net Income From Continuing And Discontinued Operation": -17482063.0,
        "Total Expenses": 5878441.0,
        "Total Operating Income As Reported": -3234009.0,
        "Diluted Average Shares": NaN,
        "Basic Average Shares": NaN,
        "Diluted EPS": NaN,
        "Basic EPS": NaN,
        "Diluted NI Availto Com Stockholders": -17482063.0,
        "Net Income Common Stockholders": -17482063.0,
        "Net Income": -17482063.0,
        "Minority Interests": 20949.0,
        "Net Income Including Noncontrolling Interests": -17503012.0,
        "Net Income Continuous Operations": -6707320.0,
        "Tax Provision": 11625.0,
        "Pretax Income": -6695695.0,
        "Other Income Expense": -3545898.0,
        "Other Non Operating Income Expenses": -40242.0,
        "Special Income Charges": -2427250.0,
        "Write Off": NaN,
        "Restructuring And Mergern Acquisition": 0.0,
        "Gain On Sale Of Security": -1078406.0,
        "Net Non Operating Interest Income Expense": -124918.0,
        "Total Other Finance Cost": NaN,
        "Interest Expense Non Operating": NaN,
        "Operating Income": -3024879.0,
        "Operating Expense": 5351338.0,
        "Research And Development": 868650.0,
        "Selling General And Administration": 4088815.0,
        "Selling And Marketing Expense": -286627.0,
        "General And Administrative Expense": 4375442.0,
        "Other Gand A": 4375442.0,
        "Gross Profit": 2326459.0,
        "Cost Of Revenue": 527103.0,
        "Total Revenue": 2853562.0,
        "Operating Revenue": 2650973.0
    },
    "2023-12-31": {
        "Tax Effect Of Unusual Items": -1873.442695,
        "Tax Rate For Calcs": 0.00123,
        "Normalized EBITDA": -12083564.0,
        "Total Unusual Items": -1522697.0,
        "Total Unusual Items Excluding Goodwill": -1522697.0,
        "Net Income From Continuing Operation Net Minority Interest": -13064227.0,
        "Reconciled Cost Of Revenue": 8410206.0,
        "EBITDA": -13606261.0,
        "EBIT": -13606261.0,
        "Net Interest Income": 540140.0,
        "Interest Expense": NaN,
        "Normalized Income": -11543403.442695,
        "Net Income From Continuing And Discontinued Operation": -13064227.0,
        "Total Expenses": 22215271.0,
        "Total Operating Income As Reported": -14037580.0,
        "Diluted Average Shares": NaN,
        "Basic Average Shares": NaN,
        "Diluted EPS": NaN,
        "Basic EPS": NaN,
        "Diluted NI Availto Com Stockholders": -13064227.0,
        "Net Income Common Stockholders": -13064227.0,
        "Net Income": -13064227.0,
        "Minority Interests": 2186.0,
        "Net Income Including Noncontrolling Interests": -13066413.0,
        "Net Income Continuous Operations": -13066413.0,
        "Tax Provision": -16096.0,
        "Pretax Income": -13082509.0,
        "Other Income Expense": -16388.0,
        "Other Non Operating Income Expenses": 1506309.0,
        "Special Income Charges": 1906485.0,
        "Write Off": NaN,
        "Restructuring And Mergern Acquisition": -1180470.0,
        "Gain On Sale Of Security": -3429182.0,
        "Net Non Operating Interest Income Expense": 540140.0,
        "Total Other Finance Cost": -540140.0,
        "Interest Expense Non Operating": NaN,
        "Operating Income": -13606261.0,
        "Operating Expense": 13805065.0,
        "Research And Development": 3121456.0,
        "Selling General And Administration": 10683609.0,
        "Selling And Marketing Expense": 630210.0,
        "General And Administrative Expense": 10053399.0,
        "Other Gand A": 10053399.0,
        "Gross Profit": 198804.0,
        "Cost Of Revenue": 8410206.0,
        "Total Revenue": 8609010.0,
        "Operating Revenue": 8579929.0
    }
}