{
    "2023-03-31": {
        "Tax Effect Of Unusual Items": 0.0,
        "Tax Rate For Calcs": 0.21,
        "Normalized EBITDA": -100244000.0,
        "Total Unusual Items": -11082000.0,
        "Total Unusual Items Excluding Goodwill": -11082000.0,
        "Net Income From Continuing Operation Net Minority Interest": -104286000.0,
        "Reconciled Depreciation": 1321000.0,
        "EBITDA": -100244000.0,
        "EBIT": -101565000.0,
        "Net Interest Income": 6440000.0,
        "Interest Expense": 2636000.0,
        "Interest Income": 9076000.0,
        "Normalized Income": -104286000.0,
        "Net Income From Continuing And Discontinued Operation": -104286000.0,
        "Total Expenses": 99551000.0,
        "Total Operating Income As Reported": -99551000.0,
        "Diluted Average Shares": 156648365.0,
        "Basic Average Shares": 156648365.0,
        "Diluted EPS": -0.67,
        "Basic EPS": -0.67,
        "Diluted NI Availto Com Stockholders": -104286000.0,
        "Net Income Common Stockholders": -104286000.0,
        "Net Income": -104286000.0,
        "Net Income Including Noncontrolling Interests": -104286000.0,
        "Net Income Continuous Operations": -104286000.0,
        "Tax Provision": 85000.0,
        "Pretax Income": -104201000.0,
        "Other Income Expense": -11090000.0,
        "Other Non Operating Income Expenses": -11090000.0,
        "Gain On Sale Of Security": -11082000.0,
        "Net Non Operating Interest Income Expense": 6440000.0,
        "Interest Expense Non Operating": 2636000.0,
        "Interest Income Non Operating": 9076000.0,
        "Operating Income": -99551000.0,
        "Operating Expense": 99551000.0,
        "Research And Development": 78181000.0,
        "Selling General And Administration": 21370000.0,
        "General And Administrative Expense": 21370000.0,
        "Other Gand A": 21370000.0,
        "Total Revenue": 0.0,
        "Operating Revenue": 0.0
    },
    "2022-12-31": {
        "Tax Effect Of Unusual Items": NaN,
        "Tax Rate For Calcs": NaN,
        "Normalized EBITDA": NaN,
        "Total Unusual Items": 8676000.0,
        "Total Unusual Items Excluding Goodwill": 8676000.0,
        "Net Income From Continuing Operation Net Minority Interest": NaN,
        "Reconciled Depreciation": NaN,
        "EBITDA": NaN,
        "EBIT": NaN,
        "Net Interest Income": NaN,
        "Interest Expense": NaN,
        "Interest Income": NaN,
        "Normalized Income": NaN,
        "Net Income From Continuing And Discontinued Operation": NaN,
        "Total Expenses": NaN,
        "Total Operating Income As Reported": NaN,
        "Diluted Average Shares": 156373651.0,
        "Basic Average Shares": 156373651.0,
        "Diluted EPS": -0.59,
        "Basic EPS": -0.59,
        "Diluted NI Availto Com Stockholders": NaN,
        "Net Income Common Stockholders": NaN,
        "Net Income": NaN,
        "Net Income Including Noncontrolling Interests": NaN,
        "Net Income Continuous Operations": NaN,
        "Tax Provision": NaN,
        "Pretax Income": NaN,
        "Other Income Expense": NaN,
        "Other Non Operating Income Expenses": NaN,
        "Gain On Sale Of Security": 8676000.0,
        "Net Non Operating Interest Income Expense": NaN,
        "Interest Expense Non Operating": NaN,
        "Interest Income Non Operating": NaN,
        "Operating Income": NaN,
        "Operating Expense": NaN,
        "Research And Development": NaN,
        "Selling General And Administration": NaN,
        "General And Administrative Expense": NaN,
        "Other Gand A": NaN,
        "Total Revenue": NaN,
        "Operating Revenue": NaN
    },
    "2022-09-30": {
        "Tax Effect Of Unusual Items": NaN,
        "Tax Rate For Calcs": NaN,
        "Normalized EBITDA": NaN,
        "Total Unusual Items": -7600000.0,
        "Total Unusual Items Excluding Goodwill": -7600000.0,
        "Net Income From Continuing Operation Net Minority Interest": NaN,
        "Reconciled Depreciation": NaN,
        "EBITDA": NaN,
        "EBIT": NaN,
        "Net Interest Income": NaN,
        "Interest Expense": NaN,
        "Interest Income": NaN,
        "Normalized Income": NaN,
        "Net Income From Continuing And Discontinued Operation": NaN,
        "Total Expenses": NaN,
        "Total Operating Income As Reported": NaN,
        "Diluted Average Shares": NaN,
        "Basic Average Shares": NaN,
        "Diluted EPS": NaN,
        "Basic EPS": NaN,
        "Diluted NI Availto Com Stockholders": NaN,
        "Net Income Common Stockholders": NaN,
        "Net Income": NaN,
        "Net Income Including Noncontrolling Interests": NaN,
        "Net Income Continuous Operations": NaN,
        "Tax Provision": NaN,
        "Pretax Income": NaN,
        "Other Income Expense": NaN,
        "Other Non Operating Income Expenses": NaN,
        "Gain On Sale Of Security": -7600000.0,
        "Net Non Operating Interest Income Expense": NaN,
        "Interest Expense Non Operating": NaN,
        "Interest Income Non Operating": NaN,
        "Operating Income": NaN,
        "Operating Expense": NaN,
        "Research And Development": NaN,
        "Selling General And Administration": NaN,
        "General And Administrative Expense": NaN,
        "Other Gand A": NaN,
        "Total Revenue": NaN,
        "Operating Revenue": NaN
    },
    "2022-06-30": {
        "Tax Effect Of Unusual Items": 0.0,
        "Tax Rate For Calcs": 0.0,
        "Normalized EBITDA": -93006000.0,
        "Total Unusual Items": 1860000.0,
        "Total Unusual Items Excluding Goodwill": 1860000.0,
        "Net Income From Continuing Operation Net Minority Interest": -90471000.0,
        "Reconciled Depreciation": 1223000.0,
        "EBITDA": -93006000.0,
        "EBIT": -93006000.0,
        "Net Interest Income": 667000.0,
        "Interest Expense": NaN,
        "Interest Income": 667000.0,
        "Normalized Income": -90471000.0,
        "Net Income From Continuing And Discontinued Operation": -90471000.0,
        "Total Expenses": 93006000.0,
        "Total Operating Income As Reported": -93006000.0,
        "Diluted Average Shares": 148295716.0,
        "Basic Average Shares": 148295716.0,
        "Diluted EPS": -0.61,
        "Basic EPS": -0.61,
        "Diluted NI Availto Com Stockholders": -90471000.0,
        "Net Income Common Stockholders": -90471000.0,
        "Net Income": -90471000.0,
        "Net Income Including Noncontrolling Interests": -90471000.0,
        "Net Income Continuous Operations": -90471000.0,
        "Tax Provision": 0.0,
        "Pretax Income": -90471000.0,
        "Other Income Expense": 1868000.0,
        "Other Non Operating Income Expenses": 1868000.0,
        "Gain On Sale Of Security": 1860000.0,
        "Net Non Operating Interest Income Expense": 667000.0,
        "Interest Expense Non Operating": NaN,
        "Interest Income Non Operating": 667000.0,
        "Operating Income": -93006000.0,
        "Operating Expense": 93006000.0,
        "Research And Development": 72539000.0,
        "Selling General And Administration": 20467000.0,
        "General And Administrative Expense": 20467000.0,
        "Other Gand A": 20467000.0,
        "Total Revenue": 0.0,
        "Operating Revenue": 0.0
    },
    "2023-06-30": {
        "Tax Effect Of Unusual Items": 0.0,
        "Tax Rate For Calcs": 0.21,
        "Normalized EBITDA": -95435000.0,
        "Total Unusual Items": -9758000.0,
        "Total Unusual Items Excluding Goodwill": -9758000.0,
        "Net Income From Continuing Operation Net Minority Interest": -99535000.0,
        "Reconciled Depreciation": 1353000.0,
        "EBITDA": -95435000.0,
        "EBIT": -96788000.0,
        "Net Interest Income": 7180000.0,
        "Interest Expense": 2640000.0,
        "Interest Income": 9820000.0,
        "Normalized Income": -99535000.0,
        "Net Income From Continuing And Discontinued Operation": -99535000.0,
        "Total Expenses": 96843000.0,
        "Total Operating Income As Reported": -96843000.0,
        "Diluted Average Shares": 157050677.0,
        "Basic Average Shares": 157050677.0,
        "Diluted EPS": -0.63,
        "Basic EPS": -0.63,
        "Diluted NI Availto Com Stockholders": -99535000.0,
        "Net Income Common Stockholders": -99535000.0,
        "Net Income": -99535000.0,
        "Net Income Including Noncontrolling Interests": -99535000.0,
        "Net Income Continuous Operations": -99535000.0,
        "Tax Provision": 107000.0,
        "Pretax Income": -99428000.0,
        "Other Income Expense": -9765000.0,
        "Other Non Operating Income Expenses": -9765000.0,
        "Gain On Sale Of Security": -9758000.0,
        "Net Non Operating Interest Income Expense": 7180000.0,
        "Interest Expense Non Operating": 2640000.0,
        "Interest Income Non Operating": 9820000.0,
        "Operating Income": -96843000.0,
        "Operating Expense": 96843000.0,
        "Research And Development": 74081000.0,
        "Selling General And Administration": 22762000.0,
        "General And Administrative Expense": 22762000.0,
        "Other Gand A": 22762000.0,
        "Total Revenue": 0.0,
        "Operating Revenue": 0.0
    },
    "2022-03-31": {
        "Diluted EPS": -0.46,
        "Total Revenue": NaN,
        "Gross Profit": NaN,
        "Operating Income": -73,
        "EBIT": -71,
        "Net Income": -68
    },
    "2021-12-31": {
        "Diluted EPS": -0.4,
        "Total Revenue": NaN,
        "Gross Profit": NaN,
        "Operating Income": -64,
        "EBIT": -63,
        "Net Income": -59
    },
    "2021-09-30": {
        "Diluted EPS": -0.43,
        "Total Revenue": NaN,
        "Gross Profit": NaN,
        "Operating Income": -55,
        "EBIT": -54,
        "Net Income": -62
    },
    "2021-06-30": {
        "Diluted EPS": -0.42,
        "Total Revenue": NaN,
        "Gross Profit": NaN,
        "Operating Income": -51,
        "EBIT": -50,
        "Net Income": -53
    },
    "2021-03-31": {
        "Diluted EPS": -0.4,
        "Total Revenue": NaN,
        "Gross Profit": NaN,
        "Operating Income": -51,
        "EBIT": -51,
        "Net Income": -51
    },
    "2020-12-31": {
        "Diluted EPS": -0.08,
        "Total Revenue": NaN,
        "Gross Profit": NaN,
        "Operating Income": -42,
        "EBIT": -42,
        "Net Income": -29
    },
    "2020-09-30": {
        "Diluted EPS": -0.62,
        "Total Revenue": NaN,
        "Gross Profit": NaN,
        "Operating Income": -34,
        "EBIT": -34,
        "Net Income": -39
    },
    "2020-06-30": {
        "Diluted EPS": -0.44,
        "Total Revenue": NaN,
        "Gross Profit": NaN,
        "Operating Income": -35,
        "EBIT": -35,
        "Net Income": -27
    },
    "2020-03-31": {
        "Diluted EPS": -0.87,
        "Total Revenue": NaN,
        "Gross Profit": NaN,
        "Operating Income": -38,
        "EBIT": -38,
        "Net Income": -53
    },
    "2019-12-31": {
        "Diluted EPS": 0.0,
        "Total Revenue": NaN,
        "Gross Profit": NaN,
        "Operating Income": NaN,
        "EBIT": NaN,
        "Net Income": NaN
    },
    "2018-12-31": {
        "Diluted EPS": 0.0,
        "Total Revenue": NaN,
        "Gross Profit": NaN,
        "Operating Income": NaN,
        "EBIT": NaN,
        "Net Income": NaN
    },
    "2023-09-30": {
        "Tax Effect Of Unusual Items": 0.0,
        "Tax Rate For Calcs": 0.21,
        "Normalized EBITDA": -92145000.0,
        "Total Unusual Items": NaN,
        "Total Unusual Items Excluding Goodwill": NaN,
        "Net Income From Continuing Operation Net Minority Interest": -96361000.0,
        "Reconciled Depreciation": 1449000.0,
        "EBITDA": -92145000.0,
        "EBIT": -93594000.0,
        "Net Interest Income": 7247000.0,
        "Interest Expense": 2644000.0,
        "Interest Income": 9891000.0,
        "Normalized Income": -96361000.0,
        "Net Income From Continuing And Discontinued Operation": -96361000.0,
        "Total Expenses": 111307000.0,
        "Total Operating Income As Reported": -111307000.0,
        "Diluted Average Shares": 157498891.0,
        "Basic Average Shares": 157498891.0,
        "Diluted EPS": -0.61,
        "Basic EPS": -0.61,
        "Diluted NI Availto Com Stockholders": -96361000.0,
        "Net Income Common Stockholders": -96361000.0,
        "Net Income": -96361000.0,
        "Net Income Including Noncontrolling Interests": -96361000.0,
        "Net Income Continuous Operations": -96361000.0,
        "Tax Provision": 123000.0,
        "Pretax Income": -96238000.0,
        "Other Income Expense": 7822000.0,
        "Other Non Operating Income Expenses": 7822000.0,
        "Gain On Sale Of Security": NaN,
        "Net Non Operating Interest Income Expense": 7247000.0,
        "Interest Expense Non Operating": 2644000.0,
        "Interest Income Non Operating": 9891000.0,
        "Operating Income": -111307000.0,
        "Operating Expense": 111307000.0,
        "Research And Development": 85252000.0,
        "Selling General And Administration": 26055000.0,
        "General And Administrative Expense": 26055000.0,
        "Other Gand A": 26055000.0,
        "Total Revenue": 0.0,
        "Operating Revenue": 0.0
    },
    "2023-12-31": {
        "Tax Effect Of Unusual Items": 0.0,
        "Tax Rate For Calcs": 0.21,
        "Normalized EBITDA": -128321000.0,
        "Total Unusual Items": NaN,
        "Total Unusual Items Excluding Goodwill": NaN,
        "Net Income From Continuing Operation Net Minority Interest": -132660000.0,
        "Reconciled Depreciation": 1504000.0,
        "EBITDA": -128321000.0,
        "EBIT": -129825000.0,
        "Net Interest Income": 12431000.0,
        "Interest Expense": 2647000.0,
        "Interest Income": 15078000.0,
        "Normalized Income": -132660000.0,
        "Net Income From Continuing And Discontinued Operation": -132660000.0,
        "Total Expenses": 139564000.0,
        "Total Operating Income As Reported": -139564000.0,
        "Diluted Average Shares": NaN,
        "Basic Average Shares": NaN,
        "Diluted EPS": NaN,
        "Basic EPS": NaN,
        "Diluted NI Availto Com Stockholders": -132660000.0,
        "Net Income Common Stockholders": -132660000.0,
        "Net Income": -132660000.0,
        "Net Income Including Noncontrolling Interests": -132660000.0,
        "Net Income Continuous Operations": -132660000.0,
        "Tax Provision": 188000.0,
        "Pretax Income": -132472000.0,
        "Other Income Expense": -5339000.0,
        "Other Non Operating Income Expenses": -5339000.0,
        "Gain On Sale Of Security": NaN,
        "Net Non Operating Interest Income Expense": 12431000.0,
        "Interest Expense Non Operating": 2647000.0,
        "Interest Income Non Operating": 15078000.0,
        "Operating Income": -139564000.0,
        "Operating Expense": 139564000.0,
        "Research And Development": 97127000.0,
        "Selling General And Administration": 42437000.0,
        "General And Administrative Expense": 42437000.0,
        "Other Gand A": 42437000.0,
        "Total Revenue": 0.0,
        "Operating Revenue": 0.0
    },
    "2024-03-31": {
        "Tax Effect Of Unusual Items": 0.0,
        "Tax Rate For Calcs": 0.4,
        "Normalized EBITDA": -127581000.0,
        "Total Unusual Items": NaN,
        "Total Unusual Items Excluding Goodwill": NaN,
        "Net Income From Continuing Operation Net Minority Interest": -131912000.0,
        "Reconciled Depreciation": 1541000.0,
        "EBITDA": -127581000.0,
        "EBIT": -129122000.0,
        "Net Interest Income": 11803000.0,
        "Interest Expense": 2652000.0,
        "Interest Income": 14455000.0,
        "Normalized Income": -131912000.0,
        "Net Income From Continuing And Discontinued Operation": -131912000.0,
        "Total Expenses": 142656000.0,
        "Total Operating Income As Reported": -142656000.0,
        "Diluted Average Shares": 181610675.0,
        "Basic Average Shares": 181610675.0,
        "Diluted EPS": -0.73,
        "Basic EPS": -0.73,
        "Diluted NI Availto Com Stockholders": -131912000.0,
        "Net Income Common Stockholders": -131912000.0,
        "Net Income": -131912000.0,
        "Net Income Including Noncontrolling Interests": -131912000.0,
        "Net Income Continuous Operations": -131912000.0,
        "Tax Provision": 138000.0,
        "Pretax Income": -131774000.0,
        "Other Income Expense": -921000.0,
        "Other Non Operating Income Expenses": -921000.0,
        "Gain On Sale Of Security": NaN,
        "Net Non Operating Interest Income Expense": 11803000.0,
        "Interest Expense Non Operating": 2652000.0,
        "Interest Income Non Operating": 14455000.0,
        "Operating Income": -142656000.0,
        "Operating Expense": 142656000.0,
        "Research And Development": 106425000.0,
        "Selling General And Administration": 36231000.0,
        "General And Administrative Expense": 36231000.0,
        "Other Gand A": 36231000.0,
        "Total Revenue": 0.0,
        "Operating Revenue": 0.0
    }
}