{
    "2023-03-31": {
        "Tax Effect Of Unusual Items": NaN,
        "Tax Rate For Calcs": NaN,
        "Normalized EBITDA": NaN,
        "Total Unusual Items": NaN,
        "Total Unusual Items Excluding Goodwill": NaN,
        "Net Income From Continuing Operation Net Minority Interest": NaN,
        "Reconciled Depreciation": NaN,
        "Reconciled Cost Of Revenue": NaN,
        "EBITDA": NaN,
        "EBIT": NaN,
        "Net Interest Income": NaN,
        "Interest Expense": NaN,
        "Interest Income": NaN,
        "Normalized Income": NaN,
        "Net Income From Continuing And Discontinued Operation": NaN,
        "Total Expenses": NaN,
        "Total Operating Income As Reported": NaN,
        "Diluted Average Shares": NaN,
        "Basic Average Shares": NaN,
        "Diluted EPS": NaN,
        "Basic EPS": NaN,
        "Diluted NI Availto Com Stockholders": NaN,
        "Net Income Common Stockholders": NaN,
        "Net Income": NaN,
        "Minority Interests": NaN,
        "Net Income Including Noncontrolling Interests": NaN,
        "Net Income Continuous Operations": NaN,
        "Tax Provision": NaN,
        "Pretax Income": NaN,
        "Other Income Expense": NaN,
        "Other Non Operating Income Expenses": 3000000.0,
        "Special Income Charges": NaN,
        "Impairment Of Capital Assets": NaN,
        "Restructuring And Mergern Acquisition": NaN,
        "Earnings From Equity Interest": NaN,
        "Net Non Operating Interest Income Expense": NaN,
        "Total Other Finance Cost": NaN,
        "Interest Expense Non Operating": NaN,
        "Interest Income Non Operating": NaN,
        "Operating Income": NaN,
        "Operating Expense": NaN,
        "Other Operating Expenses": NaN,
        "Selling General And Administration": NaN,
        "General And Administrative Expense": NaN,
        "Other Gand A": NaN,
        "Gross Profit": NaN,
        "Cost Of Revenue": NaN,
        "Total Revenue": NaN,
        "Operating Revenue": NaN
    },
    "2022-12-31": {
        "Tax Effect Of Unusual Items": NaN,
        "Tax Rate For Calcs": NaN,
        "Normalized EBITDA": NaN,
        "Total Unusual Items": NaN,
        "Total Unusual Items Excluding Goodwill": NaN,
        "Net Income From Continuing Operation Net Minority Interest": NaN,
        "Reconciled Depreciation": NaN,
        "Reconciled Cost Of Revenue": NaN,
        "EBITDA": NaN,
        "EBIT": NaN,
        "Net Interest Income": NaN,
        "Interest Expense": NaN,
        "Interest Income": NaN,
        "Normalized Income": NaN,
        "Net Income From Continuing And Discontinued Operation": NaN,
        "Total Expenses": NaN,
        "Total Operating Income As Reported": NaN,
        "Diluted Average Shares": NaN,
        "Basic Average Shares": NaN,
        "Diluted EPS": NaN,
        "Basic EPS": NaN,
        "Diluted NI Availto Com Stockholders": NaN,
        "Net Income Common Stockholders": NaN,
        "Net Income": NaN,
        "Minority Interests": NaN,
        "Net Income Including Noncontrolling Interests": NaN,
        "Net Income Continuous Operations": NaN,
        "Tax Provision": NaN,
        "Pretax Income": NaN,
        "Other Income Expense": NaN,
        "Other Non Operating Income Expenses": NaN,
        "Special Income Charges": NaN,
        "Other Special Charges": 0.0,
        "Impairment Of Capital Assets": 0.0,
        "Restructuring And Mergern Acquisition": NaN,
        "Earnings From Equity Interest": NaN,
        "Net Non Operating Interest Income Expense": NaN,
        "Total Other Finance Cost": NaN,
        "Interest Expense Non Operating": NaN,
        "Interest Income Non Operating": NaN,
        "Operating Income": NaN,
        "Operating Expense": NaN,
        "Other Operating Expenses": NaN,
        "Selling General And Administration": NaN,
        "General And Administrative Expense": NaN,
        "Other Gand A": NaN,
        "Gross Profit": NaN,
        "Cost Of Revenue": NaN,
        "Total Revenue": NaN,
        "Operating Revenue": NaN
    },
    "2022-09-30": {
        "Tax Effect Of Unusual Items": NaN,
        "Tax Rate For Calcs": NaN,
        "Normalized EBITDA": NaN,
        "Total Unusual Items": NaN,
        "Total Unusual Items Excluding Goodwill": NaN,
        "Net Income From Continuing Operation Net Minority Interest": NaN,
        "Reconciled Depreciation": NaN,
        "Reconciled Cost Of Revenue": NaN,
        "EBITDA": NaN,
        "EBIT": NaN,
        "Net Interest Income": NaN,
        "Interest Expense": NaN,
        "Interest Income": NaN,
        "Normalized Income": NaN,
        "Net Income From Continuing And Discontinued Operation": NaN,
        "Total Expenses": NaN,
        "Total Operating Income As Reported": NaN,
        "Diluted Average Shares": NaN,
        "Basic Average Shares": NaN,
        "Diluted EPS": NaN,
        "Basic EPS": NaN,
        "Diluted NI Availto Com Stockholders": NaN,
        "Net Income Common Stockholders": NaN,
        "Net Income": NaN,
        "Minority Interests": NaN,
        "Net Income Including Noncontrolling Interests": NaN,
        "Net Income Continuous Operations": NaN,
        "Tax Provision": NaN,
        "Pretax Income": NaN,
        "Other Income Expense": NaN,
        "Other Non Operating Income Expenses": NaN,
        "Special Income Charges": NaN,
        "Other Special Charges": NaN,
        "Impairment Of Capital Assets": 87000000.0,
        "Restructuring And Mergern Acquisition": NaN,
        "Earnings From Equity Interest": NaN,
        "Net Non Operating Interest Income Expense": NaN,
        "Total Other Finance Cost": NaN,
        "Interest Expense Non Operating": NaN,
        "Interest Income Non Operating": NaN,
        "Operating Income": NaN,
        "Operating Expense": NaN,
        "Other Operating Expenses": NaN,
        "Selling General And Administration": NaN,
        "General And Administrative Expense": 66000000.0,
        "Other Gand A": 66000000.0,
        "Gross Profit": NaN,
        "Cost Of Revenue": NaN,
        "Total Revenue": NaN,
        "Operating Revenue": NaN
    },
    "2022-06-30": {
        "Tax Effect Of Unusual Items": -35784198.113208,
        "Tax Rate For Calcs": 0.210495,
        "Normalized EBITDA": 2171000000.0,
        "Total Unusual Items": -170000000.0,
        "Total Unusual Items Excluding Goodwill": -170000000.0,
        "Net Income From Continuing Operation Net Minority Interest": 1165000000.0,
        "Reconciled Depreciation": 223000000.0,
        "Reconciled Cost Of Revenue": 1398000000.0,
        "EBITDA": 2001000000.0,
        "EBIT": 1778000000.0,
        "Net Interest Income": -74000000.0,
        "Interest Expense": 82000000.0,
        "Interest Income": 8000000.0,
        "Normalized Income": 1299215801.886792,
        "Net Income From Continuing And Discontinued Operation": 1165000000.0,
        "Total Expenses": 1477000000.0,
        "Total Operating Income As Reported": 1778000000.0,
        "Diluted Average Shares": 208900000.0,
        "Basic Average Shares": 208200000.0,
        "Diluted EPS": 5.58,
        "Basic EPS": 5.59,
        "Diluted NI Availto Com Stockholders": 1165000000.0,
        "Net Income Common Stockholders": 1165000000.0,
        "Net Income": 1165000000.0,
        "Minority Interests": -174000000.0,
        "Net Income Including Noncontrolling Interests": 1339000000.0,
        "Net Income Continuous Operations": 1339000000.0,
        "Tax Provision": 357000000.0,
        "Pretax Income": 1696000000.0,
        "Other Income Expense": -142000000.0,
        "Other Non Operating Income Expenses": NaN,
        "Special Income Charges": -170000000.0,
        "Other Special Charges": 8000000.0,
        "Impairment Of Capital Assets": NaN,
        "Restructuring And Mergern Acquisition": 162000000.0,
        "Earnings From Equity Interest": 28000000.0,
        "Net Non Operating Interest Income Expense": -74000000.0,
        "Total Other Finance Cost": 2000000.0,
        "Interest Expense Non Operating": 82000000.0,
        "Interest Income Non Operating": 8000000.0,
        "Operating Income": 1912000000.0,
        "Operating Expense": 79000000.0,
        "Other Operating Expenses": 6000000.0,
        "Selling General And Administration": 73000000.0,
        "General And Administrative Expense": 73000000.0,
        "Other Gand A": 73000000.0,
        "Gross Profit": 1991000000.0,
        "Cost Of Revenue": 1398000000.0,
        "Total Revenue": 3389000000.0,
        "Operating Revenue": 3389000000.0
    },
    "2023-06-30": {
        "Tax Effect Of Unusual Items": NaN,
        "Tax Rate For Calcs": NaN,
        "Normalized EBITDA": NaN,
        "Total Unusual Items": NaN,
        "Total Unusual Items Excluding Goodwill": NaN,
        "Net Income From Continuing Operation Net Minority Interest": NaN,
        "Reconciled Depreciation": NaN,
        "Reconciled Cost Of Revenue": NaN,
        "EBITDA": NaN,
        "EBIT": NaN,
        "Net Interest Income": NaN,
        "Interest Expense": NaN,
        "Interest Income": NaN,
        "Normalized Income": NaN,
        "Net Income From Continuing And Discontinued Operation": NaN,
        "Total Expenses": NaN,
        "Total Operating Income As Reported": NaN,
        "Diluted Average Shares": NaN,
        "Basic Average Shares": NaN,
        "Diluted EPS": NaN,
        "Basic EPS": NaN,
        "Diluted NI Availto Com Stockholders": NaN,
        "Net Income Common Stockholders": NaN,
        "Net Income": NaN,
        "Minority Interests": NaN,
        "Net Income Including Noncontrolling Interests": NaN,
        "Net Income Continuous Operations": NaN,
        "Tax Provision": NaN,
        "Pretax Income": NaN,
        "Other Income Expense": NaN,
        "Other Non Operating Income Expenses": NaN,
        "Special Income Charges": NaN,
        "Impairment Of Capital Assets": 0.0,
        "Restructuring And Mergern Acquisition": NaN,
        "Earnings From Equity Interest": NaN,
        "Net Non Operating Interest Income Expense": NaN,
        "Total Other Finance Cost": NaN,
        "Interest Expense Non Operating": NaN,
        "Interest Income Non Operating": NaN,
        "Operating Income": NaN,
        "Operating Expense": NaN,
        "Other Operating Expenses": NaN,
        "Selling General And Administration": NaN,
        "General And Administrative Expense": 71000000.0,
        "Other Gand A": 71000000.0,
        "Gross Profit": NaN,
        "Cost Of Revenue": NaN,
        "Total Revenue": NaN,
        "Operating Revenue": NaN
    },
    "2023-09-30": {
        "Tax Effect Of Unusual Items": NaN,
        "Tax Rate For Calcs": NaN,
        "Normalized EBITDA": NaN,
        "Total Unusual Items": NaN,
        "Total Unusual Items Excluding Goodwill": NaN,
        "Net Income From Continuing Operation Net Minority Interest": NaN,
        "Reconciled Depreciation": NaN,
        "Reconciled Cost Of Revenue": NaN,
        "EBITDA": NaN,
        "EBIT": NaN,
        "Net Interest Income": NaN,
        "Interest Expense": NaN,
        "Interest Income": NaN,
        "Normalized Income": NaN,
        "Net Income From Continuing And Discontinued Operation": NaN,
        "Total Expenses": NaN,
        "Total Operating Income As Reported": NaN,
        "Diluted Average Shares": NaN,
        "Basic Average Shares": NaN,
        "Diluted EPS": NaN,
        "Basic EPS": NaN,
        "Diluted NI Availto Com Stockholders": NaN,
        "Net Income Common Stockholders": NaN,
        "Net Income": NaN,
        "Minority Interests": NaN,
        "Net Income Including Noncontrolling Interests": NaN,
        "Net Income Continuous Operations": NaN,
        "Tax Provision": NaN,
        "Pretax Income": NaN,
        "Other Income Expense": NaN,
        "Other Non Operating Income Expenses": NaN,
        "Special Income Charges": NaN,
        "Impairment Of Capital Assets": 0.0,
        "Restructuring And Mergern Acquisition": NaN,
        "Earnings From Equity Interest": NaN,
        "Net Non Operating Interest Income Expense": NaN,
        "Total Other Finance Cost": NaN,
        "Interest Expense Non Operating": NaN,
        "Interest Income Non Operating": NaN,
        "Operating Income": NaN,
        "Operating Expense": NaN,
        "Other Operating Expenses": NaN,
        "Selling General And Administration": NaN,
        "General And Administrative Expense": 68000000.0,
        "Other Gand A": 68000000.0,
        "Gross Profit": NaN,
        "Cost Of Revenue": NaN,
        "Total Revenue": NaN,
        "Operating Revenue": NaN
    },
    "2023-12-31": {
        "Tax Effect Of Unusual Items": NaN,
        "Tax Rate For Calcs": NaN,
        "Normalized EBITDA": NaN,
        "Total Unusual Items": NaN,
        "Total Unusual Items Excluding Goodwill": NaN,
        "Net Income From Continuing Operation Net Minority Interest": NaN,
        "Reconciled Depreciation": NaN,
        "Reconciled Cost Of Revenue": NaN,
        "EBITDA": NaN,
        "EBIT": NaN,
        "Net Interest Income": NaN,
        "Interest Expense": NaN,
        "Interest Income": NaN,
        "Normalized Income": NaN,
        "Net Income From Continuing And Discontinued Operation": NaN,
        "Total Expenses": NaN,
        "Total Operating Income As Reported": NaN,
        "Diluted Average Shares": NaN,
        "Basic Average Shares": NaN,
        "Diluted EPS": NaN,
        "Basic EPS": NaN,
        "Diluted NI Availto Com Stockholders": NaN,
        "Net Income Common Stockholders": NaN,
        "Net Income": NaN,
        "Minority Interests": NaN,
        "Net Income Including Noncontrolling Interests": NaN,
        "Net Income Continuous Operations": NaN,
        "Tax Provision": NaN,
        "Pretax Income": NaN,
        "Other Income Expense": NaN,
        "Other Non Operating Income Expenses": NaN,
        "Special Income Charges": NaN,
        "Impairment Of Capital Assets": 0.0,
        "Restructuring And Mergern Acquisition": NaN,
        "Earnings From Equity Interest": NaN,
        "Net Non Operating Interest Income Expense": NaN,
        "Total Other Finance Cost": NaN,
        "Interest Expense Non Operating": NaN,
        "Interest Income Non Operating": NaN,
        "Operating Income": NaN,
        "Operating Expense": NaN,
        "Other Operating Expenses": NaN,
        "Selling General And Administration": NaN,
        "General And Administrative Expense": 76000000.0,
        "Other Gand A": 76000000.0,
        "Gross Profit": NaN,
        "Cost Of Revenue": NaN,
        "Total Revenue": NaN,
        "Operating Revenue": NaN
    },
    "2024-03-31": {
        "Tax Effect Of Unusual Items": NaN,
        "Tax Rate For Calcs": NaN,
        "Normalized EBITDA": NaN,
        "Total Unusual Items": NaN,
        "Total Unusual Items Excluding Goodwill": NaN,
        "Net Income From Continuing Operation Net Minority Interest": NaN,
        "Reconciled Depreciation": NaN,
        "Reconciled Cost Of Revenue": NaN,
        "EBITDA": NaN,
        "EBIT": NaN,
        "Net Interest Income": NaN,
        "Interest Expense": NaN,
        "Interest Income": NaN,
        "Normalized Income": NaN,
        "Net Income From Continuing And Discontinued Operation": NaN,
        "Total Expenses": NaN,
        "Total Operating Income As Reported": NaN,
        "Diluted Average Shares": NaN,
        "Basic Average Shares": NaN,
        "Diluted EPS": NaN,
        "Basic EPS": NaN,
        "Diluted NI Availto Com Stockholders": NaN,
        "Net Income Common Stockholders": NaN,
        "Net Income": NaN,
        "Minority Interests": NaN,
        "Net Income Including Noncontrolling Interests": NaN,
        "Net Income Continuous Operations": NaN,
        "Tax Provision": NaN,
        "Pretax Income": NaN,
        "Other Income Expense": NaN,
        "Other Non Operating Income Expenses": 4000000.0,
        "Special Income Charges": NaN,
        "Impairment Of Capital Assets": NaN,
        "Restructuring And Mergern Acquisition": NaN,
        "Earnings From Equity Interest": NaN,
        "Net Non Operating Interest Income Expense": NaN,
        "Total Other Finance Cost": NaN,
        "Interest Expense Non Operating": NaN,
        "Interest Income Non Operating": NaN,
        "Operating Income": NaN,
        "Operating Expense": NaN,
        "Other Operating Expenses": NaN,
        "Selling General And Administration": NaN,
        "General And Administrative Expense": NaN,
        "Other Gand A": NaN,
        "Gross Profit": NaN,
        "Cost Of Revenue": NaN,
        "Total Revenue": NaN,
        "Operating Revenue": NaN
    },
    "2024-06-30": {
        "Tax Effect Of Unusual Items": -195548.489666,
        "Tax Rate For Calcs": 0.195548,
        "Normalized EBITDA": 887000000.0,
        "Total Unusual Items": -1000000.0,
        "Total Unusual Items Excluding Goodwill": -1000000.0,
        "Net Income From Continuing Operation Net Minority Interest": 420000000.0,
        "Reconciled Depreciation": 222000000.0,
        "Reconciled Cost Of Revenue": 893000000.0,
        "EBITDA": 886000000.0,
        "EBIT": 664000000.0,
        "Net Interest Income": -9000000.0,
        "Interest Expense": 35000000.0,
        "Interest Income": 28000000.0,
        "Normalized Income": 420804451.510334,
        "Net Income From Continuing And Discontinued Operation": 420000000.0,
        "Total Expenses": 930000000.0,
        "Total Operating Income As Reported": 638000000.0,
        "Diluted Average Shares": 182800000.0,
        "Basic Average Shares": 182700000.0,
        "Diluted EPS": 2.3,
        "Basic EPS": 2.3,
        "Diluted NI Availto Com Stockholders": 420000000.0,
        "Net Income Common Stockholders": 420000000.0,
        "Net Income": 420000000.0,
        "Minority Interests": -86000000.0,
        "Net Income Including Noncontrolling Interests": 506000000.0,
        "Net Income Continuous Operations": 506000000.0,
        "Tax Provision": 123000000.0,
        "Pretax Income": 629000000.0,
        "Other Income Expense": -4000000.0,
        "Other Non Operating Income Expenses": NaN,
        "Special Income Charges": -1000000.0,
        "Impairment Of Capital Assets": NaN,
        "Restructuring And Mergern Acquisition": 1000000.0,
        "Earnings From Equity Interest": -3000000.0,
        "Net Non Operating Interest Income Expense": -9000000.0,
        "Total Other Finance Cost": 2000000.0,
        "Interest Expense Non Operating": 35000000.0,
        "Interest Income Non Operating": 28000000.0,
        "Operating Income": 642000000.0,
        "Operating Expense": 37000000.0,
        "Other Operating Expenses": -39000000.0,
        "Selling General And Administration": 76000000.0,
        "General And Administrative Expense": NaN,
        "Other Gand A": NaN,
        "Gross Profit": 679000000.0,
        "Cost Of Revenue": 893000000.0,
        "Total Revenue": 1572000000.0,
        "Operating Revenue": 1572000000.0
    },
    "2024-09-30": {
        "Tax Effect Of Unusual Items": 0.0,
        "Tax Rate For Calcs": 0.148,
        "Normalized EBITDA": 663000000.0,
        "Total Unusual Items": 0.0,
        "Total Unusual Items Excluding Goodwill": 0.0,
        "Net Income From Continuing Operation Net Minority Interest": 276000000.0,
        "Reconciled Depreciation": 229000000.0,
        "Reconciled Cost Of Revenue": 926000000.0,
        "EBITDA": 663000000.0,
        "EBIT": 434000000.0,
        "Net Interest Income": 32000000.0,
        "Interest Expense": 34000000.0,
        "Interest Income": 69000000.0,
        "Normalized Income": 276000000.0,
        "Net Income From Continuing And Discontinued Operation": 276000000.0,
        "Total Expenses": 1008000000.0,
        "Total Operating Income As Reported": 364000000.0,
        "Diluted Average Shares": 178600000.0,
        "Basic Average Shares": 178400000.0,
        "Diluted EPS": 1.55,
        "Basic EPS": 1.55,
        "Diluted NI Availto Com Stockholders": 276000000.0,
        "Net Income Common Stockholders": 276000000.0,
        "Net Income": 276000000.0,
        "Minority Interests": -65000000.0,
        "Net Income Including Noncontrolling Interests": 341000000.0,
        "Net Income Continuous Operations": 341000000.0,
        "Tax Provision": 59000000.0,
        "Pretax Income": 400000000.0,
        "Other Income Expense": 6000000.0,
        "Other Non Operating Income Expenses": 4000000.0,
        "Special Income Charges": 0.0,
        "Impairment Of Capital Assets": NaN,
        "Restructuring And Mergern Acquisition": 0.0,
        "Earnings From Equity Interest": 2000000.0,
        "Net Non Operating Interest Income Expense": 32000000.0,
        "Total Other Finance Cost": 3000000.0,
        "Interest Expense Non Operating": 34000000.0,
        "Interest Income Non Operating": 69000000.0,
        "Operating Income": 362000000.0,
        "Operating Expense": 82000000.0,
        "Other Operating Expenses": 4000000.0,
        "Selling General And Administration": 78000000.0,
        "General And Administrative Expense": NaN,
        "Other Gand A": NaN,
        "Gross Profit": 444000000.0,
        "Cost Of Revenue": 926000000.0,
        "Total Revenue": 1370000000.0,
        "Operating Revenue": 1370000000.0
    },
    "2024-12-31": {
        "Tax Effect Of Unusual Items": 3314087.759815,
        "Tax Rate For Calcs": 0.094688,
        "Normalized EBITDA": 654000000.0,
        "Total Unusual Items": 35000000.0,
        "Total Unusual Items Excluding Goodwill": 35000000.0,
        "Net Income From Continuing Operation Net Minority Interest": 328000000.0,
        "Reconciled Depreciation": 221000000.0,
        "Reconciled Cost Of Revenue": 1000000000.0,
        "EBITDA": 689000000.0,
        "EBIT": 468000000.0,
        "Net Interest Income": -14000000.0,
        "Interest Expense": 35000000.0,
        "Interest Income": 23000000.0,
        "Normalized Income": 296314087.759815,
        "Net Income From Continuing And Discontinued Operation": 328000000.0,
        "Total Expenses": 1121000000.0,
        "Total Operating Income As Reported": 441000000.0,
        "Diluted Average Shares": 173500000.0,
        "Basic Average Shares": 173200000.0,
        "Diluted EPS": 1.89,
        "Basic EPS": 1.89,
        "Diluted NI Availto Com Stockholders": 328000000.0,
        "Net Income Common Stockholders": 328000000.0,
        "Net Income": 328000000.0,
        "Minority Interests": -64000000.0,
        "Net Income Including Noncontrolling Interests": 392000000.0,
        "Net Income Continuous Operations": 392000000.0,
        "Tax Provision": 41000000.0,
        "Pretax Income": 433000000.0,
        "Other Income Expense": 44000000.0,
        "Other Non Operating Income Expenses": 6000000.0,
        "Special Income Charges": 35000000.0,
        "Impairment Of Capital Assets": NaN,
        "Restructuring And Mergern Acquisition": 0.0,
        "Earnings From Equity Interest": 3000000.0,
        "Net Non Operating Interest Income Expense": -14000000.0,
        "Total Other Finance Cost": 2000000.0,
        "Interest Expense Non Operating": 35000000.0,
        "Interest Income Non Operating": 23000000.0,
        "Operating Income": 403000000.0,
        "Operating Expense": 121000000.0,
        "Other Operating Expenses": 43000000.0,
        "Selling General And Administration": 78000000.0,
        "General And Administrative Expense": NaN,
        "Other Gand A": NaN,
        "Gross Profit": 524000000.0,
        "Cost Of Revenue": 1000000000.0,
        "Total Revenue": 1524000000.0,
        "Operating Revenue": 1524000000.0
    },
    "2025-03-31": {
        "Tax Effect Of Unusual Items": -4554000.0,
        "Tax Rate For Calcs": 0.198,
        "Normalized EBITDA": 716000000.0,
        "Total Unusual Items": -23000000.0,
        "Total Unusual Items Excluding Goodwill": -23000000.0,
        "Net Income From Continuing Operation Net Minority Interest": 312000000.0,
        "Reconciled Depreciation": 221000000.0,
        "Reconciled Cost Of Revenue": 1091000000.0,
        "EBITDA": 693000000.0,
        "EBIT": 472000000.0,
        "Net Interest Income": -20000000.0,
        "Interest Expense": 35000000.0,
        "Interest Income": 17000000.0,
        "Normalized Income": 330446000.0,
        "Net Income From Continuing And Discontinued Operation": 312000000.0,
        "Total Expenses": 1189000000.0,
        "Total Operating Income As Reported": 455000000.0,
        "Diluted Average Shares": 168800000.0,
        "Basic Average Shares": 168600000.0,
        "Diluted EPS": 1.85,
        "Basic EPS": 1.85,
        "Diluted NI Availto Com Stockholders": 312000000.0,
        "Net Income Common Stockholders": 312000000.0,
        "Net Income": 312000000.0,
        "Minority Interests": -39000000.0,
        "Net Income Including Noncontrolling Interests": 351000000.0,
        "Net Income Continuous Operations": 351000000.0,
        "Tax Provision": 86000000.0,
        "Pretax Income": 437000000.0,
        "Other Income Expense": -17000000.0,
        "Other Non Operating Income Expenses": 2000000.0,
        "Special Income Charges": -23000000.0,
        "Impairment Of Capital Assets": NaN,
        "Restructuring And Mergern Acquisition": 23000000.0,
        "Earnings From Equity Interest": 4000000.0,
        "Net Non Operating Interest Income Expense": -20000000.0,
        "Total Other Finance Cost": 2000000.0,
        "Interest Expense Non Operating": 35000000.0,
        "Interest Income Non Operating": 17000000.0,
        "Operating Income": 474000000.0,
        "Operating Expense": 98000000.0,
        "Other Operating Expenses": 14000000.0,
        "Selling General And Administration": 84000000.0,
        "General And Administrative Expense": NaN,
        "Other Gand A": NaN,
        "Gross Profit": 572000000.0,
        "Cost Of Revenue": 1091000000.0,
        "Total Revenue": 1663000000.0,
        "Operating Revenue": 1663000000.0
    },
    "2025-06-30": {
        "Tax Effect Of Unusual Items": 0.0,
        "Tax Rate For Calcs": 0.225197,
        "Normalized EBITDA": 901000000.0,
        "Total Unusual Items": 0.0,
        "Total Unusual Items Excluding Goodwill": 0.0,
        "Net Income From Continuing Operation Net Minority Interest": 386000000.0,
        "Reconciled Depreciation": 232000000.0,
        "Reconciled Cost Of Revenue": 1135000000.0,
        "EBITDA": 901000000.0,
        "EBIT": 669000000.0,
        "Net Interest Income": -19000000.0,
        "Interest Expense": 34000000.0,
        "Interest Income": 17000000.0,
        "Normalized Income": 386000000.0,
        "Net Income From Continuing And Discontinued Operation": 386000000.0,
        "Total Expenses": 1244000000.0,
        "Total Operating Income As Reported": 648000000.0,
        "Diluted Average Shares": 163100000.0,
        "Basic Average Shares": 162900000.0,
        "Diluted EPS": 2.37,
        "Basic EPS": 2.37,
        "Diluted NI Availto Com Stockholders": 386000000.0,
        "Net Income Common Stockholders": 386000000.0,
        "Net Income": 386000000.0,
        "Minority Interests": -106000000.0,
        "Net Income Including Noncontrolling Interests": 492000000.0,
        "Net Income Continuous Operations": 492000000.0,
        "Tax Provision": 143000000.0,
        "Pretax Income": 635000000.0,
        "Other Income Expense": 8000000.0,
        "Other Non Operating Income Expenses": 6000000.0,
        "Special Income Charges": 0.0,
        "Impairment Of Capital Assets": NaN,
        "Restructuring And Mergern Acquisition": 0.0,
        "Earnings From Equity Interest": 2000000.0,
        "Net Non Operating Interest Income Expense": -19000000.0,
        "Total Other Finance Cost": 2000000.0,
        "Interest Expense Non Operating": 34000000.0,
        "Interest Income Non Operating": 17000000.0,
        "Operating Income": 646000000.0,
        "Operating Expense": 109000000.0,
        "Other Operating Expenses": 8000000.0,
        "Selling General And Administration": 101000000.0,
        "General And Administrative Expense": NaN,
        "Other Gand A": NaN,
        "Gross Profit": 755000000.0,
        "Cost Of Revenue": 1135000000.0,
        "Total Revenue": 1890000000.0,
        "Operating Revenue": 1890000000.0
    }
}