{
    "2023-06-30": {
        "Tax Effect Of Unusual Items": -16125700.0,
        "Tax Rate For Calcs": 0.2209,
        "Total Unusual Items": -73000000.0,
        "Total Unusual Items Excluding Goodwill": -73000000.0,
        "Net Income From Continuing Operation Net Minority Interest": 478000000.0,
        "Reconciled Depreciation": 112000000.0,
        "Net Interest Income": 1588000000.0,
        "Interest Expense": 943000000.0,
        "Interest Income": 2531000000.0,
        "Normalized Income": 534874300.0,
        "Net Income From Continuing And Discontinued Operation": 478000000.0,
        "Diluted Average Shares": 480975281.0,
        "Basic Average Shares": 479470543.0,
        "Diluted EPS": 0.92,
        "Basic EPS": 0.93,
        "Diluted NI Availto Com Stockholders": 444000000.0,
        "Net Income Common Stockholders": 444000000.0,
        "Preferred Stock Dividends": 34000000.0,
        "Net Income": 478000000.0,
        "Net Income Including Noncontrolling Interests": 478000000.0,
        "Net Income Continuous Operations": 478000000.0,
        "Tax Provision": 134000000.0,
        "Pretax Income": 612000000.0,
        "Special Income Charges": -73000000.0,
        "Other Special Charges": NaN,
        "Restructuring And Mergern Acquisition": 73000000.0,
        "Gain On Sale Of Security": 9000000.0,
        "Selling General And Administration": 714000000.0,
        "Selling And Marketing Expense": 56000000.0,
        "General And Administrative Expense": 658000000.0,
        "Insurance And Claims": 43000000.0,
        "Salaries And Wages": 615000000.0,
        "Total Revenue": 2094000000.0,
        "Operating Revenue": 2094000000.0,
        "Occupancy And Equipment": 317000000.0,
        "Other Non Interest Expense": 202000000.0
    },
    "2023-03-31": {
        "Tax Effect Of Unusual Items": -15160200.0,
        "Tax Rate For Calcs": 0.2297,
        "Total Unusual Items": -66000000.0,
        "Total Unusual Items Excluding Goodwill": -66000000.0,
        "Net Income From Continuing Operation Net Minority Interest": 511000000.0,
        "Reconciled Depreciation": 118000000.0,
        "Net Interest Income": 1643000000.0,
        "Interest Expense": 759000000.0,
        "Interest Income": 2402000000.0,
        "Normalized Income": 561839800.0,
        "Net Income From Continuing And Discontinued Operation": 511000000.0,
        "Diluted Average Shares": 487712146.0,
        "Basic Average Shares": 485444313.0,
        "Diluted EPS": 1.0,
        "Basic EPS": 1.0,
        "Diluted NI Availto Com Stockholders": 488000000.0,
        "Net Income Common Stockholders": 488000000.0,
        "Preferred Stock Dividends": 23000000.0,
        "Net Income": 511000000.0,
        "Net Income Including Noncontrolling Interests": 511000000.0,
        "Net Income Continuous Operations": 511000000.0,
        "Tax Provision": 153000000.0,
        "Pretax Income": 664000000.0,
        "Special Income Charges": -66000000.0,
        "Other Special Charges": NaN,
        "Restructuring And Mergern Acquisition": 66000000.0,
        "Gain On Sale Of Security": 5000000.0,
        "Selling General And Administration": 732000000.0,
        "Selling And Marketing Expense": 38000000.0,
        "General And Administrative Expense": 694000000.0,
        "Insurance And Claims": 36000000.0,
        "Salaries And Wages": 658000000.0,
        "Total Revenue": 2128000000.0,
        "Operating Revenue": 2128000000.0,
        "Occupancy And Equipment": 293000000.0,
        "Other Non Interest Expense": 205000000.0
    },
    "2022-12-31": {
        "Tax Effect Of Unusual Items": 0.0,
        "Tax Rate For Calcs": 0.211353,
        "Total Unusual Items": NaN,
        "Total Unusual Items Excluding Goodwill": NaN,
        "Net Income From Continuing Operation Net Minority Interest": 653000000.0,
        "Reconciled Depreciation": 117000000.0,
        "Net Interest Income": 1695000000.0,
        "Interest Expense": 557000000.0,
        "Interest Income": 2252000000.0,
        "Normalized Income": 653000000.0,
        "Net Income From Continuing And Discontinued Operation": 653000000.0,
        "Diluted Average Shares": 495478398.0,
        "Basic Average Shares": 493293981.0,
        "Diluted EPS": 1.25,
        "Basic EPS": 1.26,
        "Diluted NI Availto Com Stockholders": 621000000.0,
        "Net Income Common Stockholders": 621000000.0,
        "Preferred Stock Dividends": 32000000.0,
        "Net Income": 653000000.0,
        "Net Income Including Noncontrolling Interests": 653000000.0,
        "Net Income Continuous Operations": 653000000.0,
        "Tax Provision": 175000000.0,
        "Pretax Income": 828000000.0,
        "Special Income Charges": NaN,
        "Restructuring And Mergern Acquisition": NaN,
        "Gain On Sale Of Security": 4000000.0,
        "Selling General And Administration": 702000000.0,
        "Selling And Marketing Expense": 47000000.0,
        "General And Administrative Expense": 655000000.0,
        "Insurance And Claims": 22000000.0,
        "Salaries And Wages": 633000000.0,
        "Total Revenue": 2231000000.0,
        "Operating Revenue": 2231000000.0
    },
    "2022-09-30": {
        "Tax Effect Of Unusual Items": 0.0,
        "Tax Rate For Calcs": 0.218,
        "Total Unusual Items": NaN,
        "Total Unusual Items Excluding Goodwill": NaN,
        "Net Income From Continuing Operation Net Minority Interest": 636000000.0,
        "Reconciled Depreciation": 121000000.0,
        "Net Interest Income": 1665000000.0,
        "Interest Expense": 304000000.0,
        "Interest Income": 1969000000.0,
        "Normalized Income": 636000000.0,
        "Net Income From Continuing And Discontinued Operation": 636000000.0,
        "Diluted Average Shares": 497477501.0,
        "Basic Average Shares": 495651083.0,
        "Diluted EPS": 1.23,
        "Basic EPS": 1.23,
        "Diluted NI Availto Com Stockholders": 611000000.0,
        "Net Income Common Stockholders": 611000000.0,
        "Preferred Stock Dividends": 25000000.0,
        "Net Income": 636000000.0,
        "Net Income Including Noncontrolling Interests": 636000000.0,
        "Net Income Continuous Operations": 636000000.0,
        "Tax Provision": 177000000.0,
        "Pretax Income": 813000000.0,
        "Special Income Charges": NaN,
        "Restructuring And Mergern Acquisition": NaN,
        "Gain On Sale Of Security": 0.0,
        "Selling General And Administration": 639000000.0,
        "Selling And Marketing Expense": 54000000.0,
        "General And Administrative Expense": 639000000.0,
        "Insurance And Claims": 28000000.0,
        "Salaries And Wages": 639000000.0,
        "Total Revenue": 2177000000.0,
        "Operating Revenue": 2177000000.0
    },
    "2022-06-30": {
        "Tax Effect Of Unusual Items": 0.0,
        "Tax Rate For Calcs": 0.2377,
        "Total Unusual Items": NaN,
        "Total Unusual Items Excluding Goodwill": NaN,
        "Net Income From Continuing Operation Net Minority Interest": 364000000.0,
        "Reconciled Depreciation": 260000000.0,
        "Net Interest Income": 1505000000.0,
        "Interest Expense": 121000000.0,
        "Interest Income": 1626000000.0,
        "Normalized Income": 364000000.0,
        "Net Income From Continuing And Discontinued Operation": 364000000.0,
        "Diluted Average Shares": 493296114.0,
        "Basic Average Shares": 491497026.0,
        "Diluted EPS": 0.67,
        "Basic EPS": 0.68,
        "Diluted NI Availto Com Stockholders": 332000000.0,
        "Net Income Common Stockholders": 332000000.0,
        "Preferred Stock Dividends": 32000000.0,
        "Net Income": 364000000.0,
        "Net Income Including Noncontrolling Interests": 364000000.0,
        "Net Income Continuous Operations": 364000000.0,
        "Tax Provision": 114000000.0,
        "Pretax Income": 478000000.0,
        "Special Income Charges": NaN,
        "Restructuring And Mergern Acquisition": NaN,
        "Gain On Sale Of Security": 1000000.0,
        "Selling General And Administration": 683000000.0,
        "Selling And Marketing Expense": 39000000.0,
        "General And Administrative Expense": 683000000.0,
        "Insurance And Claims": 26000000.0,
        "Salaries And Wages": 683000000.0,
        "Total Revenue": 1999000000.0,
        "Operating Revenue": 1999000000.0
    },
    "2022-03-31": {
        "Diluted EPS": 0.93,
        "Total Revenue": NaN,
        "Gross Profit": NaN,
        "Operating Income": 536,
        "EBIT": NaN,
        "Net Income": 396
    },
    "2021-12-31": {
        "Diluted EPS": 1.17,
        "Total Revenue": NaN,
        "Gross Profit": NaN,
        "Operating Income": 684,
        "EBIT": NaN,
        "Net Income": 498
    },
    "2021-09-30": {
        "Diluted EPS": 1.18,
        "Total Revenue": NaN,
        "Gross Profit": NaN,
        "Operating Income": 681,
        "EBIT": NaN,
        "Net Income": 504
    },
    "2021-06-30": {
        "Diluted EPS": 1.44,
        "Total Revenue": NaN,
        "Gross Profit": NaN,
        "Operating Income": 831,
        "EBIT": NaN,
        "Net Income": 616
    },
    "2021-03-31": {
        "Diluted EPS": 1.37,
        "Total Revenue": NaN,
        "Gross Profit": NaN,
        "Operating Income": 781,
        "EBIT": NaN,
        "Net Income": 588
    },
    "2020-12-31": {
        "Diluted EPS": 0.98,
        "Total Revenue": NaN,
        "Gross Profit": NaN,
        "Operating Income": 571,
        "EBIT": NaN,
        "Net Income": 424
    },
    "2020-09-30": {
        "Diluted EPS": 0.68,
        "Total Revenue": NaN,
        "Gross Profit": NaN,
        "Operating Income": 375,
        "EBIT": NaN,
        "Net Income": 289
    },
    "2020-06-30": {
        "Diluted EPS": 0.53,
        "Total Revenue": NaN,
        "Gross Profit": NaN,
        "Operating Income": 307,
        "EBIT": NaN,
        "Net Income": 225
    },
    "2020-03-31": {
        "Diluted EPS": 0.03,
        "Total Revenue": NaN,
        "Gross Profit": NaN,
        "Operating Income": 45,
        "EBIT": NaN,
        "Net Income": 12
    },
    "2019-12-31": {
        "Diluted EPS": 0.97,
        "Total Revenue": NaN,
        "Gross Profit": NaN,
        "Operating Income": 541,
        "EBIT": NaN,
        "Net Income": 427
    },
    "2019-09-30": {
        "Diluted EPS": 0.97,
        "Total Revenue": NaN,
        "Gross Profit": NaN,
        "Operating Income": 564,
        "EBIT": NaN,
        "Net Income": 432
    },
    "2019-06-30": {
        "Diluted EPS": 0.95,
        "Total Revenue": NaN,
        "Gross Profit": NaN,
        "Operating Income": 580,
        "EBIT": NaN,
        "Net Income": 435
    },
    "2019-03-31": {
        "Diluted EPS": 0.92,
        "Total Revenue": NaN,
        "Gross Profit": NaN,
        "Operating Income": 566,
        "EBIT": NaN,
        "Net Income": 424
    },
    "2018-12-31": {
        "Diluted EPS": 0.95,
        "Total Revenue": NaN,
        "Gross Profit": NaN,
        "Operating Income": 557,
        "EBIT": NaN,
        "Net Income": 450
    },
    "2018-09-30": {
        "Diluted EPS": 0.91,
        "Total Revenue": NaN,
        "Gross Profit": NaN,
        "Operating Income": 576,
        "EBIT": NaN,
        "Net Income": 436
    },
    "2018-06-30": {
        "Diluted EPS": 0.88,
        "Total Revenue": NaN,
        "Gross Profit": NaN,
        "Operating Income": 549,
        "EBIT": NaN,
        "Net Income": 425
    },
    "2018-03-31": {
        "Diluted EPS": 0.78,
        "Total Revenue": NaN,
        "Gross Profit": NaN,
        "Operating Income": 501,
        "EBIT": NaN,
        "Net Income": 381
    },
    "2017-12-31": {
        "Diluted EPS": 1.33,
        "Total Revenue": NaN,
        "Gross Profit": NaN,
        "Operating Income": 369,
        "EBIT": NaN,
        "Net Income": 666
    },
    "2017-09-30": {
        "Diluted EPS": 0.68,
        "Total Revenue": NaN,
        "Gross Profit": NaN,
        "Operating Income": 513,
        "EBIT": NaN,
        "Net Income": 341
    },
    "2017-06-30": {
        "Diluted EPS": 0.63,
        "Total Revenue": NaN,
        "Gross Profit": NaN,
        "Operating Income": 462,
        "EBIT": NaN,
        "Net Income": 318
    },
    "2017-03-31": {
        "Diluted EPS": 0.61,
        "Total Revenue": NaN,
        "Gross Profit": NaN,
        "Operating Income": 434,
        "EBIT": NaN,
        "Net Income": 313
    },
    "2016-12-31": {
        "Diluted EPS": 0.54,
        "Total Revenue": NaN,
        "Gross Profit": NaN,
        "Operating Income": 414,
        "EBIT": NaN,
        "Net Income": 282
    },
    "2016-09-30": {
        "Diluted EPS": 0.56,
        "Total Revenue": NaN,
        "Gross Profit": NaN,
        "Operating Income": 427,
        "EBIT": NaN,
        "Net Income": 290
    },
    "2016-06-30": {
        "Diluted EPS": 0.46,
        "Total Revenue": NaN,
        "Gross Profit": NaN,
        "Operating Income": 361,
        "EBIT": NaN,
        "Net Income": 243
    },
    "2016-03-31": {
        "Diluted EPS": 0.41,
        "Total Revenue": NaN,
        "Gross Profit": NaN,
        "Operating Income": 332,
        "EBIT": NaN,
        "Net Income": 216
    },
    "2015-12-31": {
        "Diluted EPS": 0.42,
        "Total Revenue": NaN,
        "Gross Profit": NaN,
        "Operating Income": 331,
        "EBIT": NaN,
        "Net Income": 221
    },
    "2015-09-30": {
        "Diluted EPS": 0.4,
        "Total Revenue": NaN,
        "Gross Profit": NaN,
        "Operating Income": 335,
        "EBIT": NaN,
        "Net Income": 213
    },
    "2015-06-30": {
        "Diluted EPS": 0.35,
        "Total Revenue": NaN,
        "Gross Profit": NaN,
        "Operating Income": 282,
        "EBIT": NaN,
        "Net Income": 190
    },
    "2015-03-31": {
        "Diluted EPS": 0.38,
        "Total Revenue": NaN,
        "Gross Profit": NaN,
        "Operating Income": 315,
        "EBIT": NaN,
        "Net Income": 209
    },
    "2014-12-31": {
        "Diluted EPS": 0.35,
        "Total Revenue": NaN,
        "Gross Profit": NaN,
        "Operating Income": 283,
        "EBIT": NaN,
        "Net Income": 197
    },
    "2014-09-30": {
        "Diluted EPS": 0.34,
        "Total Revenue": NaN,
        "Gross Profit": NaN,
        "Operating Income": 274,
        "EBIT": NaN,
        "Net Income": 189
    },
    "2014-06-30": {
        "Diluted EPS": 0.56,
        "Total Revenue": NaN,
        "Gross Profit": NaN,
        "Operating Income": 476,
        "EBIT": NaN,
        "Net Income": 313
    },
    "2014-03-31": {
        "Diluted EPS": 0.3,
        "Total Revenue": NaN,
        "Gross Profit": NaN,
        "Operating Income": 235,
        "EBIT": NaN,
        "Net Income": 166
    },
    "2013-12-31": {
        "Diluted EPS": 0.0,
        "Total Revenue": NaN,
        "Gross Profit": NaN,
        "Operating Income": NaN,
        "EBIT": NaN,
        "Net Income": NaN
    },
    "2013-09-30": {
        "Diluted EPS": 0.26,
        "Total Revenue": NaN,
        "Gross Profit": NaN,
        "Operating Income": 220,
        "EBIT": NaN,
        "Net Income": 144
    },
    "2013-06-30": {
        "Diluted EPS": 0.0,
        "Total Revenue": NaN,
        "Gross Profit": NaN,
        "Operating Income": NaN,
        "EBIT": NaN,
        "Net Income": NaN
    },
    "2012-12-31": {
        "Diluted EPS": 0.0,
        "Total Revenue": NaN,
        "Gross Profit": NaN,
        "Operating Income": NaN,
        "EBIT": NaN,
        "Net Income": NaN
    },
    "2011-12-31": {
        "Diluted EPS": 0.0,
        "Total Revenue": NaN,
        "Gross Profit": NaN,
        "Operating Income": NaN,
        "EBIT": NaN,
        "Net Income": NaN
    },
    "2023-09-30": {
        "Tax Effect Of Unusual Items": NaN,
        "Tax Rate For Calcs": NaN,
        "Total Unusual Items": NaN,
        "Total Unusual Items Excluding Goodwill": NaN,
        "Net Income From Continuing Operation Net Minority Interest": NaN,
        "Reconciled Depreciation": NaN,
        "Net Interest Income": NaN,
        "Interest Expense": NaN,
        "Interest Income": NaN,
        "Normalized Income": NaN,
        "Net Income From Continuing And Discontinued Operation": NaN,
        "Diluted Average Shares": 471183719.0,
        "Basic Average Shares": 469481085.0,
        "Diluted EPS": 0.85,
        "Basic EPS": 0.85,
        "Diluted NI Availto Com Stockholders": NaN,
        "Net Income Common Stockholders": NaN,
        "Preferred Stock Dividends": NaN,
        "Net Income": NaN,
        "Net Income Including Noncontrolling Interests": NaN,
        "Net Income Continuous Operations": NaN,
        "Tax Provision": NaN,
        "Pretax Income": NaN,
        "Special Income Charges": NaN,
        "Other Special Charges": NaN,
        "Restructuring And Mergern Acquisition": NaN,
        "Gain On Sale Of Security": NaN,
        "Selling General And Administration": NaN,
        "Selling And Marketing Expense": NaN,
        "General And Administrative Expense": NaN,
        "Insurance And Claims": NaN,
        "Salaries And Wages": NaN,
        "Total Revenue": NaN,
        "Operating Revenue": NaN,
        "Occupancy And Equipment": NaN,
        "Other Non Interest Expense": NaN
    },
    "2023-12-31": {
        "Tax Effect Of Unusual Items": NaN,
        "Tax Rate For Calcs": NaN,
        "Total Unusual Items": -5000000.0,
        "Total Unusual Items Excluding Goodwill": -5000000.0,
        "Net Income From Continuing Operation Net Minority Interest": NaN,
        "Reconciled Depreciation": NaN,
        "Net Interest Income": NaN,
        "Interest Expense": NaN,
        "Interest Income": NaN,
        "Normalized Income": NaN,
        "Net Income From Continuing And Discontinued Operation": NaN,
        "Diluted Average Shares": NaN,
        "Basic Average Shares": NaN,
        "Diluted EPS": NaN,
        "Basic EPS": NaN,
        "Diluted NI Availto Com Stockholders": NaN,
        "Net Income Common Stockholders": NaN,
        "Preferred Stock Dividends": NaN,
        "Net Income": NaN,
        "Net Income Including Noncontrolling Interests": NaN,
        "Net Income Continuous Operations": NaN,
        "Tax Provision": NaN,
        "Pretax Income": NaN,
        "Special Income Charges": -5000000.0,
        "Other Special Charges": NaN,
        "Restructuring And Mergern Acquisition": 5000000.0,
        "Gain On Sale Of Security": NaN,
        "Selling General And Administration": NaN,
        "Selling And Marketing Expense": NaN,
        "General And Administrative Expense": NaN,
        "Insurance And Claims": NaN,
        "Salaries And Wages": NaN,
        "Total Revenue": NaN,
        "Operating Revenue": NaN,
        "Occupancy And Equipment": NaN,
        "Other Non Interest Expense": NaN
    },
    "2024-03-31": {
        "Tax Effect Of Unusual Items": NaN,
        "Tax Rate For Calcs": NaN,
        "Total Unusual Items": -82000000.0,
        "Total Unusual Items Excluding Goodwill": -82000000.0,
        "Net Income From Continuing Operation Net Minority Interest": NaN,
        "Reconciled Depreciation": NaN,
        "Net Interest Income": NaN,
        "Interest Expense": NaN,
        "Interest Income": NaN,
        "Normalized Income": NaN,
        "Net Income From Continuing And Discontinued Operation": NaN,
        "Diluted Average Shares": NaN,
        "Basic Average Shares": NaN,
        "Diluted EPS": NaN,
        "Basic EPS": NaN,
        "Diluted NI Availto Com Stockholders": NaN,
        "Net Income Common Stockholders": NaN,
        "Otherunder Preferred Stock Dividend": NaN,
        "Preferred Stock Dividends": NaN,
        "Net Income": NaN,
        "Net Income Including Noncontrolling Interests": NaN,
        "Net Income Continuous Operations": NaN,
        "Tax Provision": NaN,
        "Pretax Income": NaN,
        "Special Income Charges": -82000000.0,
        "Other Special Charges": 35000000.0,
        "Restructuring And Mergern Acquisition": 47000000.0,
        "Gain On Sale Of Security": NaN,
        "Selling General And Administration": NaN,
        "Selling And Marketing Expense": NaN,
        "General And Administrative Expense": NaN,
        "Insurance And Claims": NaN,
        "Salaries And Wages": NaN,
        "Total Revenue": NaN,
        "Operating Revenue": NaN,
        "Occupancy And Equipment": NaN,
        "Other Non Interest Expense": NaN
    },
    "2024-06-30": {
        "Tax Effect Of Unusual Items": NaN,
        "Tax Rate For Calcs": NaN,
        "Total Unusual Items": -32000000.0,
        "Total Unusual Items Excluding Goodwill": -32000000.0,
        "Net Income From Continuing Operation Net Minority Interest": NaN,
        "Reconciled Depreciation": NaN,
        "Net Interest Income": NaN,
        "Interest Expense": NaN,
        "Interest Income": NaN,
        "Normalized Income": NaN,
        "Net Income From Continuing And Discontinued Operation": NaN,
        "Diluted Average Shares": NaN,
        "Basic Average Shares": NaN,
        "Diluted EPS": NaN,
        "Basic EPS": NaN,
        "Diluted NI Availto Com Stockholders": NaN,
        "Net Income Common Stockholders": NaN,
        "Otherunder Preferred Stock Dividend": NaN,
        "Preferred Stock Dividends": NaN,
        "Net Income": NaN,
        "Net Income Including Noncontrolling Interests": NaN,
        "Net Income Continuous Operations": NaN,
        "Tax Provision": NaN,
        "Pretax Income": NaN,
        "Special Income Charges": -32000000.0,
        "Other Special Charges": 5000000.0,
        "Restructuring And Mergern Acquisition": 27000000.0,
        "Gain On Sale Of Security": NaN,
        "Selling General And Administration": NaN,
        "Selling And Marketing Expense": NaN,
        "General And Administrative Expense": NaN,
        "Insurance And Claims": NaN,
        "Salaries And Wages": NaN,
        "Total Revenue": NaN,
        "Operating Revenue": NaN,
        "Occupancy And Equipment": NaN,
        "Other Non Interest Expense": NaN
    },
    "2024-09-30": {
        "Tax Effect Of Unusual Items": 0.0,
        "Tax Rate For Calcs": 0.187234,
        "Total Unusual Items": -13000000.0,
        "Total Unusual Items Excluding Goodwill": -13000000.0,
        "Net Income From Continuing Operation Net Minority Interest": 382000000.0,
        "Reconciled Depreciation": 129000000.0,
        "Net Interest Income": 1369000000.0,
        "Interest Expense": 1170000000.0,
        "Interest Income": 2539000000.0,
        "Normalized Income": 382000000.0,
        "Net Income From Continuing And Discontinued Operation": 382000000.0,
        "Diluted Average Shares": NaN,
        "Basic Average Shares": NaN,
        "Diluted EPS": NaN,
        "Basic EPS": NaN,
        "Diluted NI Availto Com Stockholders": 344000000.0,
        "Net Income Common Stockholders": 344000000.0,
        "Otherunder Preferred Stock Dividend": NaN,
        "Preferred Stock Dividends": 38000000.0,
        "Net Income": 382000000.0,
        "Net Income Including Noncontrolling Interests": 382000000.0,
        "Net Income Continuous Operations": 382000000.0,
        "Tax Provision": 88000000.0,
        "Pretax Income": 470000000.0,
        "Special Income Charges": -13000000.0,
        "Other Special Charges": NaN,
        "Restructuring And Mergern Acquisition": 13000000.0,
        "Gain On Sale Of Security": 9000000.0,
        "Selling General And Administration": 727000000.0,
        "Selling And Marketing Expense": 40000000.0,
        "General And Administrative Expense": 687000000.0,
        "Insurance And Claims": 40000000.0,
        "Salaries And Wages": 647000000.0,
        "Total Revenue": 1901000000.0,
        "Operating Revenue": 1901000000.0,
        "Occupancy And Equipment": 302000000.0,
        "Other Non Interest Expense": 230000000.0
    },
    "2024-12-31": {
        "Tax Effect Of Unusual Items": -2948818.897638,
        "Tax Rate For Calcs": 0.21063,
        "Total Unusual Items": -14000000.0,
        "Total Unusual Items Excluding Goodwill": -14000000.0,
        "Net Income From Continuing Operation Net Minority Interest": 401000000.0,
        "Reconciled Depreciation": 124000000.0,
        "Net Interest Income": 1412000000.0,
        "Interest Expense": 1050000000.0,
        "Interest Income": 2462000000.0,
        "Normalized Income": 412051181.102362,
        "Net Income From Continuing And Discontinued Operation": 401000000.0,
        "Diluted Average Shares": 444836786.0,
        "Basic Average Shares": 440802738.0,
        "Diluted EPS": 0.83,
        "Basic EPS": 0.83,
        "Diluted NI Availto Com Stockholders": 367000000.0,
        "Net Income Common Stockholders": 367000000.0,
        "Otherunder Preferred Stock Dividend": NaN,
        "Preferred Stock Dividends": 34000000.0,
        "Net Income": 401000000.0,
        "Net Income Including Noncontrolling Interests": 401000000.0,
        "Net Income Continuous Operations": 401000000.0,
        "Tax Provision": 107000000.0,
        "Pretax Income": 508000000.0,
        "Special Income Charges": -14000000.0,
        "Other Special Charges": -9000000.0,
        "Restructuring And Mergern Acquisition": 23000000.0,
        "Gain On Sale Of Security": 4000000.0,
        "Selling General And Administration": 720000000.0,
        "Selling And Marketing Expense": 46000000.0,
        "General And Administrative Expense": 674000000.0,
        "Insurance And Claims": 0.0,
        "Salaries And Wages": 674000000.0,
        "Total Revenue": 1976000000.0,
        "Operating Revenue": 1976000000.0,
        "Occupancy And Equipment": 305000000.0,
        "Other Non Interest Expense": 267000000.0
    },
    "2025-03-31": {
        "Tax Effect Of Unusual Items": 0.0,
        "Tax Rate For Calcs": 0.203,
        "Total Unusual Items": NaN,
        "Total Unusual Items Excluding Goodwill": NaN,
        "Net Income From Continuing Operation Net Minority Interest": 373000000.0,
        "Reconciled Depreciation": 123000000.0,
        "Net Interest Income": 1391000000.0,
        "Interest Expense": 961000000.0,
        "Interest Income": 2352000000.0,
        "Normalized Income": 373000000.0,
        "Net Income From Continuing And Discontinued Operation": 373000000.0,
        "Diluted Average Shares": 442200180.0,
        "Basic Average Shares": 438320757.0,
        "Diluted EPS": 0.77,
        "Basic EPS": 0.78,
        "Diluted NI Availto Com Stockholders": 340000000.0,
        "Net Income Common Stockholders": 340000000.0,
        "Otherunder Preferred Stock Dividend": NaN,
        "Preferred Stock Dividends": 33000000.0,
        "Net Income": 373000000.0,
        "Net Income Including Noncontrolling Interests": 373000000.0,
        "Net Income Continuous Operations": 373000000.0,
        "Tax Provision": 95000000.0,
        "Pretax Income": 468000000.0,
        "Special Income Charges": NaN,
        "Other Special Charges": NaN,
        "Restructuring And Mergern Acquisition": NaN,
        "Gain On Sale Of Security": 7000000.0,
        "Selling General And Administration": 774000000.0,
        "Selling And Marketing Expense": 40000000.0,
        "General And Administrative Expense": 734000000.0,
        "Insurance And Claims": 38000000.0,
        "Salaries And Wages": 696000000.0,
        "Total Revenue": 1935000000.0,
        "Operating Revenue": 1935000000.0,
        "Occupancy And Equipment": 306000000.0,
        "Other Non Interest Expense": 234000000.0
    },
    "2025-06-30": {
        "Tax Effect Of Unusual Items": 0.0,
        "Tax Rate For Calcs": 0.212996,
        "Total Unusual Items": NaN,
        "Total Unusual Items Excluding Goodwill": NaN,
        "Net Income From Continuing Operation Net Minority Interest": 436000000.0,
        "Reconciled Depreciation": 124000000.0,
        "Net Interest Income": 1437000000.0,
        "Interest Expense": 970000000.0,
        "Interest Income": 2407000000.0,
        "Normalized Income": 436000000.0,
        "Net Income From Continuing And Discontinued Operation": 436000000.0,
        "Diluted Average Shares": 436539774.0,
        "Basic Average Shares": 433640210.0,
        "Diluted EPS": 0.92,
        "Basic EPS": 0.93,
        "Diluted NI Availto Com Stockholders": 402000000.0,
        "Net Income Common Stockholders": 402000000.0,
        "Otherunder Preferred Stock Dividend": NaN,
        "Preferred Stock Dividends": 34000000.0,
        "Net Income": 436000000.0,
        "Net Income Including Noncontrolling Interests": 436000000.0,
        "Net Income Continuous Operations": 436000000.0,
        "Tax Provision": 118000000.0,
        "Pretax Income": 554000000.0,
        "Special Income Charges": NaN,
        "Other Special Charges": NaN,
        "Restructuring And Mergern Acquisition": NaN,
        "Gain On Sale Of Security": 5000000.0,
        "Selling General And Administration": 764000000.0,
        "Selling And Marketing Expense": 45000000.0,
        "General And Administrative Expense": 719000000.0,
        "Insurance And Claims": 38000000.0,
        "Salaries And Wages": 681000000.0,
        "Total Revenue": 2037000000.0,
        "Operating Revenue": 2037000000.0,
        "Occupancy And Equipment": 301000000.0,
        "Other Non Interest Expense": 254000000.0
    },
    "2025-09-30": {
        "Tax Effect Of Unusual Items": 0.0,
        "Tax Rate For Calcs": 0.214626,
        "Total Unusual Items": NaN,
        "Total Unusual Items Excluding Goodwill": NaN,
        "Net Income From Continuing Operation Net Minority Interest": 494000000.0,
        "Reconciled Depreciation": 119000000.0,
        "Net Interest Income": 1488000000.0,
        "Interest Expense": 970000000.0,
        "Interest Income": 2458000000.0,
        "Normalized Income": 494000000.0,
        "Net Income From Continuing And Discontinued Operation": 494000000.0,
        "Diluted Average Shares": 435472350.0,
        "Basic Average Shares": 431365552.0,
        "Diluted EPS": 1.05,
        "Basic EPS": 1.06,
        "Diluted NI Availto Com Stockholders": 457000000.0,
        "Net Income Common Stockholders": 457000000.0,
        "Otherunder Preferred Stock Dividend": 5000000.0,
        "Preferred Stock Dividends": 32000000.0,
        "Net Income": 494000000.0,
        "Net Income Including Noncontrolling Interests": 494000000.0,
        "Net Income Continuous Operations": 494000000.0,
        "Tax Provision": 135000000.0,
        "Pretax Income": 629000000.0,
        "Special Income Charges": NaN,
        "Other Special Charges": NaN,
        "Restructuring And Mergern Acquisition": NaN,
        "Gain On Sale Of Security": 2000000.0,
        "Selling General And Administration": 781000000.0,
        "Selling And Marketing Expense": 44000000.0,
        "General And Administrative Expense": 737000000.0,
        "Insurance And Claims": 32000000.0,
        "Salaries And Wages": 705000000.0,
        "Total Revenue": 2118000000.0,
        "Operating Revenue": 2118000000.0,
        "Occupancy And Equipment": 303000000.0,
        "Other Non Interest Expense": 251000000.0
    },
    "2025-12-31": {
        "Tax Effect Of Unusual Items": NaN,
        "Tax Rate For Calcs": NaN,
        "Total Unusual Items": NaN,
        "Total Unusual Items Excluding Goodwill": NaN,
        "Net Income From Continuing Operation Net Minority Interest": NaN,
        "Reconciled Depreciation": NaN,
        "Net Interest Income": NaN,
        "Interest Expense": NaN,
        "Interest Income": NaN,
        "Normalized Income": NaN,
        "Net Income From Continuing And Discontinued Operation": NaN,
        "Diluted Average Shares": 434077960.0,
        "Basic Average Shares": 429483110.0,
        "Diluted EPS": 1.13,
        "Basic EPS": 1.14,
        "Diluted NI Availto Com Stockholders": NaN,
        "Net Income Common Stockholders": NaN,
        "Otherunder Preferred Stock Dividend": NaN,
        "Preferred Stock Dividends": NaN,
        "Net Income": NaN,
        "Net Income Including Noncontrolling Interests": NaN,
        "Net Income Continuous Operations": NaN,
        "Tax Provision": NaN,
        "Pretax Income": NaN,
        "Special Income Charges": NaN,
        "Other Special Charges": NaN,
        "Restructuring And Mergern Acquisition": NaN,
        "Gain On Sale Of Security": NaN,
        "Selling General And Administration": NaN,
        "Selling And Marketing Expense": NaN,
        "General And Administrative Expense": NaN,
        "Insurance And Claims": NaN,
        "Salaries And Wages": NaN,
        "Total Revenue": NaN,
        "Operating Revenue": NaN,
        "Occupancy And Equipment": NaN,
        "Other Non Interest Expense": NaN
    }
}