{
    "2023-03-31": {
        "Tax Effect Of Unusual Items": 0.0,
        "Tax Rate For Calcs": 0.0,
        "Normalized EBITDA": -16258000.0,
        "Total Unusual Items": 7400000.0,
        "Total Unusual Items Excluding Goodwill": 7400000.0,
        "Net Income From Continuing Operation Net Minority Interest": -1371000.0,
        "Reconciled Depreciation": 40000.0,
        "EBITDA": -8858000.0,
        "EBIT": -8858000.0,
        "Net Interest Income": 87000.0,
        "Interest Income": 87000.0,
        "Normalized Income": -8771000.0,
        "Net Income From Continuing And Discontinued Operation": -1371000.0,
        "Total Expenses": 8858000.0,
        "Total Operating Income As Reported": -8858000.0,
        "Diluted Average Shares": 1975476.0,
        "Basic Average Shares": 1975476.0,
        "Diluted EPS": -0.69,
        "Basic EPS": -0.69,
        "Diluted NI Availto Com Stockholders": -1371000.0,
        "Net Income Common Stockholders": -1371000.0,
        "Net Income": -1371000.0,
        "Net Income Including Noncontrolling Interests": -1371000.0,
        "Net Income Continuous Operations": -1371000.0,
        "Pretax Income": -1371000.0,
        "Other Income Expense": 7400000.0,
        "Other Non Operating Income Expenses": NaN,
        "Special Income Charges": NaN,
        "Restructuring And Mergern Acquisition": NaN,
        "Gain On Sale Of Security": 7400000.0,
        "Net Non Operating Interest Income Expense": 87000.0,
        "Interest Income Non Operating": 87000.0,
        "Operating Income": -8858000.0,
        "Operating Expense": 8858000.0,
        "Research And Development": 5295000.0,
        "Selling General And Administration": 3563000.0,
        "General And Administrative Expense": NaN,
        "Other Gand A": NaN,
        "Total Revenue": 0.0,
        "Operating Revenue": 0.0
    },
    "2022-12-31": {
        "Tax Effect Of Unusual Items": 0.0,
        "Tax Rate For Calcs": 0.0,
        "Normalized EBITDA": -8363000.0,
        "Total Unusual Items": 1660000.0,
        "Total Unusual Items Excluding Goodwill": 1660000.0,
        "Net Income From Continuing Operation Net Minority Interest": -9839000.0,
        "Reconciled Depreciation": 39000.0,
        "EBITDA": -6703000.0,
        "EBIT": -6703000.0,
        "Net Interest Income": 17000.0,
        "Interest Income": 17000.0,
        "Normalized Income": -11499000.0,
        "Net Income From Continuing And Discontinued Operation": -9839000.0,
        "Total Expenses": 6703000.0,
        "Total Operating Income As Reported": -6703000.0,
        "Diluted Average Shares": 609590.0,
        "Basic Average Shares": 609590.0,
        "Diluted EPS": -16.14,
        "Basic EPS": -16.14,
        "Diluted NI Availto Com Stockholders": -9839000.0,
        "Net Income Common Stockholders": -9839000.0,
        "Net Income": -9839000.0,
        "Net Income Including Noncontrolling Interests": -9839000.0,
        "Net Income Continuous Operations": -9839000.0,
        "Pretax Income": -9839000.0,
        "Other Income Expense": -3153000.0,
        "Other Non Operating Income Expenses": -4813000.0,
        "Special Income Charges": 0.0,
        "Restructuring And Mergern Acquisition": 0.0,
        "Gain On Sale Of Security": 1660000.0,
        "Net Non Operating Interest Income Expense": 17000.0,
        "Interest Income Non Operating": 17000.0,
        "Operating Income": -6703000.0,
        "Operating Expense": 6703000.0,
        "Research And Development": 4438000.0,
        "Selling General And Administration": 2265000.0,
        "General And Administrative Expense": 2265000.0,
        "Other Gand A": 2265000.0,
        "Total Revenue": 0.0,
        "Operating Revenue": 0.0
    },
    "2022-09-30": {
        "Tax Effect Of Unusual Items": 0.0,
        "Tax Rate For Calcs": 0.0,
        "Normalized EBITDA": -11245000.0,
        "Total Unusual Items": -2896000.0,
        "Total Unusual Items Excluding Goodwill": -2896000.0,
        "Net Income From Continuing Operation Net Minority Interest": -17067000.0,
        "Reconciled Depreciation": 39000.0,
        "EBITDA": -14141000.0,
        "EBIT": -14180000.0,
        "Net Interest Income": 9000.0,
        "Interest Income": 9000.0,
        "Normalized Income": -14171000.0,
        "Net Income From Continuing And Discontinued Operation": -17067000.0,
        "Total Expenses": 14180000.0,
        "Total Operating Income As Reported": -21899000.0,
        "Diluted Average Shares": 491659.0,
        "Basic Average Shares": 491659.0,
        "Diluted EPS": -34.4,
        "Basic EPS": -34.4,
        "Diluted NI Availto Com Stockholders": -17067000.0,
        "Net Income Common Stockholders": -17067000.0,
        "Net Income": -17067000.0,
        "Net Income Including Noncontrolling Interests": -17067000.0,
        "Net Income Continuous Operations": -17067000.0,
        "Pretax Income": -17067000.0,
        "Other Income Expense": -2896000.0,
        "Other Non Operating Income Expenses": NaN,
        "Special Income Charges": -7719000.0,
        "Restructuring And Mergern Acquisition": 7719000.0,
        "Gain On Sale Of Security": 4823000.0,
        "Net Non Operating Interest Income Expense": 9000.0,
        "Interest Income Non Operating": 9000.0,
        "Operating Income": -14180000.0,
        "Operating Expense": 14180000.0,
        "Research And Development": 10814000.0,
        "Selling General And Administration": 3366000.0,
        "General And Administrative Expense": 3366000.0,
        "Other Gand A": 3366000.0,
        "Total Revenue": 0.0,
        "Operating Revenue": 0.0
    },
    "2022-06-30": {
        "Tax Effect Of Unusual Items": 0.0,
        "Tax Rate For Calcs": 0.0,
        "Normalized EBITDA": -21904000.0,
        "Total Unusual Items": 1916000.0,
        "Total Unusual Items Excluding Goodwill": 1916000.0,
        "Net Income From Continuing Operation Net Minority Interest": -18089000.0,
        "Reconciled Depreciation": 38000.0,
        "EBITDA": -19988000.0,
        "EBIT": -20026000.0,
        "Net Interest Income": 21000.0,
        "Interest Income": 21000.0,
        "Normalized Income": -20005000.0,
        "Net Income From Continuing And Discontinued Operation": -18089000.0,
        "Total Expenses": 20026000.0,
        "Total Operating Income As Reported": -20026000.0,
        "Diluted Average Shares": 491626.0,
        "Basic Average Shares": 491626.0,
        "Diluted EPS": -36.79,
        "Basic EPS": -36.79,
        "Diluted NI Availto Com Stockholders": -18089000.0,
        "Net Income Common Stockholders": -18089000.0,
        "Net Income": -18089000.0,
        "Net Income Including Noncontrolling Interests": -18089000.0,
        "Net Income Continuous Operations": -18089000.0,
        "Pretax Income": -18089000.0,
        "Other Income Expense": 1916000.0,
        "Other Non Operating Income Expenses": NaN,
        "Special Income Charges": NaN,
        "Restructuring And Mergern Acquisition": NaN,
        "Gain On Sale Of Security": 1916000.0,
        "Net Non Operating Interest Income Expense": 21000.0,
        "Interest Income Non Operating": 21000.0,
        "Operating Income": -20026000.0,
        "Operating Expense": 20026000.0,
        "Research And Development": 16760000.0,
        "Selling General And Administration": 3266000.0,
        "General And Administrative Expense": 3266000.0,
        "Other Gand A": 3266000.0,
        "Total Revenue": 0.0,
        "Operating Revenue": 0.0
    },
    "2022-03-31": {
        "Diluted EPS": -41.0,
        "Total Revenue": NaN,
        "Gross Profit": NaN,
        "Operating Income": -16,
        "EBIT": -16,
        "Net Income": -20
    },
    "2021-12-31": {
        "Diluted EPS": -8.12,
        "Total Revenue": NaN,
        "Gross Profit": NaN,
        "Operating Income": -14,
        "EBIT": -14,
        "Net Income": -4
    },
    "2021-09-30": {
        "Diluted EPS": -10.4,
        "Total Revenue": NaN,
        "Gross Profit": NaN,
        "Operating Income": -12,
        "EBIT": -11,
        "Net Income": -5
    },
    "2021-06-30": {
        "Diluted EPS": -11.2,
        "Total Revenue": NaN,
        "Gross Profit": NaN,
        "Operating Income": -11,
        "EBIT": -11,
        "Net Income": -5
    },
    "2021-03-31": {
        "Diluted EPS": -14.4,
        "Total Revenue": NaN,
        "Gross Profit": NaN,
        "Operating Income": -11,
        "EBIT": -11,
        "Net Income": -5
    },
    "2020-12-31": {
        "Diluted EPS": 25.85,
        "Total Revenue": NaN,
        "Gross Profit": NaN,
        "Operating Income": -11,
        "EBIT": -10,
        "Net Income": -6
    },
    "2020-09-30": {
        "Diluted EPS": -15.2,
        "Total Revenue": NaN,
        "Gross Profit": NaN,
        "Operating Income": -7,
        "EBIT": -7,
        "Net Income": 3
    },
    "2020-06-30": {
        "Diluted EPS": -70.4,
        "Total Revenue": NaN,
        "Gross Profit": NaN,
        "Operating Income": -8,
        "EBIT": -8,
        "Net Income": -18
    },
    "2020-03-31": {
        "Diluted EPS": -39.2,
        "Total Revenue": NaN,
        "Gross Profit": NaN,
        "Operating Income": -8,
        "EBIT": -8,
        "Net Income": -8
    },
    "2019-12-31": {
        "Diluted EPS": -99.2,
        "Total Revenue": NaN,
        "Gross Profit": NaN,
        "Operating Income": -6,
        "EBIT": -6,
        "Net Income": -10
    },
    "2019-09-30": {
        "Diluted EPS": -53.6,
        "Total Revenue": NaN,
        "Gross Profit": NaN,
        "Operating Income": -8,
        "EBIT": -8,
        "Net Income": -5
    },
    "2019-06-30": {
        "Diluted EPS": -87.2,
        "Total Revenue": NaN,
        "Gross Profit": NaN,
        "Operating Income": -7,
        "EBIT": -7,
        "Net Income": -9
    },
    "2019-03-31": {
        "Diluted EPS": 116.8,
        "Total Revenue": NaN,
        "Gross Profit": NaN,
        "Operating Income": -6,
        "EBIT": -6,
        "Net Income": 12
    },
    "2018-12-31": {
        "Diluted EPS": 76.0,
        "Total Revenue": NaN,
        "Gross Profit": NaN,
        "Operating Income": -9,
        "EBIT": -9,
        "Net Income": 6
    },
    "2018-09-30": {
        "Diluted EPS": -48.0,
        "Total Revenue": NaN,
        "Gross Profit": NaN,
        "Operating Income": -8,
        "EBIT": -8,
        "Net Income": -4
    },
    "2018-06-30": {
        "Diluted EPS": -216.0,
        "Total Revenue": NaN,
        "Gross Profit": NaN,
        "Operating Income": -7,
        "EBIT": -7,
        "Net Income": -20
    },
    "2018-03-31": {
        "Diluted EPS": -208.0,
        "Total Revenue": NaN,
        "Gross Profit": NaN,
        "Operating Income": -7,
        "EBIT": -7,
        "Net Income": -19
    },
    "2017-12-31": {
        "Diluted EPS": -31.2,
        "Total Revenue": NaN,
        "Gross Profit": NaN,
        "Operating Income": -7,
        "EBIT": -7,
        "Net Income": -5
    },
    "2017-09-30": {
        "Diluted EPS": -16.0,
        "Total Revenue": NaN,
        "Gross Profit": NaN,
        "Operating Income": -7,
        "EBIT": -6,
        "Net Income": -2
    },
    "2017-06-30": {
        "Diluted EPS": -56.0,
        "Total Revenue": NaN,
        "Gross Profit": NaN,
        "Operating Income": -6,
        "EBIT": -6,
        "Net Income": -3
    },
    "2017-03-31": {
        "Diluted EPS": -120.0,
        "Total Revenue": NaN,
        "Gross Profit": NaN,
        "Operating Income": -6,
        "EBIT": -6,
        "Net Income": -6
    },
    "2016-12-31": {
        "Diluted EPS": 80.0,
        "Total Revenue": NaN,
        "Gross Profit": NaN,
        "Operating Income": -7,
        "EBIT": -7,
        "Net Income": 1
    },
    "2016-09-30": {
        "Diluted EPS": -224.0,
        "Total Revenue": NaN,
        "Gross Profit": NaN,
        "Operating Income": -8,
        "EBIT": -8,
        "Net Income": -11
    },
    "2016-06-30": {
        "Diluted EPS": -280.0,
        "Total Revenue": NaN,
        "Gross Profit": NaN,
        "Operating Income": -10,
        "EBIT": -10,
        "Net Income": -10
    },
    "2016-03-31": {
        "Diluted EPS": -256.0,
        "Total Revenue": NaN,
        "Gross Profit": NaN,
        "Operating Income": -9,
        "EBIT": -9,
        "Net Income": -9
    },
    "2015-12-31": {
        "Diluted EPS": -232.0,
        "Total Revenue": NaN,
        "Gross Profit": NaN,
        "Operating Income": -7,
        "EBIT": -7,
        "Net Income": -8
    },
    "2015-09-30": {
        "Diluted EPS": -176.0,
        "Total Revenue": NaN,
        "Gross Profit": NaN,
        "Operating Income": -6,
        "EBIT": -5,
        "Net Income": -6
    },
    "2015-06-30": {
        "Diluted EPS": -264.0,
        "Total Revenue": NaN,
        "Gross Profit": NaN,
        "Operating Income": -7,
        "EBIT": -7,
        "Net Income": -7
    },
    "2015-03-31": {
        "Diluted EPS": -192.0,
        "Total Revenue": NaN,
        "Gross Profit": NaN,
        "Operating Income": -5,
        "EBIT": -5,
        "Net Income": -5
    },
    "2014-12-31": {
        "Diluted EPS": NaN,
        "Total Revenue": NaN,
        "Gross Profit": NaN,
        "Operating Income": -5,
        "EBIT": -5,
        "Net Income": -5
    },
    "2014-09-30": {
        "Diluted EPS": -976.0,
        "Total Revenue": NaN,
        "Gross Profit": NaN,
        "Operating Income": -5,
        "EBIT": -1,
        "Net Income": -16
    },
    "2014-06-30": {
        "Diluted EPS": NaN,
        "Total Revenue": NaN,
        "Gross Profit": NaN,
        "Operating Income": -3,
        "EBIT": -2,
        "Net Income": -8
    },
    "2014-03-31": {
        "Diluted EPS": NaN,
        "Total Revenue": NaN,
        "Gross Profit": NaN,
        "Operating Income": -5,
        "EBIT": -4,
        "Net Income": -5
    },
    "2013-12-31": {
        "Diluted EPS": 0.0,
        "Total Revenue": NaN,
        "Gross Profit": NaN,
        "Operating Income": NaN,
        "EBIT": NaN,
        "Net Income": NaN
    },
    "2013-09-30": {
        "Diluted EPS": NaN,
        "Total Revenue": NaN,
        "Gross Profit": NaN,
        "Operating Income": -4,
        "EBIT": -3,
        "Net Income": -4
    },
    "2013-06-30": {
        "Diluted EPS": NaN,
        "Total Revenue": NaN,
        "Gross Profit": NaN,
        "Operating Income": -4,
        "EBIT": -4,
        "Net Income": -4
    },
    "2023-06-30": {
        "Tax Effect Of Unusual Items": 0.0,
        "Tax Rate For Calcs": 0.0,
        "Normalized EBITDA": -8323000.0,
        "Total Unusual Items": 389000.0,
        "Total Unusual Items Excluding Goodwill": 389000.0,
        "Net Income From Continuing Operation Net Minority Interest": -7568000.0,
        "Reconciled Depreciation": 41000.0,
        "EBITDA": -7934000.0,
        "EBIT": -7975000.0,
        "Net Interest Income": 114000.0,
        "Interest Income": 114000.0,
        "Normalized Income": -7957000.0,
        "Net Income From Continuing And Discontinued Operation": -7568000.0,
        "Total Expenses": 7975000.0,
        "Total Operating Income As Reported": -7975000.0,
        "Diluted Average Shares": 3901839.0,
        "Basic Average Shares": 3901839.0,
        "Diluted EPS": -1.94,
        "Basic EPS": -1.94,
        "Diluted NI Availto Com Stockholders": -7568000.0,
        "Net Income Common Stockholders": -7568000.0,
        "Net Income": -7568000.0,
        "Net Income Including Noncontrolling Interests": -7568000.0,
        "Net Income Continuous Operations": -7568000.0,
        "Pretax Income": -7568000.0,
        "Other Income Expense": 293000.0,
        "Other Non Operating Income Expenses": -96000.0,
        "Special Income Charges": NaN,
        "Restructuring And Mergern Acquisition": NaN,
        "Gain On Sale Of Security": 389000.0,
        "Net Non Operating Interest Income Expense": 114000.0,
        "Interest Income Non Operating": 114000.0,
        "Operating Income": -7975000.0,
        "Operating Expense": 7975000.0,
        "Research And Development": 4870000.0,
        "Selling General And Administration": 3105000.0,
        "General And Administrative Expense": NaN,
        "Other Gand A": NaN,
        "Total Revenue": 0.0,
        "Operating Revenue": 0.0
    }
}