{
    "2023-03-31": {
        "Tax Effect Of Unusual Items": NaN,
        "Tax Rate For Calcs": NaN,
        "Normalized EBITDA": NaN,
        "Total Unusual Items": NaN,
        "Total Unusual Items Excluding Goodwill": NaN,
        "Net Income From Continuing Operation Net Minority Interest": NaN,
        "Reconciled Depreciation": NaN,
        "EBITDA": NaN,
        "EBIT": NaN,
        "Net Interest Income": NaN,
        "Interest Income": NaN,
        "Normalized Income": NaN,
        "Net Income From Continuing And Discontinued Operation": NaN,
        "Total Expenses": NaN,
        "Total Operating Income As Reported": NaN,
        "Diluted Average Shares": NaN,
        "Basic Average Shares": NaN,
        "Diluted EPS": NaN,
        "Basic EPS": NaN,
        "Diluted NI Availto Com Stockholders": NaN,
        "Net Income Common Stockholders": NaN,
        "Net Income": NaN,
        "Minority Interests": NaN,
        "Net Income Including Noncontrolling Interests": NaN,
        "Net Income Continuous Operations": NaN,
        "Tax Provision": 0.0,
        "Pretax Income": NaN,
        "Other Income Expense": NaN,
        "Other Non Operating Income Expenses": NaN,
        "Special Income Charges": NaN,
        "Gain On Sale Of Business": NaN,
        "Impairment Of Capital Assets": NaN,
        "Net Non Operating Interest Income Expense": NaN,
        "Interest Income Non Operating": NaN,
        "Operating Income": NaN,
        "Operating Expense": NaN,
        "Research And Development": NaN,
        "Selling General And Administration": NaN,
        "General And Administrative Expense": NaN,
        "Other Gand A": NaN,
        "Total Revenue": NaN,
        "Operating Revenue": NaN
    },
    "2022-12-31": {
        "Tax Effect Of Unusual Items": NaN,
        "Tax Rate For Calcs": NaN,
        "Normalized EBITDA": NaN,
        "Total Unusual Items": 0.0,
        "Total Unusual Items Excluding Goodwill": 0.0,
        "Net Income From Continuing Operation Net Minority Interest": NaN,
        "Reconciled Depreciation": NaN,
        "EBITDA": NaN,
        "EBIT": NaN,
        "Net Interest Income": NaN,
        "Interest Income": NaN,
        "Normalized Income": NaN,
        "Net Income From Continuing And Discontinued Operation": NaN,
        "Total Expenses": NaN,
        "Total Operating Income As Reported": NaN,
        "Diluted Average Shares": NaN,
        "Basic Average Shares": NaN,
        "Diluted EPS": NaN,
        "Basic EPS": NaN,
        "Diluted NI Availto Com Stockholders": NaN,
        "Net Income Common Stockholders": NaN,
        "Net Income": NaN,
        "Minority Interests": NaN,
        "Net Income Including Noncontrolling Interests": NaN,
        "Net Income Continuous Operations": NaN,
        "Tax Provision": -1858000.0,
        "Pretax Income": NaN,
        "Other Income Expense": NaN,
        "Other Non Operating Income Expenses": NaN,
        "Special Income Charges": 0.0,
        "Gain On Sale Of Business": 0.0,
        "Impairment Of Capital Assets": NaN,
        "Net Non Operating Interest Income Expense": NaN,
        "Interest Income Non Operating": NaN,
        "Operating Income": NaN,
        "Operating Expense": NaN,
        "Research And Development": NaN,
        "Selling General And Administration": NaN,
        "General And Administrative Expense": NaN,
        "Other Gand A": NaN,
        "Total Revenue": NaN,
        "Operating Revenue": NaN
    },
    "2022-09-30": {
        "Tax Effect Of Unusual Items": NaN,
        "Tax Rate For Calcs": NaN,
        "Normalized EBITDA": NaN,
        "Total Unusual Items": 0.0,
        "Total Unusual Items Excluding Goodwill": 0.0,
        "Net Income From Continuing Operation Net Minority Interest": NaN,
        "Reconciled Depreciation": NaN,
        "EBITDA": NaN,
        "EBIT": NaN,
        "Net Interest Income": NaN,
        "Interest Income": NaN,
        "Normalized Income": NaN,
        "Net Income From Continuing And Discontinued Operation": NaN,
        "Total Expenses": NaN,
        "Total Operating Income As Reported": NaN,
        "Diluted Average Shares": NaN,
        "Basic Average Shares": NaN,
        "Diluted EPS": NaN,
        "Basic EPS": NaN,
        "Diluted NI Availto Com Stockholders": NaN,
        "Net Income Common Stockholders": NaN,
        "Net Income": NaN,
        "Minority Interests": NaN,
        "Net Income Including Noncontrolling Interests": NaN,
        "Net Income Continuous Operations": NaN,
        "Tax Provision": NaN,
        "Pretax Income": NaN,
        "Other Income Expense": NaN,
        "Other Non Operating Income Expenses": NaN,
        "Special Income Charges": 0.0,
        "Gain On Sale Of Business": 0.0,
        "Impairment Of Capital Assets": 0.0,
        "Net Non Operating Interest Income Expense": NaN,
        "Interest Income Non Operating": NaN,
        "Operating Income": NaN,
        "Operating Expense": NaN,
        "Research And Development": NaN,
        "Selling General And Administration": NaN,
        "General And Administrative Expense": NaN,
        "Other Gand A": NaN,
        "Total Revenue": NaN,
        "Operating Revenue": NaN
    },
    "2022-06-30": {
        "Tax Effect Of Unusual Items": 76153767.464135,
        "Tax Rate For Calcs": 0.275137,
        "Normalized EBITDA": -313879000.0,
        "Total Unusual Items": 276785000.0,
        "Total Unusual Items Excluding Goodwill": 276785000.0,
        "Net Income From Continuing Operation Net Minority Interest": 174898000.0,
        "Reconciled Depreciation": 12000.0,
        "EBITDA": -37094000.0,
        "EBIT": -37106000.0,
        "Net Interest Income": 697000.0,
        "Interest Income": 697000.0,
        "Normalized Income": -25733232.535865,
        "Net Income From Continuing And Discontinued Operation": 174898000.0,
        "Total Expenses": 37106000.0,
        "Total Operating Income As Reported": 239679000.0,
        "Diluted Average Shares": 46381000.0,
        "Basic Average Shares": 44873000.0,
        "Diluted EPS": 3.77,
        "Basic EPS": 3.9,
        "Diluted NI Availto Com Stockholders": 174898000.0,
        "Net Income Common Stockholders": 174898000.0,
        "Net Income": 174898000.0,
        "Minority Interests": 833000.0,
        "Net Income Including Noncontrolling Interests": 174065000.0,
        "Net Income Continuous Operations": 174065000.0,
        "Tax Provision": 66070000.0,
        "Pretax Income": 240135000.0,
        "Other Income Expense": 276544000.0,
        "Other Non Operating Income Expenses": -241000.0,
        "Special Income Charges": 276785000.0,
        "Gain On Sale Of Business": 276785000.0,
        "Net Non Operating Interest Income Expense": 697000.0,
        "Interest Income Non Operating": 697000.0,
        "Operating Income": -37106000.0,
        "Operating Expense": 37106000.0,
        "Research And Development": 26411000.0,
        "Selling General And Administration": 10695000.0,
        "General And Administrative Expense": 10695000.0,
        "Other Gand A": 10695000.0,
        "Total Revenue": 0.0,
        "Operating Revenue": 0.0
    },
    "2022-03-31": {
        "Diluted EPS": -0.27,
        "Total Revenue": NaN,
        "Gross Profit": NaN,
        "Operating Income": -33,
        "EBIT": -33,
        "Net Income": -12
    },
    "2021-12-31": {
        "Diluted EPS": -0.76,
        "Total Revenue": NaN,
        "Gross Profit": NaN,
        "Operating Income": -34,
        "EBIT": -34,
        "Net Income": -33
    },
    "2021-09-30": {
        "Diluted EPS": -0.4,
        "Total Revenue": NaN,
        "Gross Profit": NaN,
        "Operating Income": -18,
        "EBIT": -18,
        "Net Income": -17
    },
    "2021-06-30": {
        "Diluted EPS": -0.36,
        "Total Revenue": NaN,
        "Gross Profit": NaN,
        "Operating Income": -17,
        "EBIT": -17,
        "Net Income": -16
    },
    "2021-03-31": {
        "Diluted EPS": 0.0,
        "Total Revenue": 19,
        "Gross Profit": 19,
        "Operating Income": 1,
        "EBIT": 1,
        "Net Income": 0
    },
    "2020-12-31": {
        "Diluted EPS": -1.39,
        "Total Revenue": NaN,
        "Gross Profit": NaN,
        "Operating Income": -29,
        "EBIT": -29,
        "Net Income": -28
    },
    "2020-09-30": {
        "Diluted EPS": -0.5,
        "Total Revenue": NaN,
        "Gross Profit": NaN,
        "Operating Income": -11,
        "EBIT": -11,
        "Net Income": -10
    },
    "2020-06-30": {
        "Diluted EPS": -0.44,
        "Total Revenue": NaN,
        "Gross Profit": NaN,
        "Operating Income": -14,
        "EBIT": -14,
        "Net Income": -9
    },
    "2020-03-31": {
        "Diluted EPS": -0.27,
        "Total Revenue": NaN,
        "Gross Profit": NaN,
        "Operating Income": -6,
        "EBIT": -6,
        "Net Income": -5
    },
    "2019-12-31": {
        "Diluted EPS": 0.0,
        "Total Revenue": NaN,
        "Gross Profit": NaN,
        "Operating Income": NaN,
        "EBIT": NaN,
        "Net Income": NaN
    },
    "2023-06-30": {
        "Tax Effect Of Unusual Items": NaN,
        "Tax Rate For Calcs": NaN,
        "Normalized EBITDA": NaN,
        "Total Unusual Items": 0.0,
        "Total Unusual Items Excluding Goodwill": 0.0,
        "Net Income From Continuing Operation Net Minority Interest": NaN,
        "Reconciled Depreciation": NaN,
        "EBITDA": NaN,
        "EBIT": NaN,
        "Net Interest Income": NaN,
        "Interest Income": NaN,
        "Normalized Income": NaN,
        "Net Income From Continuing And Discontinued Operation": NaN,
        "Total Expenses": NaN,
        "Total Operating Income As Reported": NaN,
        "Diluted Average Shares": NaN,
        "Basic Average Shares": NaN,
        "Diluted EPS": NaN,
        "Basic EPS": NaN,
        "Diluted NI Availto Com Stockholders": NaN,
        "Net Income Common Stockholders": NaN,
        "Net Income": NaN,
        "Minority Interests": NaN,
        "Net Income Including Noncontrolling Interests": NaN,
        "Net Income Continuous Operations": NaN,
        "Tax Provision": 0.0,
        "Pretax Income": NaN,
        "Other Income Expense": NaN,
        "Other Non Operating Income Expenses": NaN,
        "Special Income Charges": 0.0,
        "Gain On Sale Of Business": 0.0,
        "Impairment Of Capital Assets": NaN,
        "Net Non Operating Interest Income Expense": NaN,
        "Interest Income Non Operating": NaN,
        "Operating Income": NaN,
        "Operating Expense": NaN,
        "Research And Development": NaN,
        "Selling General And Administration": NaN,
        "General And Administrative Expense": NaN,
        "Other Gand A": NaN,
        "Total Revenue": NaN,
        "Operating Revenue": NaN
    },
    "2023-09-30": {
        "Tax Effect Of Unusual Items": NaN,
        "Tax Rate For Calcs": NaN,
        "Normalized EBITDA": NaN,
        "Total Unusual Items": -440000.0,
        "Total Unusual Items Excluding Goodwill": -440000.0,
        "Net Income From Continuing Operation Net Minority Interest": NaN,
        "Reconciled Depreciation": NaN,
        "EBITDA": NaN,
        "EBIT": NaN,
        "Net Interest Income": NaN,
        "Interest Income": NaN,
        "Normalized Income": NaN,
        "Net Income From Continuing And Discontinued Operation": NaN,
        "Total Expenses": NaN,
        "Total Operating Income As Reported": NaN,
        "Diluted Average Shares": NaN,
        "Basic Average Shares": NaN,
        "Diluted EPS": NaN,
        "Basic EPS": NaN,
        "Diluted NI Availto Com Stockholders": NaN,
        "Net Income Common Stockholders": NaN,
        "Net Income": NaN,
        "Minority Interests": NaN,
        "Net Income Including Noncontrolling Interests": NaN,
        "Net Income Continuous Operations": NaN,
        "Tax Provision": 0.0,
        "Pretax Income": NaN,
        "Other Income Expense": NaN,
        "Other Non Operating Income Expenses": NaN,
        "Special Income Charges": -440000.0,
        "Gain On Sale Of Business": 0.0,
        "Impairment Of Capital Assets": 440000.0,
        "Net Non Operating Interest Income Expense": NaN,
        "Interest Income Non Operating": NaN,
        "Operating Income": NaN,
        "Operating Expense": NaN,
        "Research And Development": NaN,
        "Selling General And Administration": NaN,
        "General And Administrative Expense": NaN,
        "Other Gand A": NaN,
        "Total Revenue": NaN,
        "Operating Revenue": NaN
    },
    "2023-12-31": {
        "Tax Effect Of Unusual Items": NaN,
        "Tax Rate For Calcs": NaN,
        "Normalized EBITDA": NaN,
        "Total Unusual Items": 0.0,
        "Total Unusual Items Excluding Goodwill": 0.0,
        "Net Income From Continuing Operation Net Minority Interest": NaN,
        "Reconciled Depreciation": NaN,
        "EBITDA": NaN,
        "EBIT": NaN,
        "Net Interest Income": NaN,
        "Interest Income": NaN,
        "Normalized Income": NaN,
        "Net Income From Continuing And Discontinued Operation": NaN,
        "Total Expenses": NaN,
        "Total Operating Income As Reported": NaN,
        "Diluted Average Shares": NaN,
        "Basic Average Shares": NaN,
        "Diluted EPS": NaN,
        "Basic EPS": NaN,
        "Diluted NI Availto Com Stockholders": NaN,
        "Net Income Common Stockholders": NaN,
        "Net Income": NaN,
        "Minority Interests": NaN,
        "Net Income Including Noncontrolling Interests": NaN,
        "Net Income Continuous Operations": NaN,
        "Tax Provision": -14122000.0,
        "Pretax Income": NaN,
        "Other Income Expense": NaN,
        "Other Non Operating Income Expenses": NaN,
        "Special Income Charges": 0.0,
        "Gain On Sale Of Business": 0.0,
        "Impairment Of Capital Assets": 0.0,
        "Net Non Operating Interest Income Expense": NaN,
        "Interest Income Non Operating": NaN,
        "Operating Income": NaN,
        "Operating Expense": NaN,
        "Research And Development": NaN,
        "Selling General And Administration": NaN,
        "General And Administrative Expense": NaN,
        "Other Gand A": NaN,
        "Total Revenue": NaN,
        "Operating Revenue": NaN
    },
    "2024-03-31": {
        "Tax Effect Of Unusual Items": 0.0,
        "Tax Rate For Calcs": 0.0,
        "Normalized EBITDA": -42913000.0,
        "Total Unusual Items": NaN,
        "Total Unusual Items Excluding Goodwill": NaN,
        "Net Income From Continuing Operation Net Minority Interest": -37148000.0,
        "Reconciled Depreciation": 76000.0,
        "EBITDA": -42913000.0,
        "EBIT": -42989000.0,
        "Net Interest Income": 5693000.0,
        "Interest Income": 5693000.0,
        "Normalized Income": -37148000.0,
        "Net Income From Continuing And Discontinued Operation": -37148000.0,
        "Total Expenses": 42989000.0,
        "Total Operating Income As Reported": -42989000.0,
        "Diluted Average Shares": 43011000.0,
        "Basic Average Shares": 43011000.0,
        "Diluted EPS": -0.75,
        "Basic EPS": -0.75,
        "Diluted NI Availto Com Stockholders": -37148000.0,
        "Net Income Common Stockholders": -37148000.0,
        "Net Income": -37148000.0,
        "Minority Interests": 192000.0,
        "Net Income Including Noncontrolling Interests": -37340000.0,
        "Net Income Continuous Operations": -37340000.0,
        "Tax Provision": NaN,
        "Pretax Income": -37340000.0,
        "Other Income Expense": -44000.0,
        "Other Non Operating Income Expenses": -44000.0,
        "Special Income Charges": NaN,
        "Gain On Sale Of Business": NaN,
        "Impairment Of Capital Assets": NaN,
        "Net Non Operating Interest Income Expense": 5693000.0,
        "Interest Income Non Operating": 5693000.0,
        "Operating Income": -42989000.0,
        "Operating Expense": 42989000.0,
        "Research And Development": 30646000.0,
        "Selling General And Administration": 12343000.0,
        "General And Administrative Expense": 12343000.0,
        "Other Gand A": 12343000.0,
        "Total Revenue": 0.0,
        "Operating Revenue": 0.0
    },
    "2024-06-30": {
        "Tax Effect Of Unusual Items": 0.0,
        "Tax Rate For Calcs": 0.0,
        "Normalized EBITDA": -49950000.0,
        "Total Unusual Items": NaN,
        "Total Unusual Items Excluding Goodwill": NaN,
        "Net Income From Continuing Operation Net Minority Interest": -42028000.0,
        "Reconciled Depreciation": 77000.0,
        "EBITDA": -49950000.0,
        "EBIT": -50027000.0,
        "Net Interest Income": 8071000.0,
        "Interest Income": 8071000.0,
        "Normalized Income": -42028000.0,
        "Net Income From Continuing And Discontinued Operation": -42028000.0,
        "Total Expenses": 50027000.0,
        "Total Operating Income As Reported": -50027000.0,
        "Diluted Average Shares": 55052000.0,
        "Basic Average Shares": 55052000.0,
        "Diluted EPS": -0.68,
        "Basic EPS": -0.68,
        "Diluted NI Availto Com Stockholders": -42028000.0,
        "Net Income Common Stockholders": -42028000.0,
        "Net Income": -42028000.0,
        "Minority Interests": 0.0,
        "Net Income Including Noncontrolling Interests": -42028000.0,
        "Net Income Continuous Operations": -42028000.0,
        "Pretax Income": -42028000.0,
        "Other Income Expense": -72000.0,
        "Other Non Operating Income Expenses": -72000.0,
        "Special Income Charges": NaN,
        "Impairment Of Capital Assets": NaN,
        "Net Non Operating Interest Income Expense": 8071000.0,
        "Interest Income Non Operating": 8071000.0,
        "Operating Income": -50027000.0,
        "Operating Expense": 50027000.0,
        "Research And Development": 36259000.0,
        "Selling General And Administration": 13768000.0,
        "General And Administrative Expense": 13768000.0,
        "Other Gand A": 13768000.0,
        "Total Revenue": 0.0,
        "Operating Revenue": 0.0
    },
    "2024-09-30": {
        "Tax Effect Of Unusual Items": 0.0,
        "Tax Rate For Calcs": 0.0,
        "Normalized EBITDA": -48779000.0,
        "Total Unusual Items": 0.0,
        "Total Unusual Items Excluding Goodwill": 0.0,
        "Net Income From Continuing Operation Net Minority Interest": -40560000.0,
        "Reconciled Depreciation": 76000.0,
        "EBITDA": -48779000.0,
        "EBIT": -48855000.0,
        "Net Interest Income": 8384000.0,
        "Interest Income": 8384000.0,
        "Normalized Income": -40560000.0,
        "Net Income From Continuing And Discontinued Operation": -40560000.0,
        "Total Expenses": 48855000.0,
        "Total Operating Income As Reported": -48855000.0,
        "Diluted Average Shares": 58337000.0,
        "Basic Average Shares": 58337000.0,
        "Diluted EPS": -0.69,
        "Basic EPS": -0.69,
        "Diluted NI Availto Com Stockholders": -40560000.0,
        "Net Income Common Stockholders": -40560000.0,
        "Net Income": -40560000.0,
        "Minority Interests": 0.0,
        "Net Income Including Noncontrolling Interests": -40560000.0,
        "Net Income Continuous Operations": -40560000.0,
        "Pretax Income": -40560000.0,
        "Other Income Expense": -89000.0,
        "Other Non Operating Income Expenses": -89000.0,
        "Special Income Charges": 0.0,
        "Impairment Of Capital Assets": 0.0,
        "Net Non Operating Interest Income Expense": 8384000.0,
        "Interest Income Non Operating": 8384000.0,
        "Operating Income": -48855000.0,
        "Operating Expense": 48855000.0,
        "Research And Development": 35506000.0,
        "Selling General And Administration": 13349000.0,
        "General And Administrative Expense": 13349000.0,
        "Other Gand A": 13349000.0,
        "Total Revenue": 0.0,
        "Operating Revenue": 0.0
    },
    "2024-12-31": {
        "Tax Effect Of Unusual Items": 0.0,
        "Tax Rate For Calcs": 0.0,
        "Normalized EBITDA": -54971000.0,
        "Total Unusual Items": 0.0,
        "Total Unusual Items Excluding Goodwill": 0.0,
        "Net Income From Continuing Operation Net Minority Interest": -47647000.0,
        "Reconciled Depreciation": 77000.0,
        "EBITDA": -54971000.0,
        "EBIT": -55048000.0,
        "Net Interest Income": 7512000.0,
        "Interest Income": 7512000.0,
        "Normalized Income": -47647000.0,
        "Net Income From Continuing And Discontinued Operation": -47647000.0,
        "Total Expenses": 55048000.0,
        "Total Operating Income As Reported": -55048000.0,
        "Diluted Average Shares": 58580000.0,
        "Basic Average Shares": 58580000.0,
        "Diluted EPS": -0.73,
        "Basic EPS": -0.73,
        "Diluted NI Availto Com Stockholders": -47647000.0,
        "Net Income Common Stockholders": -47647000.0,
        "Net Income": -47647000.0,
        "Minority Interests": 0.0,
        "Net Income Including Noncontrolling Interests": -47647000.0,
        "Net Income Continuous Operations": -47647000.0,
        "Pretax Income": -47530000.0,
        "Other Income Expense": 6000.0,
        "Other Non Operating Income Expenses": 6000.0,
        "Special Income Charges": 0.0,
        "Impairment Of Capital Assets": 0.0,
        "Net Non Operating Interest Income Expense": 7512000.0,
        "Interest Income Non Operating": 7512000.0,
        "Operating Income": -55048000.0,
        "Operating Expense": 55048000.0,
        "Research And Development": 40492000.0,
        "Selling General And Administration": 14556000.0,
        "General And Administrative Expense": 14556000.0,
        "Other Gand A": 14556000.0,
        "Total Revenue": 0.0,
        "Operating Revenue": 0.0
    },
    "2025-03-31": {
        "Tax Effect Of Unusual Items": 0.0,
        "Tax Rate For Calcs": 0.0,
        "Normalized EBITDA": -54920000.0,
        "Total Unusual Items": NaN,
        "Total Unusual Items Excluding Goodwill": NaN,
        "Net Income From Continuing Operation Net Minority Interest": -48501000.0,
        "Reconciled Depreciation": 76000.0,
        "EBITDA": -54920000.0,
        "EBIT": -54996000.0,
        "Net Interest Income": 6580000.0,
        "Interest Income": 6580000.0,
        "Normalized Income": -48501000.0,
        "Net Income From Continuing And Discontinued Operation": -48501000.0,
        "Total Expenses": 54996000.0,
        "Total Operating Income As Reported": -54996000.0,
        "Diluted Average Shares": 58905000.0,
        "Basic Average Shares": 58905000.0,
        "Diluted EPS": -0.74,
        "Basic EPS": -0.74,
        "Diluted NI Availto Com Stockholders": -48501000.0,
        "Net Income Common Stockholders": -48501000.0,
        "Net Income": -48501000.0,
        "Minority Interests": 0.0,
        "Net Income Including Noncontrolling Interests": -48501000.0,
        "Net Income Continuous Operations": -48501000.0,
        "Pretax Income": -48501000.0,
        "Other Income Expense": -85000.0,
        "Other Non Operating Income Expenses": -85000.0,
        "Special Income Charges": NaN,
        "Impairment Of Capital Assets": NaN,
        "Net Non Operating Interest Income Expense": 6580000.0,
        "Interest Income Non Operating": 6580000.0,
        "Operating Income": -54996000.0,
        "Operating Expense": 54996000.0,
        "Research And Development": 41459000.0,
        "Selling General And Administration": 13537000.0,
        "General And Administrative Expense": 13537000.0,
        "Other Gand A": 13537000.0,
        "Total Revenue": 0.0,
        "Operating Revenue": 0.0
    },
    "2025-06-30": {
        "Tax Effect Of Unusual Items": 0.0,
        "Tax Rate For Calcs": 0.0,
        "Normalized EBITDA": -75721000.0,
        "Total Unusual Items": NaN,
        "Total Unusual Items Excluding Goodwill": NaN,
        "Net Income From Continuing Operation Net Minority Interest": -70055000.0,
        "Reconciled Depreciation": 77000.0,
        "EBITDA": -75721000.0,
        "EBIT": -75798000.0,
        "Net Interest Income": 5924000.0,
        "Interest Income": 5924000.0,
        "Normalized Income": -70055000.0,
        "Net Income From Continuing And Discontinued Operation": -70055000.0,
        "Total Expenses": 75798000.0,
        "Total Operating Income As Reported": -75798000.0,
        "Diluted Average Shares": 59015000.0,
        "Basic Average Shares": 59015000.0,
        "Diluted EPS": -1.07,
        "Basic EPS": -1.07,
        "Diluted NI Availto Com Stockholders": -70055000.0,
        "Net Income Common Stockholders": -70055000.0,
        "Net Income": -70055000.0,
        "Minority Interests": 0.0,
        "Net Income Including Noncontrolling Interests": -70055000.0,
        "Net Income Continuous Operations": -70055000.0,
        "Pretax Income": -70055000.0,
        "Other Income Expense": -181000.0,
        "Other Non Operating Income Expenses": -181000.0,
        "Special Income Charges": NaN,
        "Impairment Of Capital Assets": NaN,
        "Net Non Operating Interest Income Expense": 5924000.0,
        "Interest Income Non Operating": 5924000.0,
        "Operating Income": -75798000.0,
        "Operating Expense": 75798000.0,
        "Research And Development": 61030000.0,
        "Selling General And Administration": 14768000.0,
        "General And Administrative Expense": 14768000.0,
        "Other Gand A": 14768000.0,
        "Total Revenue": 0.0,
        "Operating Revenue": 0.0
    }
}