{
    "2024-12-31": {
        "Tax Effect Of Unusual Items": 0.0,
        "Tax Rate For Calcs": 0.082774,
        "Normalized EBITDA": 642483000.0,
        "Net Income From Continuing Operation Net Minority Interest": 659022000.0,
        "Reconciled Depreciation": NaN,
        "Reconciled Cost Of Revenue": 1777589000.0,
        "EBITDA": 642483000.0,
        "EBIT": 642483000.0,
        "Net Interest Income": -1214000.0,
        "Interest Income": -1214000.0,
        "Normalized Income": 659022000.0,
        "Net Income From Continuing And Discontinued Operation": 659022000.0,
        "Total Expenses": 2691943000.0,
        "Total Operating Income As Reported": 642483000.0,
        "Diluted Average Shares": NaN,
        "Basic Average Shares": NaN,
        "Diluted EPS": NaN,
        "Basic EPS": NaN,
        "Diluted NI Availto Com Stockholders": -337890000.0,
        "Net Income Common Stockholders": -337890000.0,
        "Otherunder Preferred Stock Dividend": 984154000.0,
        "Preferred Stock Dividends": 12758000.0,
        "Net Income": 659022000.0,
        "Minority Interests": 14887000.0,
        "Net Income Including Noncontrolling Interests": 644135000.0,
        "Net Income Continuous Operations": 644135000.0,
        "Tax Provision": 58129000.0,
        "Pretax Income": 702264000.0,
        "Other Income Expense": 60995000.0,
        "Other Non Operating Income Expenses": 60995000.0,
        "Net Non Operating Interest Income Expense": -1214000.0,
        "Interest Income Non Operating": -1214000.0,
        "Operating Income": 642483000.0,
        "Operating Expense": 914354000.0,
        "Other Operating Expenses": 182387000.0,
        "Selling General And Administration": 731967000.0,
        "Selling And Marketing Expense": 293075000.0,
        "General And Administrative Expense": 438892000.0,
        "Other Gand A": 222941000.0,
        "Salaries And Wages": 215951000.0,
        "Gross Profit": 1556837000.0,
        "Cost Of Revenue": 1777589000.0,
        "Total Revenue": 3334426000.0,
        "Operating Revenue": 3334426000.0
    },
    "2024-09-30": {
        "Tax Effect Of Unusual Items": 0.0,
        "Tax Rate For Calcs": 0.200001,
        "Normalized EBITDA": 794250000.0,
        "Net Income From Continuing Operation Net Minority Interest": 640979000.0,
        "Reconciled Depreciation": NaN,
        "Reconciled Cost Of Revenue": 1904709000.0,
        "EBITDA": 794250000.0,
        "EBIT": 794250000.0,
        "Net Interest Income": 21324000.0,
        "Interest Income": 21324000.0,
        "Normalized Income": 640979000.0,
        "Net Income From Continuing And Discontinued Operation": 640979000.0,
        "Total Expenses": 2746998000.0,
        "Total Operating Income As Reported": 794250000.0,
        "Diluted Average Shares": 183549892.0,
        "Basic Average Shares": 183549892.0,
        "Diluted EPS": 3.344181,
        "Basic EPS": 3.344181,
        "Diluted NI Availto Com Stockholders": 613824000.0,
        "Net Income Common Stockholders": 613824000.0,
        "Otherunder Preferred Stock Dividend": 15848000.0,
        "Preferred Stock Dividends": 11307000.0,
        "Net Income": 640979000.0,
        "Minority Interests": -5654000.0,
        "Net Income Including Noncontrolling Interests": 646633000.0,
        "Net Income Continuous Operations": 646633000.0,
        "Tax Provision": 161659000.0,
        "Pretax Income": 808292000.0,
        "Other Income Expense": -7282000.0,
        "Other Non Operating Income Expenses": -7282000.0,
        "Net Non Operating Interest Income Expense": 21324000.0,
        "Interest Income Non Operating": 21324000.0,
        "Operating Income": 794250000.0,
        "Operating Expense": 842289000.0,
        "Other Operating Expenses": 166696000.0,
        "Selling General And Administration": 675593000.0,
        "Selling And Marketing Expense": 351687000.0,
        "General And Administrative Expense": 323906000.0,
        "Other Gand A": 323906000.0,
        "Salaries And Wages": 242465000.0,
        "Gross Profit": 1636539000.0,
        "Cost Of Revenue": 1904709000.0,
        "Total Revenue": 3541248000.0,
        "Operating Revenue": 3541248000.0
    },
    "2024-06-30": {
        "Tax Effect Of Unusual Items": NaN,
        "Tax Rate For Calcs": NaN,
        "Normalized EBITDA": NaN,
        "Net Income From Continuing Operation Net Minority Interest": NaN,
        "Reconciled Depreciation": 9186000.0,
        "Reconciled Cost Of Revenue": NaN,
        "EBITDA": NaN,
        "EBIT": NaN,
        "Net Interest Income": NaN,
        "Interest Income": NaN,
        "Normalized Income": NaN,
        "Net Income From Continuing And Discontinued Operation": NaN,
        "Total Expenses": NaN,
        "Total Operating Income As Reported": NaN,
        "Diluted Average Shares": 183549892.0,
        "Basic Average Shares": 183549892.0,
        "Diluted EPS": 3.22247,
        "Basic EPS": 3.22247,
        "Diluted NI Availto Com Stockholders": NaN,
        "Net Income Common Stockholders": NaN,
        "Otherunder Preferred Stock Dividend": NaN,
        "Preferred Stock Dividends": 15050000.0,
        "Net Income": NaN,
        "Minority Interests": NaN,
        "Net Income Including Noncontrolling Interests": NaN,
        "Net Income Continuous Operations": NaN,
        "Tax Provision": NaN,
        "Pretax Income": NaN,
        "Other Income Expense": NaN,
        "Other Non Operating Income Expenses": NaN,
        "Net Non Operating Interest Income Expense": NaN,
        "Interest Income Non Operating": NaN,
        "Operating Income": NaN,
        "Operating Expense": NaN,
        "Other Operating Expenses": NaN,
        "Selling General And Administration": NaN,
        "Selling And Marketing Expense": NaN,
        "General And Administrative Expense": NaN,
        "Other Gand A": NaN,
        "Salaries And Wages": 193962000.0,
        "Gross Profit": NaN,
        "Cost Of Revenue": NaN,
        "Total Revenue": NaN,
        "Operating Revenue": NaN
    },
    "2024-03-31": {
        "Tax Effect Of Unusual Items": NaN,
        "Tax Rate For Calcs": NaN,
        "Normalized EBITDA": NaN,
        "Net Income From Continuing Operation Net Minority Interest": NaN,
        "Reconciled Depreciation": 8365000.0,
        "Reconciled Cost Of Revenue": NaN,
        "EBITDA": NaN,
        "EBIT": NaN,
        "Net Interest Income": NaN,
        "Interest Income": NaN,
        "Normalized Income": NaN,
        "Net Income From Continuing And Discontinued Operation": NaN,
        "Total Expenses": NaN,
        "Total Operating Income As Reported": NaN,
        "Diluted Average Shares": NaN,
        "Basic Average Shares": NaN,
        "Diluted EPS": NaN,
        "Basic EPS": NaN,
        "Diluted NI Availto Com Stockholders": NaN,
        "Net Income Common Stockholders": NaN,
        "Otherunder Preferred Stock Dividend": NaN,
        "Preferred Stock Dividends": NaN,
        "Net Income": NaN,
        "Minority Interests": NaN,
        "Net Income Including Noncontrolling Interests": NaN,
        "Net Income Continuous Operations": NaN,
        "Tax Provision": NaN,
        "Pretax Income": NaN,
        "Other Income Expense": NaN,
        "Other Non Operating Income Expenses": NaN,
        "Net Non Operating Interest Income Expense": NaN,
        "Interest Income Non Operating": NaN,
        "Operating Income": NaN,
        "Operating Expense": NaN,
        "Other Operating Expenses": NaN,
        "Selling General And Administration": NaN,
        "Selling And Marketing Expense": NaN,
        "General And Administrative Expense": NaN,
        "Other Gand A": NaN,
        "Salaries And Wages": 171917000.0,
        "Gross Profit": NaN,
        "Cost Of Revenue": NaN,
        "Total Revenue": NaN,
        "Operating Revenue": NaN
    },
    "2023-12-31": {
        "Tax Effect Of Unusual Items": NaN,
        "Tax Rate For Calcs": NaN,
        "Normalized EBITDA": NaN,
        "Net Income From Continuing Operation Net Minority Interest": NaN,
        "Reconciled Depreciation": 4262000.0,
        "Reconciled Cost Of Revenue": NaN,
        "EBITDA": NaN,
        "EBIT": NaN,
        "Net Interest Income": NaN,
        "Interest Income": NaN,
        "Normalized Income": NaN,
        "Net Income From Continuing And Discontinued Operation": NaN,
        "Total Expenses": NaN,
        "Total Operating Income As Reported": NaN,
        "Diluted Average Shares": NaN,
        "Basic Average Shares": NaN,
        "Diluted EPS": NaN,
        "Basic EPS": NaN,
        "Diluted NI Availto Com Stockholders": NaN,
        "Net Income Common Stockholders": NaN,
        "Otherunder Preferred Stock Dividend": NaN,
        "Preferred Stock Dividends": NaN,
        "Net Income": NaN,
        "Minority Interests": NaN,
        "Net Income Including Noncontrolling Interests": NaN,
        "Net Income Continuous Operations": NaN,
        "Tax Provision": NaN,
        "Pretax Income": NaN,
        "Other Income Expense": NaN,
        "Other Non Operating Income Expenses": NaN,
        "Net Non Operating Interest Income Expense": NaN,
        "Interest Income Non Operating": NaN,
        "Operating Income": NaN,
        "Operating Expense": NaN,
        "Other Operating Expenses": NaN,
        "Selling General And Administration": NaN,
        "Selling And Marketing Expense": NaN,
        "General And Administrative Expense": NaN,
        "Other Gand A": NaN,
        "Salaries And Wages": 169156000.0,
        "Gross Profit": NaN,
        "Cost Of Revenue": NaN,
        "Total Revenue": NaN,
        "Operating Revenue": NaN
    },
    "2023-09-30": {
        "Tax Effect Of Unusual Items": NaN,
        "Tax Rate For Calcs": NaN,
        "Normalized EBITDA": NaN,
        "Net Income From Continuing Operation Net Minority Interest": NaN,
        "Reconciled Depreciation": 1908000.0,
        "Reconciled Cost Of Revenue": NaN,
        "EBITDA": NaN,
        "EBIT": NaN,
        "Net Interest Income": NaN,
        "Interest Income": NaN,
        "Normalized Income": NaN,
        "Net Income From Continuing And Discontinued Operation": NaN,
        "Total Expenses": NaN,
        "Total Operating Income As Reported": NaN,
        "Diluted Average Shares": NaN,
        "Basic Average Shares": NaN,
        "Diluted EPS": NaN,
        "Basic EPS": NaN,
        "Diluted NI Availto Com Stockholders": NaN,
        "Net Income Common Stockholders": NaN,
        "Otherunder Preferred Stock Dividend": NaN,
        "Preferred Stock Dividends": NaN,
        "Net Income": NaN,
        "Minority Interests": NaN,
        "Net Income Including Noncontrolling Interests": NaN,
        "Net Income Continuous Operations": NaN,
        "Tax Provision": NaN,
        "Pretax Income": NaN,
        "Other Income Expense": NaN,
        "Other Non Operating Income Expenses": NaN,
        "Net Non Operating Interest Income Expense": NaN,
        "Interest Income Non Operating": NaN,
        "Operating Income": NaN,
        "Operating Expense": NaN,
        "Other Operating Expenses": NaN,
        "Selling General And Administration": NaN,
        "Selling And Marketing Expense": NaN,
        "General And Administrative Expense": NaN,
        "Other Gand A": NaN,
        "Salaries And Wages": NaN,
        "Gross Profit": NaN,
        "Cost Of Revenue": NaN,
        "Total Revenue": NaN,
        "Operating Revenue": NaN
    },
    "2025-03-31": {
        "Tax Effect Of Unusual Items": 0.0,
        "Tax Rate For Calcs": 0.189873,
        "Normalized EBITDA": 820776000.0,
        "Net Income From Continuing Operation Net Minority Interest": 678858000.0,
        "Reconciled Depreciation": NaN,
        "Reconciled Cost Of Revenue": 1747328000.0,
        "EBITDA": 820776000.0,
        "EBIT": 820776000.0,
        "Net Interest Income": 15694000.0,
        "Interest Income": 15694000.0,
        "Normalized Income": 678858000.0,
        "Net Income From Continuing And Discontinued Operation": 678858000.0,
        "Total Expenses": 2571935000.0,
        "Total Operating Income As Reported": 820776000.0,
        "Diluted Average Shares": 183549892.0,
        "Basic Average Shares": 183549892.0,
        "Diluted EPS": 3.540514,
        "Basic EPS": 3.540514,
        "Diluted NI Availto Com Stockholders": 649861000.0,
        "Net Income Common Stockholders": 649861000.0,
        "Otherunder Preferred Stock Dividend": 16239000.0,
        "Preferred Stock Dividends": 12758000.0,
        "Net Income": 678858000.0,
        "Minority Interests": 1541000.0,
        "Net Income Including Noncontrolling Interests": 677317000.0,
        "Net Income Continuous Operations": 677317000.0,
        "Tax Provision": 158746000.0,
        "Pretax Income": 836063000.0,
        "Other Income Expense": -407000.0,
        "Other Non Operating Income Expenses": -407000.0,
        "Net Non Operating Interest Income Expense": 15694000.0,
        "Interest Income Non Operating": 15694000.0,
        "Operating Income": 820776000.0,
        "Operating Expense": 824607000.0,
        "Other Operating Expenses": 172458000.0,
        "Selling General And Administration": 652149000.0,
        "Selling And Marketing Expense": 299323000.0,
        "General And Administrative Expense": 352826000.0,
        "Other Gand A": 352826000.0,
        "Salaries And Wages": NaN,
        "Gross Profit": 1645383000.0,
        "Cost Of Revenue": 1747328000.0,
        "Total Revenue": 3392711000.0,
        "Operating Revenue": 3392711000.0
    },
    "2025-06-30": {
        "Tax Effect Of Unusual Items": 0.0,
        "Tax Rate For Calcs": 0.25,
        "Normalized EBITDA": 107614000.0,
        "Net Income From Continuing Operation Net Minority Interest": 69541000.0,
        "Reconciled Depreciation": NaN,
        "Reconciled Cost Of Revenue": 1720919000.0,
        "EBITDA": 107614000.0,
        "EBIT": 107614000.0,
        "Net Interest Income": 50830000.0,
        "Interest Income": 50830000.0,
        "Normalized Income": 69541000.0,
        "Net Income From Continuing And Discontinued Operation": 69541000.0,
        "Total Expenses": 3224267000.0,
        "Total Operating Income As Reported": 107614000.0,
        "Diluted Average Shares": 171130715.0,
        "Basic Average Shares": 168594146.0,
        "Diluted EPS": 0.36,
        "Basic EPS": 0.36,
        "Diluted NI Availto Com Stockholders": 62754000.0,
        "Net Income Common Stockholders": 62754000.0,
        "Otherunder Preferred Stock Dividend": 3843000.0,
        "Preferred Stock Dividends": 2944000.0,
        "Net Income": 69541000.0,
        "Minority Interests": -7697000.0,
        "Net Income Including Noncontrolling Interests": 77238000.0,
        "Net Income Continuous Operations": 77238000.0,
        "Tax Provision": 126403000.0,
        "Pretax Income": 203641000.0,
        "Other Income Expense": 45197000.0,
        "Other Non Operating Income Expenses": 45197000.0,
        "Net Non Operating Interest Income Expense": 50830000.0,
        "Interest Income Non Operating": 50830000.0,
        "Operating Income": 107614000.0,
        "Operating Expense": 1503348000.0,
        "Other Operating Expenses": 173723000.0,
        "Selling General And Administration": 1329625000.0,
        "Selling And Marketing Expense": 385040000.0,
        "General And Administrative Expense": 944585000.0,
        "Other Gand A": 944585000.0,
        "Salaries And Wages": NaN,
        "Gross Profit": 1610962000.0,
        "Cost Of Revenue": 1720919000.0,
        "Total Revenue": 3331881000.0,
        "Operating Revenue": 3331881000.0
    },
    "2025-09-30": {
        "Tax Effect Of Unusual Items": 0.0,
        "Tax Rate For Calcs": 0.214264,
        "Normalized EBITDA": 454396000.0,
        "Net Income From Continuing Operation Net Minority Interest": 394212000.0,
        "Reconciled Depreciation": NaN,
        "Reconciled Cost Of Revenue": 1753194000.0,
        "EBITDA": 454396000.0,
        "EBIT": 454396000.0,
        "Net Interest Income": 38972000.0,
        "Interest Income": 38972000.0,
        "Normalized Income": 394212000.0,
        "Net Income From Continuing And Discontinued Operation": 394212000.0,
        "Total Expenses": 2753934000.0,
        "Total Operating Income As Reported": 454396000.0,
        "Diluted Average Shares": 194153800.0,
        "Basic Average Shares": 190101049.0,
        "Diluted EPS": 2.03,
        "Basic EPS": 2.07,
        "Diluted NI Availto Com Stockholders": 394212000.0,
        "Net Income Common Stockholders": 394212000.0,
        "Otherunder Preferred Stock Dividend": 0.0,
        "Preferred Stock Dividends": NaN,
        "Net Income": 394212000.0,
        "Minority Interests": -3643000.0,
        "Net Income Including Noncontrolling Interests": 397855000.0,
        "Net Income Continuous Operations": 397855000.0,
        "Tax Provision": 108492000.0,
        "Pretax Income": 506347000.0,
        "Other Income Expense": 12979000.0,
        "Other Non Operating Income Expenses": 12979000.0,
        "Net Non Operating Interest Income Expense": 38972000.0,
        "Interest Income Non Operating": 38972000.0,
        "Operating Income": 454396000.0,
        "Operating Expense": 1000740000.0,
        "Other Operating Expenses": 178868000.0,
        "Selling General And Administration": 821872000.0,
        "Selling And Marketing Expense": 304510000.0,
        "General And Administrative Expense": 517362000.0,
        "Other Gand A": 517362000.0,
        "Salaries And Wages": NaN,
        "Gross Profit": 1455136000.0,
        "Cost Of Revenue": 1753194000.0,
        "Total Revenue": 3208330000.0,
        "Operating Revenue": 3208330000.0
    }
}