{
    "2023-03-31": {
        "Tax Effect Of Unusual Items": 0.0,
        "Tax Rate For Calcs": 0.0,
        "Normalized EBITDA": -4755000.0,
        "Total Unusual Items": NaN,
        "Total Unusual Items Excluding Goodwill": NaN,
        "Net Income From Continuing Operation Net Minority Interest": -4442000.0,
        "Reconciled Depreciation": 95000.0,
        "EBITDA": -4755000.0,
        "EBIT": -4850000.0,
        "Net Interest Income": 408000.0,
        "Interest Income": NaN,
        "Normalized Income": -4442000.0,
        "Net Income From Continuing And Discontinued Operation": -4442000.0,
        "Total Expenses": 4850000.0,
        "Total Operating Income As Reported": -4850000.0,
        "Diluted Average Shares": 5846206.0,
        "Basic Average Shares": 5846206.0,
        "Diluted EPS": -0.76,
        "Basic EPS": -0.76,
        "Diluted NI Availto Com Stockholders": -4442000.0,
        "Net Income Common Stockholders": -4442000.0,
        "Net Income": -4442000.0,
        "Net Income Including Noncontrolling Interests": -4442000.0,
        "Net Income Continuous Operations": -4442000.0,
        "Pretax Income": -4442000.0,
        "Other Income Expense": NaN,
        "Special Income Charges": NaN,
        "Impairment Of Capital Assets": NaN,
        "Net Non Operating Interest Income Expense": 408000.0,
        "Total Other Finance Cost": -408000.0,
        "Interest Income Non Operating": NaN,
        "Operating Income": -4850000.0,
        "Operating Expense": 4850000.0,
        "Research And Development": 3671000.0,
        "Selling General And Administration": 1179000.0,
        "General And Administrative Expense": 1179000.0,
        "Other Gand A": 1179000.0,
        "Total Revenue": 0.0,
        "Operating Revenue": 0.0
    },
    "2022-12-31": {
        "Tax Effect Of Unusual Items": 0.0,
        "Tax Rate For Calcs": 0.0,
        "Normalized EBITDA": -3127000.0,
        "Total Unusual Items": NaN,
        "Total Unusual Items Excluding Goodwill": NaN,
        "Net Income From Continuing Operation Net Minority Interest": -3713000.0,
        "Reconciled Depreciation": 150000.0,
        "EBITDA": -3127000.0,
        "EBIT": -3277000.0,
        "Net Interest Income": 611000.0,
        "Interest Income": NaN,
        "Normalized Income": -3713000.0,
        "Net Income From Continuing And Discontinued Operation": -3713000.0,
        "Total Expenses": 4178000.0,
        "Total Operating Income As Reported": -4215000.0,
        "Diluted Average Shares": 5844163.0,
        "Basic Average Shares": 5844163.0,
        "Diluted EPS": -0.635,
        "Basic EPS": -0.635,
        "Diluted NI Availto Com Stockholders": -3713000.0,
        "Net Income Common Stockholders": -3713000.0,
        "Net Income": -3713000.0,
        "Net Income Including Noncontrolling Interests": -3713000.0,
        "Net Income Continuous Operations": -3713000.0,
        "Pretax Income": -3713000.0,
        "Other Income Expense": NaN,
        "Special Income Charges": NaN,
        "Impairment Of Capital Assets": NaN,
        "Net Non Operating Interest Income Expense": 611000.0,
        "Total Other Finance Cost": NaN,
        "Interest Income Non Operating": NaN,
        "Operating Income": -4178000.0,
        "Operating Expense": 4178000.0,
        "Research And Development": 2956000.0,
        "Selling General And Administration": 1143000.0,
        "General And Administrative Expense": 1143000.0,
        "Other Gand A": -1273000.0,
        "Total Revenue": 0.0,
        "Operating Revenue": 0.0
    },
    "2022-09-30": {
        "Tax Effect Of Unusual Items": NaN,
        "Tax Rate For Calcs": NaN,
        "Normalized EBITDA": NaN,
        "Total Unusual Items": 0.0,
        "Total Unusual Items Excluding Goodwill": 0.0,
        "Net Income From Continuing Operation Net Minority Interest": NaN,
        "Reconciled Depreciation": NaN,
        "EBITDA": NaN,
        "EBIT": NaN,
        "Net Interest Income": NaN,
        "Interest Income": 291000.0,
        "Normalized Income": NaN,
        "Net Income From Continuing And Discontinued Operation": NaN,
        "Total Expenses": NaN,
        "Total Operating Income As Reported": NaN,
        "Diluted Average Shares": 5842205.0,
        "Basic Average Shares": 5842205.0,
        "Diluted EPS": -0.81,
        "Basic EPS": -0.81,
        "Diluted NI Availto Com Stockholders": NaN,
        "Net Income Common Stockholders": NaN,
        "Net Income": NaN,
        "Net Income Including Noncontrolling Interests": NaN,
        "Net Income Continuous Operations": NaN,
        "Pretax Income": NaN,
        "Other Income Expense": NaN,
        "Special Income Charges": 0.0,
        "Impairment Of Capital Assets": 0.0,
        "Net Non Operating Interest Income Expense": NaN,
        "Total Other Finance Cost": -291000.0,
        "Interest Income Non Operating": 291000.0,
        "Operating Income": NaN,
        "Operating Expense": NaN,
        "Research And Development": NaN,
        "Selling General And Administration": NaN,
        "General And Administrative Expense": NaN,
        "Other Gand A": NaN,
        "Total Revenue": NaN,
        "Operating Revenue": NaN
    },
    "2022-06-30": {
        "Tax Effect Of Unusual Items": 0.0,
        "Tax Rate For Calcs": 0.0,
        "Normalized EBITDA": -4805000.0,
        "Total Unusual Items": NaN,
        "Total Unusual Items Excluding Goodwill": NaN,
        "Net Income From Continuing Operation Net Minority Interest": -4807000.0,
        "Reconciled Depreciation": 83000.0,
        "EBITDA": -4805000.0,
        "EBIT": -4888000.0,
        "Net Interest Income": 81000.0,
        "Interest Income": NaN,
        "Normalized Income": -4807000.0,
        "Net Income From Continuing And Discontinued Operation": -4807000.0,
        "Total Expenses": 4888000.0,
        "Total Operating Income As Reported": -4888000.0,
        "Diluted Average Shares": 5840089.0,
        "Basic Average Shares": 5840089.0,
        "Diluted EPS": -0.82,
        "Basic EPS": -0.82,
        "Diluted NI Availto Com Stockholders": -4807000.0,
        "Net Income Common Stockholders": -4807000.0,
        "Net Income": -4807000.0,
        "Net Income Including Noncontrolling Interests": -4807000.0,
        "Net Income Continuous Operations": -4807000.0,
        "Pretax Income": -4807000.0,
        "Other Income Expense": NaN,
        "Special Income Charges": NaN,
        "Impairment Of Capital Assets": NaN,
        "Net Non Operating Interest Income Expense": 81000.0,
        "Total Other Finance Cost": -81000.0,
        "Interest Income Non Operating": NaN,
        "Operating Income": -4888000.0,
        "Operating Expense": 4888000.0,
        "Research And Development": 3545000.0,
        "Selling General And Administration": 1343000.0,
        "General And Administrative Expense": 1343000.0,
        "Other Gand A": 1343000.0,
        "Total Revenue": 0.0,
        "Operating Revenue": 0.0
    },
    "2022-03-31": {
        "Diluted EPS": -1.13,
        "Total Revenue": NaN,
        "Gross Profit": NaN,
        "Operating Income": -6,
        "EBIT": -6,
        "Net Income": -6
    },
    "2021-12-31": {
        "Diluted EPS": -1.9,
        "Total Revenue": NaN,
        "Gross Profit": NaN,
        "Operating Income": -6,
        "EBIT": -6,
        "Net Income": -5
    },
    "2021-09-30": {
        "Diluted EPS": -0.04,
        "Total Revenue": NaN,
        "Gross Profit": NaN,
        "Operating Income": -4,
        "EBIT": -4,
        "Net Income": -4
    },
    "2021-06-30": {
        "Diluted EPS": -1.2,
        "Total Revenue": NaN,
        "Gross Profit": NaN,
        "Operating Income": -4,
        "EBIT": -4,
        "Net Income": -4
    },
    "2021-03-31": {
        "Diluted EPS": -1.0,
        "Total Revenue": NaN,
        "Gross Profit": NaN,
        "Operating Income": -4,
        "EBIT": -4,
        "Net Income": -4
    },
    "2020-12-31": {
        "Diluted EPS": 1.8,
        "Total Revenue": NaN,
        "Gross Profit": NaN,
        "Operating Income": -4,
        "EBIT": -4,
        "Net Income": -4
    },
    "2020-09-30": {
        "Diluted EPS": -1.8,
        "Total Revenue": NaN,
        "Gross Profit": NaN,
        "Operating Income": -4,
        "EBIT": -4,
        "Net Income": -4
    },
    "2020-06-30": {
        "Diluted EPS": -2.4,
        "Total Revenue": NaN,
        "Gross Profit": NaN,
        "Operating Income": -3,
        "EBIT": -3,
        "Net Income": -3
    },
    "2020-03-31": {
        "Diluted EPS": -6.8,
        "Total Revenue": NaN,
        "Gross Profit": NaN,
        "Operating Income": -3,
        "EBIT": -3,
        "Net Income": -3
    },
    "2019-12-31": {
        "Diluted EPS": -9.2,
        "Total Revenue": NaN,
        "Gross Profit": NaN,
        "Operating Income": -4,
        "EBIT": -4,
        "Net Income": -4
    },
    "2019-09-30": {
        "Diluted EPS": -8.4,
        "Total Revenue": NaN,
        "Gross Profit": NaN,
        "Operating Income": -4,
        "EBIT": -4,
        "Net Income": -4
    },
    "2019-06-30": {
        "Diluted EPS": -8.2,
        "Total Revenue": NaN,
        "Gross Profit": NaN,
        "Operating Income": -3,
        "EBIT": -3,
        "Net Income": -3
    },
    "2019-03-31": {
        "Diluted EPS": -8.8,
        "Total Revenue": NaN,
        "Gross Profit": NaN,
        "Operating Income": -3,
        "EBIT": -3,
        "Net Income": -3
    },
    "2018-12-31": {
        "Diluted EPS": -2.8,
        "Total Revenue": NaN,
        "Gross Profit": NaN,
        "Operating Income": -3,
        "EBIT": -3,
        "Net Income": -3
    },
    "2018-09-30": {
        "Diluted EPS": -10.0,
        "Total Revenue": NaN,
        "Gross Profit": NaN,
        "Operating Income": -3,
        "EBIT": -3,
        "Net Income": -3
    },
    "2018-06-30": {
        "Diluted EPS": -14.0,
        "Total Revenue": NaN,
        "Gross Profit": NaN,
        "Operating Income": -3,
        "EBIT": -3,
        "Net Income": -3
    },
    "2018-03-31": {
        "Diluted EPS": -25.4,
        "Total Revenue": NaN,
        "Gross Profit": NaN,
        "Operating Income": -2,
        "EBIT": -2,
        "Net Income": -2
    },
    "2017-12-31": {
        "Diluted EPS": -27.6,
        "Total Revenue": NaN,
        "Gross Profit": NaN,
        "Operating Income": -2,
        "EBIT": -2,
        "Net Income": -2
    },
    "2017-09-30": {
        "Diluted EPS": -27.6,
        "Total Revenue": NaN,
        "Gross Profit": NaN,
        "Operating Income": -2,
        "EBIT": -2,
        "Net Income": -2
    },
    "2017-06-30": {
        "Diluted EPS": -40.4,
        "Total Revenue": NaN,
        "Gross Profit": NaN,
        "Operating Income": -3,
        "EBIT": -3,
        "Net Income": -3
    },
    "2017-03-31": {
        "Diluted EPS": -38.8,
        "Total Revenue": NaN,
        "Gross Profit": NaN,
        "Operating Income": -3,
        "EBIT": -3,
        "Net Income": -3
    },
    "2016-12-31": {
        "Diluted EPS": -28.09,
        "Total Revenue": NaN,
        "Gross Profit": NaN,
        "Operating Income": -2,
        "EBIT": -2,
        "Net Income": -2
    },
    "2016-09-30": {
        "Diluted EPS": -26.41,
        "Total Revenue": NaN,
        "Gross Profit": NaN,
        "Operating Income": -2,
        "EBIT": -2,
        "Net Income": -2
    },
    "2016-06-30": {
        "Diluted EPS": -36.01,
        "Total Revenue": NaN,
        "Gross Profit": NaN,
        "Operating Income": -2,
        "EBIT": -2,
        "Net Income": -2
    },
    "2016-03-31": {
        "Diluted EPS": -50.42,
        "Total Revenue": NaN,
        "Gross Profit": NaN,
        "Operating Income": -3,
        "EBIT": -3,
        "Net Income": -3
    },
    "2015-12-31": {
        "Diluted EPS": -52.82,
        "Total Revenue": NaN,
        "Gross Profit": NaN,
        "Operating Income": -3,
        "EBIT": -3,
        "Net Income": -3
    },
    "2015-09-30": {
        "Diluted EPS": -55.22,
        "Total Revenue": NaN,
        "Gross Profit": NaN,
        "Operating Income": -3,
        "EBIT": -3,
        "Net Income": -3
    },
    "2015-06-30": {
        "Diluted EPS": -43.22,
        "Total Revenue": NaN,
        "Gross Profit": NaN,
        "Operating Income": -3,
        "EBIT": -3,
        "Net Income": -2
    },
    "2015-03-31": {
        "Diluted EPS": -124.85,
        "Total Revenue": NaN,
        "Gross Profit": NaN,
        "Operating Income": -4,
        "EBIT": -4,
        "Net Income": -4
    },
    "2014-12-31": {
        "Diluted EPS": 0.0,
        "Total Revenue": NaN,
        "Gross Profit": NaN,
        "Operating Income": NaN,
        "EBIT": NaN,
        "Net Income": NaN
    },
    "2013-12-31": {
        "Diluted EPS": 0.0,
        "Total Revenue": NaN,
        "Gross Profit": NaN,
        "Operating Income": NaN,
        "EBIT": NaN,
        "Net Income": NaN
    },
    "2023-06-30": {
        "Tax Effect Of Unusual Items": 0.0,
        "Tax Rate For Calcs": 0.0,
        "Normalized EBITDA": -4604000.0,
        "Total Unusual Items": -1364000.0,
        "Total Unusual Items Excluding Goodwill": -1364000.0,
        "Net Income From Continuing Operation Net Minority Interest": -6878000.0,
        "Reconciled Depreciation": 95000.0,
        "EBITDA": -5968000.0,
        "EBIT": -6063000.0,
        "Net Interest Income": 549000.0,
        "Interest Income": 549000.0,
        "Normalized Income": -5514000.0,
        "Net Income From Continuing And Discontinued Operation": -6878000.0,
        "Total Expenses": 6063000.0,
        "Total Operating Income As Reported": -7427000.0,
        "Diluted Average Shares": 5848565.0,
        "Basic Average Shares": 5848565.0,
        "Diluted EPS": -1.18,
        "Basic EPS": -1.18,
        "Diluted NI Availto Com Stockholders": -6878000.0,
        "Net Income Common Stockholders": -6878000.0,
        "Net Income": -6878000.0,
        "Net Income Including Noncontrolling Interests": -6878000.0,
        "Net Income Continuous Operations": -6878000.0,
        "Pretax Income": -6878000.0,
        "Other Income Expense": -1364000.0,
        "Special Income Charges": -1364000.0,
        "Impairment Of Capital Assets": 1364000.0,
        "Net Non Operating Interest Income Expense": 549000.0,
        "Interest Income Non Operating": 549000.0,
        "Operating Income": -6063000.0,
        "Operating Expense": 6063000.0,
        "Research And Development": 4480000.0,
        "Selling General And Administration": 1583000.0,
        "General And Administrative Expense": 1583000.0,
        "Other Gand A": 1583000.0,
        "Total Revenue": 0.0,
        "Operating Revenue": 0.0
    },
    "2023-09-30": {
        "Tax Effect Of Unusual Items": 0.0,
        "Tax Rate For Calcs": 0.0,
        "Normalized EBITDA": -2801000.0,
        "Total Unusual Items": -62000.0,
        "Total Unusual Items Excluding Goodwill": -62000.0,
        "Net Income From Continuing Operation Net Minority Interest": -2590000.0,
        "Reconciled Depreciation": 0.0,
        "EBITDA": -2863000.0,
        "EBIT": -2863000.0,
        "Net Interest Income": 335000.0,
        "Interest Income": 335000.0,
        "Normalized Income": -2528000.0,
        "Net Income From Continuing And Discontinued Operation": -2590000.0,
        "Total Expenses": 2863000.0,
        "Total Operating Income As Reported": -2925000.0,
        "Diluted Average Shares": 5849756.0,
        "Basic Average Shares": 5849756.0,
        "Diluted EPS": -0.44,
        "Basic EPS": -0.44,
        "Diluted NI Availto Com Stockholders": -2590000.0,
        "Net Income Common Stockholders": -2590000.0,
        "Net Income": -2590000.0,
        "Net Income Including Noncontrolling Interests": -2590000.0,
        "Net Income Continuous Operations": -2590000.0,
        "Pretax Income": -2590000.0,
        "Other Income Expense": -62000.0,
        "Special Income Charges": -62000.0,
        "Impairment Of Capital Assets": 62000.0,
        "Net Non Operating Interest Income Expense": 335000.0,
        "Interest Income Non Operating": 335000.0,
        "Operating Income": -2863000.0,
        "Operating Expense": 2863000.0,
        "Research And Development": 30000.0,
        "Selling General And Administration": 2833000.0,
        "General And Administrative Expense": 2833000.0,
        "Other Gand A": 2833000.0,
        "Total Revenue": 0.0,
        "Operating Revenue": 0.0
    },
    "2023-12-31": {
        "Tax Effect Of Unusual Items": 0.0,
        "Tax Rate For Calcs": 0.0,
        "Normalized EBITDA": -3625000.0,
        "Total Unusual Items": -132000.0,
        "Total Unusual Items Excluding Goodwill": -132000.0,
        "Net Income From Continuing Operation Net Minority Interest": -3658000.0,
        "Reconciled Depreciation": 22000.0,
        "EBITDA": -3757000.0,
        "EBIT": -3779000.0,
        "Net Interest Income": 465000.0,
        "Interest Income": 478000.0,
        "Normalized Income": -3526000.0,
        "Net Income From Continuing And Discontinued Operation": -3658000.0,
        "Total Expenses": 3991000.0,
        "Total Operating Income As Reported": -4085000.0,
        "Diluted Average Shares": NaN,
        "Basic Average Shares": NaN,
        "Diluted EPS": NaN,
        "Basic EPS": NaN,
        "Diluted NI Availto Com Stockholders": -3658000.0,
        "Net Income Common Stockholders": -3658000.0,
        "Net Income": -3658000.0,
        "Net Income Including Noncontrolling Interests": -3658000.0,
        "Net Income Continuous Operations": -3658000.0,
        "Pretax Income": -3658000.0,
        "Other Income Expense": -132000.0,
        "Special Income Charges": 0.0,
        "Impairment Of Capital Assets": 0.0,
        "Net Non Operating Interest Income Expense": 465000.0,
        "Interest Income Non Operating": 478000.0,
        "Operating Income": -3991000.0,
        "Operating Expense": 3991000.0,
        "Research And Development": 130000.0,
        "Selling General And Administration": 3867000.0,
        "General And Administrative Expense": 3867000.0,
        "Other Gand A": 1490000.0,
        "Total Revenue": 0.0,
        "Operating Revenue": 0.0
    }
}