{
    "2023-03-31": {
        "Tax Effect Of Unusual Items": NaN,
        "Tax Rate For Calcs": NaN,
        "Normalized EBITDA": NaN,
        "Total Unusual Items": NaN,
        "Total Unusual Items Excluding Goodwill": NaN,
        "Net Income From Continuing Operation Net Minority Interest": NaN,
        "Reconciled Depreciation": NaN,
        "Reconciled Cost Of Revenue": NaN,
        "EBITDA": NaN,
        "EBIT": NaN,
        "Net Interest Income": NaN,
        "Interest Expense": NaN,
        "Interest Income": NaN,
        "Normalized Income": NaN,
        "Net Income From Continuing And Discontinued Operation": NaN,
        "Total Expenses": NaN,
        "Total Operating Income As Reported": NaN,
        "Diluted Average Shares": NaN,
        "Basic Average Shares": NaN,
        "Diluted EPS": NaN,
        "Basic EPS": NaN,
        "Diluted NI Availto Com Stockholders": NaN,
        "Net Income Common Stockholders": NaN,
        "Net Income": NaN,
        "Net Income Including Noncontrolling Interests": NaN,
        "Net Income Continuous Operations": NaN,
        "Tax Provision": NaN,
        "Pretax Income": NaN,
        "Other Income Expense": NaN,
        "Other Non Operating Income Expenses": NaN,
        "Special Income Charges": NaN,
        "Gain On Sale Of Ppe": NaN,
        "Other Special Charges": NaN,
        "Restructuring And Mergern Acquisition": NaN,
        "Net Non Operating Interest Income Expense": NaN,
        "Interest Expense Non Operating": NaN,
        "Interest Income Non Operating": NaN,
        "Operating Income": NaN,
        "Operating Expense": NaN,
        "Other Operating Expenses": NaN,
        "Selling General And Administration": NaN,
        "Selling And Marketing Expense": 651000000.0,
        "General And Administrative Expense": NaN,
        "Other Gand A": NaN,
        "Gross Profit": NaN,
        "Cost Of Revenue": NaN,
        "Total Revenue": NaN,
        "Operating Revenue": NaN
    },
    "2022-12-31": {
        "Tax Effect Of Unusual Items": NaN,
        "Tax Rate For Calcs": NaN,
        "Normalized EBITDA": NaN,
        "Total Unusual Items": NaN,
        "Total Unusual Items Excluding Goodwill": NaN,
        "Net Income From Continuing Operation Net Minority Interest": NaN,
        "Reconciled Depreciation": NaN,
        "Reconciled Cost Of Revenue": NaN,
        "EBITDA": NaN,
        "EBIT": NaN,
        "Net Interest Income": NaN,
        "Interest Expense": NaN,
        "Interest Income": NaN,
        "Normalized Income": NaN,
        "Net Income From Continuing And Discontinued Operation": NaN,
        "Total Expenses": NaN,
        "Total Operating Income As Reported": NaN,
        "Diluted Average Shares": NaN,
        "Basic Average Shares": NaN,
        "Diluted EPS": NaN,
        "Basic EPS": NaN,
        "Diluted NI Availto Com Stockholders": NaN,
        "Net Income Common Stockholders": NaN,
        "Net Income": NaN,
        "Net Income Including Noncontrolling Interests": NaN,
        "Net Income Continuous Operations": NaN,
        "Tax Provision": NaN,
        "Pretax Income": NaN,
        "Other Income Expense": NaN,
        "Other Non Operating Income Expenses": NaN,
        "Special Income Charges": NaN,
        "Gain On Sale Of Ppe": NaN,
        "Other Special Charges": NaN,
        "Impairment Of Capital Assets": 0.0,
        "Restructuring And Mergern Acquisition": NaN,
        "Net Non Operating Interest Income Expense": NaN,
        "Interest Expense Non Operating": NaN,
        "Interest Income Non Operating": NaN,
        "Operating Income": NaN,
        "Operating Expense": NaN,
        "Other Operating Expenses": NaN,
        "Selling General And Administration": NaN,
        "Selling And Marketing Expense": NaN,
        "General And Administrative Expense": NaN,
        "Other Gand A": NaN,
        "Gross Profit": NaN,
        "Cost Of Revenue": NaN,
        "Total Revenue": NaN,
        "Operating Revenue": NaN
    },
    "2022-09-30": {
        "Tax Effect Of Unusual Items": NaN,
        "Tax Rate For Calcs": NaN,
        "Normalized EBITDA": NaN,
        "Total Unusual Items": NaN,
        "Total Unusual Items Excluding Goodwill": NaN,
        "Net Income From Continuing Operation Net Minority Interest": NaN,
        "Reconciled Depreciation": NaN,
        "Reconciled Cost Of Revenue": NaN,
        "EBITDA": NaN,
        "EBIT": NaN,
        "Net Interest Income": NaN,
        "Interest Expense": NaN,
        "Interest Income": NaN,
        "Normalized Income": NaN,
        "Net Income From Continuing And Discontinued Operation": NaN,
        "Total Expenses": NaN,
        "Total Operating Income As Reported": NaN,
        "Diluted Average Shares": NaN,
        "Basic Average Shares": NaN,
        "Diluted EPS": NaN,
        "Basic EPS": NaN,
        "Diluted NI Availto Com Stockholders": NaN,
        "Net Income Common Stockholders": NaN,
        "Net Income": NaN,
        "Net Income Including Noncontrolling Interests": NaN,
        "Net Income Continuous Operations": NaN,
        "Tax Provision": NaN,
        "Pretax Income": NaN,
        "Other Income Expense": NaN,
        "Other Non Operating Income Expenses": NaN,
        "Special Income Charges": NaN,
        "Gain On Sale Of Ppe": NaN,
        "Impairment Of Capital Assets": NaN,
        "Restructuring And Mergern Acquisition": NaN,
        "Net Non Operating Interest Income Expense": NaN,
        "Interest Expense Non Operating": NaN,
        "Interest Income Non Operating": NaN,
        "Operating Income": NaN,
        "Operating Expense": NaN,
        "Other Operating Expenses": NaN,
        "Selling General And Administration": NaN,
        "Selling And Marketing Expense": 1200000000.0,
        "General And Administrative Expense": NaN,
        "Other Gand A": NaN,
        "Salaries And Wages": 75000000.0,
        "Gross Profit": NaN,
        "Cost Of Revenue": NaN,
        "Total Revenue": NaN,
        "Operating Revenue": NaN
    },
    "2022-06-30": {
        "Tax Effect Of Unusual Items": 1230593.607306,
        "Tax Rate For Calcs": 0.0586,
        "Normalized EBITDA": 1780000000.0,
        "Total Unusual Items": 21000000.0,
        "Total Unusual Items Excluding Goodwill": 21000000.0,
        "Net Income From Continuing Operation Net Minority Interest": 1237000000.0,
        "Reconciled Depreciation": 451000000.0,
        "Reconciled Cost Of Revenue": 2128000000.0,
        "EBITDA": 1801000000.0,
        "EBIT": 1350000000.0,
        "Net Interest Income": -36000000.0,
        "Interest Expense": 36000000.0,
        "Interest Income": NaN,
        "Normalized Income": 1217230593.607306,
        "Net Income From Continuing And Discontinued Operation": 1237000000.0,
        "Total Expenses": 2179000000.0,
        "Total Operating Income As Reported": 1341000000.0,
        "Diluted Average Shares": 149532000.0,
        "Basic Average Shares": 126814000.0,
        "Diluted EPS": 8.27,
        "Basic EPS": 9.75,
        "Diluted NI Availto Com Stockholders": 1237000000.0,
        "Average Dilution Earnings": NaN,
        "Net Income Common Stockholders": 1237000000.0,
        "Otherunder Preferred Stock Dividend": NaN,
        "Net Income": 1237000000.0,
        "Net Income Including Noncontrolling Interests": 1237000000.0,
        "Net Income Continuous Operations": 1237000000.0,
        "Tax Provision": 77000000.0,
        "Pretax Income": 1314000000.0,
        "Other Income Expense": 30000000.0,
        "Other Non Operating Income Expenses": 9000000.0,
        "Special Income Charges": 21000000.0,
        "Gain On Sale Of Ppe": 21000000.0,
        "Other Special Charges": NaN,
        "Impairment Of Capital Assets": 0.0,
        "Restructuring And Mergern Acquisition": 0.0,
        "Net Non Operating Interest Income Expense": -36000000.0,
        "Interest Expense Non Operating": 36000000.0,
        "Interest Income Non Operating": NaN,
        "Operating Income": 1320000000.0,
        "Operating Expense": 51000000.0,
        "Other Operating Expenses": 15000000.0,
        "Selling General And Administration": 36000000.0,
        "General And Administrative Expense": 36000000.0,
        "Other Gand A": -38000000.0,
        "Salaries And Wages": 74000000.0,
        "Gross Profit": 1371000000.0,
        "Cost Of Revenue": 2128000000.0,
        "Total Revenue": 3499000000.0,
        "Operating Revenue": 3499000000.0
    },
    "2023-06-30": {
        "Tax Effect Of Unusual Items": 114986486.486486,
        "Tax Rate For Calcs": 0.245174,
        "Normalized EBITDA": 450000000.0,
        "Total Unusual Items": 469000000.0,
        "Total Unusual Items Excluding Goodwill": 469000000.0,
        "Net Income From Continuing Operation Net Minority Interest": 391000000.0,
        "Reconciled Depreciation": 376000000.0,
        "Reconciled Cost Of Revenue": 1323000000.0,
        "EBITDA": 919000000.0,
        "EBIT": 543000000.0,
        "Net Interest Income": -22000000.0,
        "Interest Expense": 25000000.0,
        "Interest Income": 3000000.0,
        "Normalized Income": 36986486.486486,
        "Net Income From Continuing And Discontinued Operation": 391000000.0,
        "Total Expenses": 1371000000.0,
        "Total Operating Income As Reported": 517000000.0,
        "Diluted Average Shares": 143267000.0,
        "Basic Average Shares": 133514000.0,
        "Diluted EPS": 2.73,
        "Basic EPS": 2.93,
        "Diluted NI Availto Com Stockholders": 391000000.0,
        "Net Income Common Stockholders": 391000000.0,
        "Net Income": 391000000.0,
        "Net Income Including Noncontrolling Interests": 391000000.0,
        "Net Income Continuous Operations": 391000000.0,
        "Tax Provision": 127000000.0,
        "Pretax Income": 518000000.0,
        "Other Income Expense": 492000000.0,
        "Other Non Operating Income Expenses": 23000000.0,
        "Special Income Charges": 469000000.0,
        "Gain On Sale Of Ppe": 472000000.0,
        "Other Special Charges": NaN,
        "Restructuring And Mergern Acquisition": 3000000.0,
        "Net Non Operating Interest Income Expense": -22000000.0,
        "Interest Expense Non Operating": 25000000.0,
        "Interest Income Non Operating": 3000000.0,
        "Operating Income": 48000000.0,
        "Operating Expense": 48000000.0,
        "Other Operating Expenses": 17000000.0,
        "Selling General And Administration": 31000000.0,
        "Selling And Marketing Expense": NaN,
        "General And Administrative Expense": 31000000.0,
        "Other Gand A": 31000000.0,
        "Gross Profit": 96000000.0,
        "Cost Of Revenue": 1323000000.0,
        "Total Revenue": 1419000000.0,
        "Operating Revenue": 1419000000.0
    },
    "2022-03-31": {
        "Diluted EPS": -6.32,
        "Total Revenue": 935,
        "Gross Profit": 583,
        "Operating Income": -794,
        "EBIT": -385,
        "Net Income": -764
    },
    "2021-12-31": {
        "Diluted EPS": 9.39,
        "Total Revenue": NaN,
        "Gross Profit": NaN,
        "Operating Income": NaN,
        "EBIT": NaN,
        "Net Income": NaN
    },
    "2021-09-30": {
        "Diluted EPS": -3.51,
        "Total Revenue": 890,
        "Gross Profit": 591,
        "Operating Income": -338,
        "EBIT": -110,
        "Net Income": -345
    },
    "2021-06-30": {
        "Diluted EPS": -4.48,
        "Total Revenue": 693,
        "Gross Profit": 408,
        "Operating Income": -430,
        "EBIT": -201,
        "Net Income": -439
    },
    "2021-03-31": {
        "Diluted EPS": 52.99,
        "Total Revenue": NaN,
        "Gross Profit": 855,
        "Operating Income": 51,
        "EBIT": 245,
        "Net Income": NaN
    },
    "2020-12-31": {
        "Diluted EPS": -40.89,
        "Total Revenue": NaN,
        "Gross Profit": 819,
        "Operating Income": 176,
        "EBIT": 342,
        "Net Income": -416
    },
    "2020-09-30": {
        "Diluted EPS": -76.18,
        "Total Revenue": 960,
        "Gross Profit": 702,
        "Operating Income": -111,
        "EBIT": 59,
        "Net Income": -745
    },
    "2020-06-30": {
        "Diluted EPS": -28.22,
        "Total Revenue": 507,
        "Gross Profit": 146,
        "Operating Income": -541,
        "EBIT": -383,
        "Net Income": -276
    },
    "2020-03-31": {
        "Diluted EPS": -852.97,
        "Total Revenue": NaN,
        "Gross Profit": NaN,
        "Operating Income": NaN,
        "EBIT": NaN,
        "Net Income": NaN
    },
    "2019-12-31": {
        "Diluted EPS": -40.92,
        "Total Revenue": NaN,
        "Gross Profit": NaN,
        "Operating Income": -173,
        "EBIT": 419,
        "Net Income": -346
    },
    "2019-09-30": {
        "Diluted EPS": -11.89,
        "Total Revenue": NaN,
        "Gross Profit": NaN,
        "Operating Income": 46,
        "EBIT": 619,
        "Net Income": -101
    },
    "2019-06-30": {
        "Diluted EPS": 9.21,
        "Total Revenue": NaN,
        "Gross Profit": NaN,
        "Operating Income": 278,
        "EBIT": 858,
        "Net Income": 75
    },
    "2019-03-31": {
        "Diluted EPS": -6.37,
        "Total Revenue": NaN,
        "Gross Profit": NaN,
        "Operating Income": -182,
        "EBIT": 337,
        "Net Income": -44
    },
    "2018-12-31": {
        "Diluted EPS": 29.76,
        "Total Revenue": NaN,
        "Gross Profit": NaN,
        "Operating Income": 418,
        "EBIT": 820,
        "Net Income": 580
    },
    "2018-09-30": {
        "Diluted EPS": -0.19,
        "Total Revenue": NaN,
        "Gross Profit": NaN,
        "Operating Income": 82,
        "EBIT": 487,
        "Net Income": -169
    },
    "2018-06-30": {
        "Diluted EPS": -0.3,
        "Total Revenue": NaN,
        "Gross Profit": NaN,
        "Operating Income": -160,
        "EBIT": 311,
        "Net Income": -272
    },
    "2018-03-31": {
        "Diluted EPS": -0.01,
        "Total Revenue": NaN,
        "Gross Profit": NaN,
        "Operating Income": 42,
        "EBIT": 501,
        "Net Income": -6
    },
    "2017-12-31": {
        "Diluted EPS": -1.2,
        "Total Revenue": NaN,
        "Gross Profit": NaN,
        "Operating Income": -872,
        "EBIT": 136,
        "Net Income": NaN
    },
    "2017-09-30": {
        "Diluted EPS": -0.05,
        "Total Revenue": NaN,
        "Gross Profit": NaN,
        "Operating Income": 94,
        "EBIT": 342,
        "Net Income": -41
    },
    "2017-06-30": {
        "Diluted EPS": 0.47,
        "Total Revenue": NaN,
        "Gross Profit": NaN,
        "Operating Income": 399,
        "EBIT": 622,
        "Net Income": 470
    },
    "2017-03-31": {
        "Diluted EPS": 0.08,
        "Total Revenue": NaN,
        "Gross Profit": NaN,
        "Operating Income": 241,
        "EBIT": 459,
        "Net Income": 75
    },
    "2016-12-31": {
        "Diluted EPS": -0.64,
        "Total Revenue": NaN,
        "Gross Profit": NaN,
        "Operating Income": -295,
        "EBIT": -62,
        "Net Income": -729
    },
    "2016-09-30": {
        "Diluted EPS": -1.62,
        "Total Revenue": NaN,
        "Gross Profit": NaN,
        "Operating Income": NaN,
        "EBIT": -958,
        "Net Income": NaN
    },
    "2016-06-30": {
        "Diluted EPS": -2.51,
        "Total Revenue": NaN,
        "Gross Profit": 959,
        "Operating Income": NaN,
        "EBIT": NaN,
        "Net Income": NaN
    },
    "2016-03-31": {
        "Diluted EPS": -1.66,
        "Total Revenue": NaN,
        "Gross Profit": NaN,
        "Operating Income": NaN,
        "EBIT": -807,
        "Net Income": NaN
    },
    "2015-12-31": {
        "Diluted EPS": -3.19,
        "Total Revenue": NaN,
        "Gross Profit": NaN,
        "Operating Income": NaN,
        "EBIT": NaN,
        "Net Income": NaN
    },
    "2015-09-30": {
        "Diluted EPS": -7.08,
        "Total Revenue": NaN,
        "Gross Profit": NaN,
        "Operating Income": NaN,
        "EBIT": NaN,
        "Net Income": NaN
    },
    "2015-06-30": {
        "Diluted EPS": -6.27,
        "Total Revenue": NaN,
        "Gross Profit": NaN,
        "Operating Income": NaN,
        "EBIT": NaN,
        "Net Income": NaN
    },
    "2015-03-31": {
        "Diluted EPS": -5.72,
        "Total Revenue": NaN,
        "Gross Profit": NaN,
        "Operating Income": NaN,
        "EBIT": NaN,
        "Net Income": NaN
    },
    "2014-12-31": {
        "Diluted EPS": 0.85,
        "Total Revenue": NaN,
        "Gross Profit": NaN,
        "Operating Income": 960,
        "EBIT": NaN,
        "Net Income": 585
    },
    "2014-09-30": {
        "Diluted EPS": 0.26,
        "Total Revenue": NaN,
        "Gross Profit": NaN,
        "Operating Income": NaN,
        "EBIT": NaN,
        "Net Income": 169
    },
    "2014-06-30": {
        "Diluted EPS": 0.22,
        "Total Revenue": NaN,
        "Gross Profit": NaN,
        "Operating Income": 610,
        "EBIT": NaN,
        "Net Income": 145
    },
    "2014-03-31": {
        "Diluted EPS": 0.54,
        "Total Revenue": NaN,
        "Gross Profit": NaN,
        "Operating Income": 733,
        "EBIT": NaN,
        "Net Income": 374
    },
    "2013-12-31": {
        "Diluted EPS": -0.19,
        "Total Revenue": NaN,
        "Gross Profit": NaN,
        "Operating Income": 249,
        "EBIT": 973,
        "Net Income": -154
    },
    "2013-09-30": {
        "Diluted EPS": 0.24,
        "Total Revenue": NaN,
        "Gross Profit": NaN,
        "Operating Income": 436,
        "EBIT": NaN,
        "Net Income": 156
    },
    "2013-06-30": {
        "Diluted EPS": 0.66,
        "Total Revenue": NaN,
        "Gross Profit": NaN,
        "Operating Income": NaN,
        "EBIT": NaN,
        "Net Income": 457
    },
    "2013-03-31": {
        "Diluted EPS": 0.02,
        "Total Revenue": NaN,
        "Gross Profit": NaN,
        "Operating Income": 217,
        "EBIT": 943,
        "Net Income": 15
    },
    "2012-12-31": {
        "Diluted EPS": 0.55,
        "Total Revenue": NaN,
        "Gross Profit": NaN,
        "Operating Income": 756,
        "EBIT": NaN,
        "Net Income": 257
    },
    "2012-09-30": {
        "Diluted EPS": -3.19,
        "Total Revenue": NaN,
        "Gross Profit": NaN,
        "Operating Income": NaN,
        "EBIT": NaN,
        "Net Income": NaN
    },
    "2012-06-30": {
        "Diluted EPS": 1.29,
        "Total Revenue": NaN,
        "Gross Profit": NaN,
        "Operating Income": 738,
        "EBIT": NaN,
        "Net Income": 929
    },
    "2012-03-31": {
        "Diluted EPS": -0.11,
        "Total Revenue": NaN,
        "Gross Profit": NaN,
        "Operating Income": 6,
        "EBIT": 596,
        "Net Income": -71
    },
    "2011-12-31": {
        "Diluted EPS": 0.0,
        "Total Revenue": NaN,
        "Gross Profit": NaN,
        "Operating Income": NaN,
        "EBIT": NaN,
        "Net Income": NaN
    },
    "2011-09-30": {
        "Diluted EPS": 1.23,
        "Total Revenue": NaN,
        "Gross Profit": NaN,
        "Operating Income": NaN,
        "EBIT": NaN,
        "Net Income": 879
    },
    "2011-06-30": {
        "Diluted EPS": 0.68,
        "Total Revenue": NaN,
        "Gross Profit": NaN,
        "Operating Income": 985,
        "EBIT": 985,
        "Net Income": 467
    },
    "2023-09-30": {
        "Tax Effect Of Unusual Items": -380281.690141,
        "Tax Rate For Calcs": 0.014085,
        "Normalized EBITDA": 505000000.0,
        "Total Unusual Items": -27000000.0,
        "Total Unusual Items Excluding Goodwill": -27000000.0,
        "Net Income From Continuing Operation Net Minority Interest": 70000000.0,
        "Reconciled Depreciation": 382000000.0,
        "Reconciled Cost Of Revenue": 647000000.0,
        "EBITDA": 478000000.0,
        "EBIT": 96000000.0,
        "Net Interest Income": -23000000.0,
        "Interest Expense": 25000000.0,
        "Interest Income": 2000000.0,
        "Normalized Income": 96619718.309859,
        "Net Income From Continuing And Discontinued Operation": 70000000.0,
        "Total Expenses": 1406000000.0,
        "Total Operating Income As Reported": 79000000.0,
        "Diluted Average Shares": 142348000.0,
        "Basic Average Shares": 132153000.0,
        "Diluted EPS": 0.49,
        "Basic EPS": 0.53,
        "Diluted NI Availto Com Stockholders": 70000000.0,
        "Net Income Common Stockholders": 70000000.0,
        "Net Income": 70000000.0,
        "Net Income Including Noncontrolling Interests": 70000000.0,
        "Net Income Continuous Operations": 70000000.0,
        "Tax Provision": 1000000.0,
        "Pretax Income": 71000000.0,
        "Other Income Expense": -12000000.0,
        "Other Non Operating Income Expenses": 15000000.0,
        "Special Income Charges": -27000000.0,
        "Gain On Sale Of Ppe": 0.0,
        "Other Special Charges": NaN,
        "Restructuring And Mergern Acquisition": 27000000.0,
        "Net Non Operating Interest Income Expense": -23000000.0,
        "Interest Expense Non Operating": 25000000.0,
        "Interest Income Non Operating": 2000000.0,
        "Operating Income": 106000000.0,
        "Operating Expense": 759000000.0,
        "Other Operating Expenses": 7000000.0,
        "Selling General And Administration": 752000000.0,
        "Selling And Marketing Expense": 723000000.0,
        "General And Administrative Expense": 29000000.0,
        "Other Gand A": 29000000.0,
        "Gross Profit": 865000000.0,
        "Cost Of Revenue": 647000000.0,
        "Total Revenue": 1512000000.0,
        "Operating Revenue": 1512000000.0
    },
    "2023-12-31": {
        "Tax Effect Of Unusual Items": 23940136.054422,
        "Tax Rate For Calcs": 0.22585,
        "Normalized EBITDA": 1031000000.0,
        "Total Unusual Items": 106000000.0,
        "Total Unusual Items Excluding Goodwill": 106000000.0,
        "Net Income From Continuing Operation Net Minority Interest": 569000000.0,
        "Reconciled Depreciation": 379000000.0,
        "Reconciled Cost Of Revenue": 632000000.0,
        "EBITDA": 1137000000.0,
        "EBIT": 758000000.0,
        "Net Interest Income": -21000000.0,
        "Interest Expense": 23000000.0,
        "Interest Income": 2000000.0,
        "Normalized Income": 486940136.054422,
        "Net Income From Continuing And Discontinued Operation": 569000000.0,
        "Total Expenses": 1189000000.0,
        "Total Operating Income As Reported": 726000000.0,
        "Diluted Average Shares": 141491000.0,
        "Basic Average Shares": 130999000.0,
        "Diluted EPS": 4.02,
        "Basic EPS": 4.34,
        "Diluted NI Availto Com Stockholders": 569000000.0,
        "Net Income Common Stockholders": 569000000.0,
        "Net Income": 569000000.0,
        "Net Income Including Noncontrolling Interests": 569000000.0,
        "Net Income Continuous Operations": 569000000.0,
        "Tax Provision": 166000000.0,
        "Pretax Income": 735000000.0,
        "Other Income Expense": 137000000.0,
        "Other Non Operating Income Expenses": 31000000.0,
        "Special Income Charges": 106000000.0,
        "Gain On Sale Of Ppe": 139000000.0,
        "Other Special Charges": NaN,
        "Restructuring And Mergern Acquisition": 33000000.0,
        "Net Non Operating Interest Income Expense": -21000000.0,
        "Interest Expense Non Operating": 23000000.0,
        "Interest Income Non Operating": 2000000.0,
        "Operating Income": 620000000.0,
        "Operating Expense": 557000000.0,
        "Other Operating Expenses": 11000000.0,
        "Selling General And Administration": 546000000.0,
        "Selling And Marketing Expense": 514000000.0,
        "General And Administrative Expense": 32000000.0,
        "Other Gand A": 32000000.0,
        "Gross Profit": 1177000000.0,
        "Cost Of Revenue": 632000000.0,
        "Total Revenue": 1809000000.0,
        "Operating Revenue": 1809000000.0
    },
    "2024-03-31": {
        "Tax Effect Of Unusual Items": -4452000.0,
        "Tax Rate For Calcs": 0.212,
        "Normalized EBITDA": 474000000.0,
        "Total Unusual Items": -21000000.0,
        "Total Unusual Items Excluding Goodwill": -21000000.0,
        "Net Income From Continuing Operation Net Minority Interest": 26000000.0,
        "Reconciled Depreciation": 399000000.0,
        "Reconciled Cost Of Revenue": 631000000.0,
        "EBITDA": 453000000.0,
        "EBIT": 54000000.0,
        "Net Interest Income": -19000000.0,
        "Interest Expense": 21000000.0,
        "Interest Income": 2000000.0,
        "Normalized Income": 42548000.0,
        "Net Income From Continuing And Discontinued Operation": 26000000.0,
        "Total Expenses": 1020000000.0,
        "Total Operating Income As Reported": 32000000.0,
        "Diluted Average Shares": 141752000.0,
        "Basic Average Shares": 130893000.0,
        "Diluted EPS": 0.18,
        "Basic EPS": 0.2,
        "Diluted NI Availto Com Stockholders": 26000000.0,
        "Net Income Common Stockholders": 26000000.0,
        "Net Income": 26000000.0,
        "Net Income Including Noncontrolling Interests": 26000000.0,
        "Net Income Continuous Operations": 26000000.0,
        "Tax Provision": 7000000.0,
        "Pretax Income": 33000000.0,
        "Other Income Expense": -1000000.0,
        "Other Non Operating Income Expenses": 20000000.0,
        "Special Income Charges": -21000000.0,
        "Gain On Sale Of Ppe": 8000000.0,
        "Other Special Charges": NaN,
        "Restructuring And Mergern Acquisition": 29000000.0,
        "Net Non Operating Interest Income Expense": -19000000.0,
        "Interest Expense Non Operating": 21000000.0,
        "Interest Income Non Operating": 2000000.0,
        "Operating Income": 53000000.0,
        "Operating Expense": 389000000.0,
        "Other Operating Expenses": 19000000.0,
        "Selling General And Administration": 370000000.0,
        "Selling And Marketing Expense": 323000000.0,
        "General And Administrative Expense": 47000000.0,
        "Other Gand A": 47000000.0,
        "Gross Profit": 442000000.0,
        "Cost Of Revenue": 631000000.0,
        "Total Revenue": 1073000000.0,
        "Operating Revenue": 1073000000.0
    },
    "2024-06-30": {
        "Tax Effect Of Unusual Items": -5301694.915254,
        "Tax Rate For Calcs": 0.230508,
        "Normalized EBITDA": 99000000.0,
        "Total Unusual Items": -23000000.0,
        "Total Unusual Items Excluding Goodwill": -23000000.0,
        "Net Income From Continuing Operation Net Minority Interest": -227000000.0,
        "Reconciled Depreciation": 348000000.0,
        "Reconciled Cost Of Revenue": 710000000.0,
        "EBITDA": 76000000.0,
        "EBIT": -272000000.0,
        "Net Interest Income": -20000000.0,
        "Interest Expense": 23000000.0,
        "Interest Income": 3000000.0,
        "Normalized Income": -209301694.915254,
        "Net Income From Continuing And Discontinued Operation": -227000000.0,
        "Total Expenses": 776000000.0,
        "Total Operating Income As Reported": -294000000.0,
        "Diluted Average Shares": 131168000.0,
        "Basic Average Shares": 131168000.0,
        "Diluted EPS": -1.73,
        "Basic EPS": -1.73,
        "Diluted NI Availto Com Stockholders": -227000000.0,
        "Net Income Common Stockholders": -227000000.0,
        "Net Income": -227000000.0,
        "Net Income Including Noncontrolling Interests": -227000000.0,
        "Net Income Continuous Operations": -227000000.0,
        "Tax Provision": -68000000.0,
        "Pretax Income": -295000000.0,
        "Other Income Expense": -2000000.0,
        "Other Non Operating Income Expenses": 21000000.0,
        "Special Income Charges": -23000000.0,
        "Gain On Sale Of Ppe": 2000000.0,
        "Other Special Charges": 2000000.0,
        "Restructuring And Mergern Acquisition": 23000000.0,
        "Net Non Operating Interest Income Expense": -20000000.0,
        "Interest Expense Non Operating": 23000000.0,
        "Interest Income Non Operating": 3000000.0,
        "Operating Income": -273000000.0,
        "Operating Expense": 66000000.0,
        "Other Operating Expenses": 19000000.0,
        "Selling General And Administration": 47000000.0,
        "Selling And Marketing Expense": NaN,
        "General And Administrative Expense": 47000000.0,
        "Other Gand A": 47000000.0,
        "Gross Profit": -207000000.0,
        "Cost Of Revenue": 710000000.0,
        "Total Revenue": 503000000.0,
        "Operating Revenue": 503000000.0
    }
}