{
    "2023-03-31": {
        "Tax Effect Of Unusual Items": NaN,
        "Tax Rate For Calcs": NaN,
        "Normalized EBITDA": NaN,
        "Net Income From Continuing Operation Net Minority Interest": NaN,
        "Reconciled Depreciation": NaN,
        "Reconciled Cost Of Revenue": NaN,
        "EBITDA": NaN,
        "EBIT": NaN,
        "Net Interest Income": NaN,
        "Interest Expense": NaN,
        "Normalized Income": NaN,
        "Net Income From Continuing And Discontinued Operation": NaN,
        "Total Expenses": NaN,
        "Total Operating Income As Reported": NaN,
        "Diluted Average Shares": NaN,
        "Basic Average Shares": NaN,
        "Diluted EPS": NaN,
        "Basic EPS": NaN,
        "Diluted NI Availto Com Stockholders": NaN,
        "Net Income Common Stockholders": NaN,
        "Net Income": NaN,
        "Net Income Including Noncontrolling Interests": NaN,
        "Net Income Continuous Operations": NaN,
        "Tax Provision": NaN,
        "Pretax Income": NaN,
        "Net Non Operating Interest Income Expense": NaN,
        "Total Other Finance Cost": 28265000.0,
        "Interest Expense Non Operating": NaN,
        "Operating Income": NaN,
        "Operating Expense": NaN,
        "Selling General And Administration": NaN,
        "Gross Profit": NaN,
        "Cost Of Revenue": NaN,
        "Total Revenue": NaN,
        "Operating Revenue": NaN
    },
    "2022-12-31": {
        "Tax Effect Of Unusual Items": 0.0,
        "Tax Rate For Calcs": 0.208666,
        "Normalized EBITDA": 188087000.0,
        "Net Income From Continuing Operation Net Minority Interest": 96193000.0,
        "Reconciled Depreciation": 24053000.0,
        "Reconciled Cost Of Revenue": 4725957000.0,
        "EBITDA": 188087000.0,
        "EBIT": 164034000.0,
        "Net Interest Income": -42476000.0,
        "Interest Expense": NaN,
        "Normalized Income": 96193000.0,
        "Net Income From Continuing And Discontinued Operation": 96193000.0,
        "Total Expenses": 4902787000.0,
        "Total Operating Income As Reported": 164034000.0,
        "Diluted Average Shares": 120472000.0,
        "Basic Average Shares": 119212000.0,
        "Diluted EPS": 0.8,
        "Basic EPS": 0.81,
        "Diluted NI Availto Com Stockholders": 96193000.0,
        "Net Income Common Stockholders": 96193000.0,
        "Net Income": 96193000.0,
        "Net Income Including Noncontrolling Interests": 96193000.0,
        "Net Income Continuous Operations": 96193000.0,
        "Tax Provision": 25365000.0,
        "Pretax Income": 121558000.0,
        "Net Non Operating Interest Income Expense": -42476000.0,
        "Total Other Finance Cost": NaN,
        "Interest Expense Non Operating": NaN,
        "Operating Income": 164034000.0,
        "Operating Expense": 176830000.0,
        "Selling General And Administration": 176830000.0,
        "Gross Profit": 340864000.0,
        "Cost Of Revenue": 4725957000.0,
        "Total Revenue": 5066821000.0,
        "Operating Revenue": 5066821000.0
    },
    "2022-09-30": {
        "Tax Effect Of Unusual Items": NaN,
        "Tax Rate For Calcs": NaN,
        "Normalized EBITDA": NaN,
        "Net Income From Continuing Operation Net Minority Interest": NaN,
        "Reconciled Depreciation": NaN,
        "Reconciled Cost Of Revenue": NaN,
        "EBITDA": NaN,
        "EBIT": NaN,
        "Net Interest Income": NaN,
        "Interest Expense": 15972000.0,
        "Normalized Income": NaN,
        "Net Income From Continuing And Discontinued Operation": NaN,
        "Total Expenses": NaN,
        "Total Operating Income As Reported": NaN,
        "Diluted Average Shares": NaN,
        "Basic Average Shares": NaN,
        "Diluted EPS": NaN,
        "Basic EPS": NaN,
        "Diluted NI Availto Com Stockholders": NaN,
        "Net Income Common Stockholders": NaN,
        "Net Income": NaN,
        "Net Income Including Noncontrolling Interests": NaN,
        "Net Income Continuous Operations": NaN,
        "Tax Provision": NaN,
        "Pretax Income": NaN,
        "Net Non Operating Interest Income Expense": NaN,
        "Total Other Finance Cost": 15972000.0,
        "Interest Expense Non Operating": 15972000.0,
        "Operating Income": NaN,
        "Operating Expense": NaN,
        "Selling General And Administration": NaN,
        "Gross Profit": NaN,
        "Cost Of Revenue": NaN,
        "Total Revenue": NaN,
        "Operating Revenue": NaN
    },
    "2022-06-30": {
        "Tax Effect Of Unusual Items": 0.0,
        "Tax Rate For Calcs": 0.213,
        "Normalized EBITDA": 492927000.0,
        "Net Income From Continuing Operation Net Minority Interest": 348185000.0,
        "Reconciled Depreciation": 23262000.0,
        "Reconciled Cost Of Revenue": 6211626000.0,
        "EBITDA": 492927000.0,
        "EBIT": 469665000.0,
        "Net Interest Income": -27395000.0,
        "Interest Expense": NaN,
        "Normalized Income": 348185000.0,
        "Net Income From Continuing And Discontinued Operation": 348185000.0,
        "Total Expenses": 6328810000.0,
        "Total Operating Income As Reported": 469665000.0,
        "Diluted Average Shares": 130338000.0,
        "Basic Average Shares": 128405000.0,
        "Diluted EPS": 2.67,
        "Basic EPS": 2.71,
        "Diluted NI Availto Com Stockholders": 348185000.0,
        "Net Income Common Stockholders": 348185000.0,
        "Net Income": 348185000.0,
        "Net Income Including Noncontrolling Interests": 348185000.0,
        "Net Income Continuous Operations": 348185000.0,
        "Tax Provision": 94085000.0,
        "Pretax Income": 442270000.0,
        "Net Non Operating Interest Income Expense": -27395000.0,
        "Total Other Finance Cost": 27395000.0,
        "Interest Expense Non Operating": NaN,
        "Operating Income": 469665000.0,
        "Operating Expense": 117184000.0,
        "Selling General And Administration": 117184000.0,
        "Gross Profit": 586849000.0,
        "Cost Of Revenue": 6211626000.0,
        "Total Revenue": 6798475000.0,
        "Operating Revenue": 6798475000.0
    },
    "2023-06-30": {
        "Tax Effect Of Unusual Items": NaN,
        "Tax Rate For Calcs": NaN,
        "Normalized EBITDA": NaN,
        "Net Income From Continuing Operation Net Minority Interest": NaN,
        "Reconciled Depreciation": NaN,
        "Reconciled Cost Of Revenue": NaN,
        "EBITDA": NaN,
        "EBIT": NaN,
        "Net Interest Income": NaN,
        "Interest Expense": NaN,
        "Normalized Income": NaN,
        "Net Income From Continuing And Discontinued Operation": NaN,
        "Total Expenses": NaN,
        "Total Operating Income As Reported": NaN,
        "Diluted Average Shares": NaN,
        "Basic Average Shares": NaN,
        "Diluted EPS": NaN,
        "Basic EPS": NaN,
        "Diluted NI Availto Com Stockholders": NaN,
        "Net Income Common Stockholders": NaN,
        "Net Income": NaN,
        "Net Income Including Noncontrolling Interests": NaN,
        "Net Income Continuous Operations": NaN,
        "Tax Provision": NaN,
        "Pretax Income": NaN,
        "Net Non Operating Interest Income Expense": NaN,
        "Total Other Finance Cost": 18259000.0,
        "Interest Expense Non Operating": NaN,
        "Operating Income": NaN,
        "Operating Expense": NaN,
        "Selling General And Administration": NaN,
        "Gross Profit": NaN,
        "Cost Of Revenue": NaN,
        "Total Revenue": NaN,
        "Operating Revenue": NaN
    },
    "2022-03-31": {
        "Diluted EPS": 2.05,
        "Total Revenue": NaN,
        "Gross Profit": 906,
        "Operating Income": 345,
        "EBIT": 368,
        "Net Income": 270
    },
    "2021-12-31": {
        "Diluted EPS": 1.74,
        "Total Revenue": NaN,
        "Gross Profit": 856,
        "Operating Income": 287,
        "EBIT": 310,
        "Net Income": 230
    },
    "2021-09-30": {
        "Diluted EPS": 1.85,
        "Total Revenue": NaN,
        "Gross Profit": 844,
        "Operating Income": 311,
        "EBIT": 333,
        "Net Income": 247
    },
    "2021-06-30": {
        "Diluted EPS": 1.44,
        "Total Revenue": NaN,
        "Gross Profit": 749,
        "Operating Income": 261,
        "EBIT": 284,
        "Net Income": 194
    },
    "2021-03-31": {
        "Diluted EPS": 1.28,
        "Total Revenue": NaN,
        "Gross Profit": 702,
        "Operating Income": 223,
        "EBIT": 247,
        "Net Income": 173
    },
    "2020-12-31": {
        "Diluted EPS": 1.09,
        "Total Revenue": NaN,
        "Gross Profit": 641,
        "Operating Income": 207,
        "EBIT": 231,
        "Net Income": 148
    },
    "2020-09-30": {
        "Diluted EPS": 1.0,
        "Total Revenue": NaN,
        "Gross Profit": 589,
        "Operating Income": 168,
        "EBIT": 195,
        "Net Income": 137
    },
    "2020-06-30": {
        "Diluted EPS": 1.06,
        "Total Revenue": NaN,
        "Gross Profit": 614,
        "Operating Income": 189,
        "EBIT": 215,
        "Net Income": 144
    },
    "2020-03-31": {
        "Diluted EPS": 0.57,
        "Total Revenue": NaN,
        "Gross Profit": 568,
        "Operating Income": 109,
        "EBIT": 134,
        "Net Income": 78
    },
    "2019-12-31": {
        "Diluted EPS": 0.74,
        "Total Revenue": NaN,
        "Gross Profit": 579,
        "Operating Income": 137,
        "EBIT": 162,
        "Net Income": 99
    },
    "2019-09-30": {
        "Diluted EPS": 1.07,
        "Total Revenue": NaN,
        "Gross Profit": 633,
        "Operating Income": 201,
        "EBIT": 227,
        "Net Income": 147
    },
    "2019-06-30": {
        "Diluted EPS": 1.22,
        "Total Revenue": NaN,
        "Gross Profit": 695,
        "Operating Income": 228,
        "EBIT": 253,
        "Net Income": 169
    },
    "2019-03-31": {
        "Diluted EPS": 1.16,
        "Total Revenue": NaN,
        "Gross Profit": 679,
        "Operating Income": 225,
        "EBIT": 249,
        "Net Income": 162
    },
    "2018-12-31": {
        "Diluted EPS": 1.34,
        "Total Revenue": NaN,
        "Gross Profit": 714,
        "Operating Income": 256,
        "EBIT": 280,
        "Net Income": 187
    },
    "2018-09-30": {
        "Diluted EPS": 1.25,
        "Total Revenue": NaN,
        "Gross Profit": 694,
        "Operating Income": 246,
        "EBIT": 270,
        "Net Income": 176
    },
    "2018-06-30": {
        "Diluted EPS": 1.13,
        "Total Revenue": NaN,
        "Gross Profit": 671,
        "Operating Income": 219,
        "EBIT": 243,
        "Net Income": 159
    },
    "2018-03-31": {
        "Diluted EPS": 1.01,
        "Total Revenue": NaN,
        "Gross Profit": 626,
        "Operating Income": 192,
        "EBIT": 216,
        "Net Income": 142
    },
    "2017-12-31": {
        "Diluted EPS": 1.08,
        "Total Revenue": NaN,
        "Gross Profit": 632,
        "Operating Income": 211,
        "EBIT": 235,
        "Net Income": 153
    },
    "2017-09-30": {
        "Diluted EPS": 0.85,
        "Total Revenue": NaN,
        "Gross Profit": 594,
        "Operating Income": 194,
        "EBIT": 218,
        "Net Income": 119
    },
    "2017-06-30": {
        "Diluted EPS": 0.78,
        "Total Revenue": NaN,
        "Gross Profit": 574,
        "Operating Income": 182,
        "EBIT": 205,
        "Net Income": 111
    },
    "2017-03-31": {
        "Diluted EPS": 0.86,
        "Total Revenue": NaN,
        "Gross Profit": 569,
        "Operating Income": 188,
        "EBIT": 210,
        "Net Income": 122
    },
    "2016-12-31": {
        "Diluted EPS": 0.86,
        "Total Revenue": NaN,
        "Gross Profit": 562,
        "Operating Income": 194,
        "EBIT": 216,
        "Net Income": 122
    },
    "2016-09-30": {
        "Diluted EPS": 0.9,
        "Total Revenue": NaN,
        "Gross Profit": 558,
        "Operating Income": 211,
        "EBIT": 229,
        "Net Income": 129
    },
    "2016-06-30": {
        "Diluted EPS": 1.0,
        "Total Revenue": NaN,
        "Gross Profit": 594,
        "Operating Income": 234,
        "EBIT": 252,
        "Net Income": 143
    },
    "2016-03-31": {
        "Diluted EPS": 0.83,
        "Total Revenue": NaN,
        "Gross Profit": 563,
        "Operating Income": 199,
        "EBIT": 216,
        "Net Income": 119
    },
    "2015-12-31": {
        "Diluted EPS": 0.88,
        "Total Revenue": NaN,
        "Gross Profit": 571,
        "Operating Income": 215,
        "EBIT": 231,
        "Net Income": 127
    },
    "2015-09-30": {
        "Diluted EPS": 0.96,
        "Total Revenue": NaN,
        "Gross Profit": 589,
        "Operating Income": 233,
        "EBIT": 250,
        "Net Income": 139
    },
    "2015-06-30": {
        "Diluted EPS": 0.94,
        "Total Revenue": NaN,
        "Gross Profit": 584,
        "Operating Income": 229,
        "EBIT": 246,
        "Net Income": 137
    },
    "2015-03-31": {
        "Diluted EPS": 0.73,
        "Total Revenue": NaN,
        "Gross Profit": 525,
        "Operating Income": 182,
        "EBIT": 198,
        "Net Income": 106
    },
    "2014-12-31": {
        "Diluted EPS": 0.77,
        "Total Revenue": NaN,
        "Gross Profit": 502,
        "Operating Income": 188,
        "EBIT": 201,
        "Net Income": 113
    },
    "2014-09-30": {
        "Diluted EPS": 0.85,
        "Total Revenue": NaN,
        "Gross Profit": 528,
        "Operating Income": 203,
        "EBIT": 217,
        "Net Income": 125
    },
    "2014-06-30": {
        "Diluted EPS": 0.8,
        "Total Revenue": NaN,
        "Gross Profit": 521,
        "Operating Income": 200,
        "EBIT": 215,
        "Net Income": 119
    },
    "2014-03-31": {
        "Diluted EPS": 0.63,
        "Total Revenue": NaN,
        "Gross Profit": 457,
        "Operating Income": 157,
        "EBIT": 172,
        "Net Income": 93
    },
    "2013-12-31": {
        "Diluted EPS": 0.62,
        "Total Revenue": NaN,
        "Gross Profit": 444,
        "Operating Income": 155,
        "EBIT": 170,
        "Net Income": 93
    },
    "2013-09-30": {
        "Diluted EPS": 0.69,
        "Total Revenue": NaN,
        "Gross Profit": 463,
        "Operating Income": 176,
        "EBIT": 190,
        "Net Income": 108
    },
    "2013-06-30": {
        "Diluted EPS": 0.7,
        "Total Revenue": NaN,
        "Gross Profit": 473,
        "Operating Income": 182,
        "EBIT": 197,
        "Net Income": 112
    },
    "2013-03-31": {
        "Diluted EPS": 0.64,
        "Total Revenue": NaN,
        "Gross Profit": 456,
        "Operating Income": 169,
        "EBIT": 183,
        "Net Income": 103
    },
    "2012-12-31": {
        "Diluted EPS": 1.59,
        "Total Revenue": NaN,
        "Gross Profit": 445,
        "Operating Income": 134,
        "EBIT": 146,
        "Net Income": 256
    },
    "2012-09-30": {
        "Diluted EPS": 0.72,
        "Total Revenue": NaN,
        "Gross Profit": 433,
        "Operating Income": 187,
        "EBIT": 196,
        "Net Income": 116
    },
    "2012-06-30": {
        "Diluted EPS": 0.71,
        "Total Revenue": NaN,
        "Gross Profit": 426,
        "Operating Income": 185,
        "EBIT": 194,
        "Net Income": 115
    },
    "2012-03-31": {
        "Diluted EPS": 0.65,
        "Total Revenue": NaN,
        "Gross Profit": 415,
        "Operating Income": 170,
        "EBIT": 178,
        "Net Income": 107
    },
    "2011-12-31": {
        "Diluted EPS": 0.66,
        "Total Revenue": NaN,
        "Gross Profit": 401,
        "Operating Income": 172,
        "EBIT": 181,
        "Net Income": 109
    },
    "2011-09-30": {
        "Diluted EPS": 0.7,
        "Total Revenue": NaN,
        "Gross Profit": 423,
        "Operating Income": 184,
        "EBIT": 192,
        "Net Income": 114
    },
    "2011-06-30": {
        "Diluted EPS": 0.67,
        "Total Revenue": NaN,
        "Gross Profit": 418,
        "Operating Income": 180,
        "EBIT": 188,
        "Net Income": 111
    },
    "2011-03-31": {
        "Diluted EPS": 0.59,
        "Total Revenue": NaN,
        "Gross Profit": 390,
        "Operating Income": 157,
        "EBIT": 164,
        "Net Income": 97
    },
    "2010-12-31": {
        "Diluted EPS": 0.62,
        "Total Revenue": NaN,
        "Gross Profit": 388,
        "Operating Income": 164,
        "EBIT": 171,
        "Net Income": 103
    },
    "2010-09-30": {
        "Diluted EPS": 0.62,
        "Total Revenue": NaN,
        "Gross Profit": 383,
        "Operating Income": 166,
        "EBIT": 174,
        "Net Income": 103
    },
    "2010-06-30": {
        "Diluted EPS": 0.59,
        "Total Revenue": NaN,
        "Gross Profit": 365,
        "Operating Income": 156,
        "EBIT": 164,
        "Net Income": 97
    },
    "2010-03-31": {
        "Diluted EPS": 0.5,
        "Total Revenue": NaN,
        "Gross Profit": 333,
        "Operating Income": 136,
        "EBIT": 144,
        "Net Income": 84
    },
    "2009-12-31": {
        "Diluted EPS": 0.52,
        "Total Revenue": NaN,
        "Gross Profit": 339,
        "Operating Income": 143,
        "EBIT": 151,
        "Net Income": 88
    },
    "2009-09-30": {
        "Diluted EPS": 0.57,
        "Total Revenue": NaN,
        "Gross Profit": 353,
        "Operating Income": 155,
        "EBIT": 162,
        "Net Income": 95
    },
    "2009-06-30": {
        "Diluted EPS": 0.54,
        "Total Revenue": NaN,
        "Gross Profit": 352,
        "Operating Income": 150,
        "EBIT": 157,
        "Net Income": 92
    },
    "2009-03-31": {
        "Diluted EPS": 0.5,
        "Total Revenue": NaN,
        "Gross Profit": 339,
        "Operating Income": 137,
        "EBIT": 145,
        "Net Income": 85
    },
    "2023-09-30": {
        "Tax Effect Of Unusual Items": NaN,
        "Tax Rate For Calcs": NaN,
        "Normalized EBITDA": NaN,
        "Net Income From Continuing Operation Net Minority Interest": NaN,
        "Reconciled Depreciation": NaN,
        "Reconciled Cost Of Revenue": NaN,
        "EBITDA": NaN,
        "EBIT": NaN,
        "Net Interest Income": NaN,
        "Interest Expense": 20748000.0,
        "Normalized Income": NaN,
        "Net Income From Continuing And Discontinued Operation": NaN,
        "Total Expenses": NaN,
        "Total Operating Income As Reported": NaN,
        "Diluted Average Shares": NaN,
        "Basic Average Shares": NaN,
        "Diluted EPS": NaN,
        "Basic EPS": NaN,
        "Diluted NI Availto Com Stockholders": NaN,
        "Net Income Common Stockholders": NaN,
        "Net Income": NaN,
        "Net Income Including Noncontrolling Interests": NaN,
        "Net Income Continuous Operations": NaN,
        "Tax Provision": NaN,
        "Pretax Income": NaN,
        "Net Non Operating Interest Income Expense": NaN,
        "Total Other Finance Cost": NaN,
        "Interest Expense Non Operating": 20748000.0,
        "Operating Income": NaN,
        "Operating Expense": NaN,
        "Selling General And Administration": NaN,
        "Gross Profit": NaN,
        "Cost Of Revenue": NaN,
        "Total Revenue": NaN,
        "Operating Revenue": NaN
    },
    "2023-12-31": {
        "Tax Effect Of Unusual Items": NaN,
        "Tax Rate For Calcs": NaN,
        "Normalized EBITDA": NaN,
        "Net Income From Continuing Operation Net Minority Interest": NaN,
        "Reconciled Depreciation": NaN,
        "Reconciled Cost Of Revenue": NaN,
        "EBITDA": NaN,
        "EBIT": NaN,
        "Net Interest Income": NaN,
        "Interest Expense": 38149000.0,
        "Normalized Income": NaN,
        "Net Income From Continuing And Discontinued Operation": NaN,
        "Total Expenses": NaN,
        "Total Operating Income As Reported": NaN,
        "Diluted Average Shares": NaN,
        "Basic Average Shares": NaN,
        "Diluted EPS": NaN,
        "Basic EPS": NaN,
        "Diluted NI Availto Com Stockholders": NaN,
        "Net Income Common Stockholders": NaN,
        "Net Income": NaN,
        "Net Income Including Noncontrolling Interests": NaN,
        "Net Income Continuous Operations": NaN,
        "Tax Provision": NaN,
        "Pretax Income": NaN,
        "Net Non Operating Interest Income Expense": NaN,
        "Total Other Finance Cost": NaN,
        "Interest Expense Non Operating": 38149000.0,
        "Operating Income": NaN,
        "Operating Expense": NaN,
        "Selling General And Administration": NaN,
        "Gross Profit": NaN,
        "Cost Of Revenue": NaN,
        "Total Revenue": NaN,
        "Operating Revenue": NaN
    },
    "2024-03-31": {
        "Tax Effect Of Unusual Items": NaN,
        "Tax Rate For Calcs": NaN,
        "Normalized EBITDA": NaN,
        "Net Income From Continuing Operation Net Minority Interest": NaN,
        "Reconciled Depreciation": NaN,
        "Reconciled Cost Of Revenue": NaN,
        "EBITDA": NaN,
        "EBIT": NaN,
        "Net Interest Income": NaN,
        "Interest Expense": 16780000.0,
        "Normalized Income": NaN,
        "Net Income From Continuing And Discontinued Operation": NaN,
        "Total Expenses": NaN,
        "Total Operating Income As Reported": NaN,
        "Diluted Average Shares": NaN,
        "Basic Average Shares": NaN,
        "Diluted EPS": NaN,
        "Basic EPS": NaN,
        "Diluted NI Availto Com Stockholders": NaN,
        "Net Income Common Stockholders": NaN,
        "Net Income": NaN,
        "Net Income Including Noncontrolling Interests": NaN,
        "Net Income Continuous Operations": NaN,
        "Tax Provision": NaN,
        "Pretax Income": NaN,
        "Net Non Operating Interest Income Expense": NaN,
        "Total Other Finance Cost": 16780000.0,
        "Interest Expense Non Operating": 16780000.0,
        "Operating Income": NaN,
        "Operating Expense": NaN,
        "Selling General And Administration": NaN,
        "Gross Profit": NaN,
        "Cost Of Revenue": NaN,
        "Total Revenue": NaN,
        "Operating Revenue": NaN
    },
    "2024-06-30": {
        "Tax Effect Of Unusual Items": 0.0,
        "Tax Rate For Calcs": 0.193619,
        "Normalized EBITDA": 203144000.0,
        "Net Income From Continuing Operation Net Minority Interest": 126251000.0,
        "Reconciled Depreciation": 25054000.0,
        "Reconciled Cost Of Revenue": 4157161000.0,
        "EBITDA": 203144000.0,
        "EBIT": 178090000.0,
        "Net Interest Income": -21525000.0,
        "Interest Expense": NaN,
        "Normalized Income": 126251000.0,
        "Net Income From Continuing And Discontinued Operation": 126251000.0,
        "Total Expenses": 4305258000.0,
        "Total Operating Income As Reported": 178090000.0,
        "Diluted Average Shares": 119920000.0,
        "Basic Average Shares": 119418000.0,
        "Diluted EPS": 1.05,
        "Basic EPS": 1.06,
        "Diluted NI Availto Com Stockholders": 126251000.0,
        "Net Income Common Stockholders": 126251000.0,
        "Net Income": 126251000.0,
        "Net Income Including Noncontrolling Interests": 126251000.0,
        "Net Income Continuous Operations": 126251000.0,
        "Tax Provision": 30314000.0,
        "Pretax Income": 156565000.0,
        "Net Non Operating Interest Income Expense": -21525000.0,
        "Total Other Finance Cost": 21525000.0,
        "Interest Expense Non Operating": NaN,
        "Operating Income": 178090000.0,
        "Operating Expense": 148097000.0,
        "Selling General And Administration": 148097000.0,
        "Gross Profit": 326187000.0,
        "Cost Of Revenue": 4157161000.0,
        "Total Revenue": 4483348000.0,
        "Operating Revenue": 4483348000.0
    },
    "2024-09-30": {
        "Tax Effect Of Unusual Items": 0.0,
        "Tax Rate For Calcs": 0.324,
        "Normalized EBITDA": 204067000.0,
        "Net Income From Continuing Operation Net Minority Interest": 97229000.0,
        "Reconciled Depreciation": 23948000.0,
        "Reconciled Cost Of Revenue": 4270947000.0,
        "EBITDA": 204067000.0,
        "EBIT": 180119000.0,
        "Net Interest Income": -36282000.0,
        "Interest Expense": 36282000.0,
        "Normalized Income": 97229000.0,
        "Net Income From Continuing And Discontinued Operation": 97229000.0,
        "Total Expenses": 4464522000.0,
        "Total Operating Income As Reported": 180119000.0,
        "Diluted Average Shares": 121179000.0,
        "Basic Average Shares": 119860000.0,
        "Diluted EPS": 0.8,
        "Basic EPS": 0.81,
        "Diluted NI Availto Com Stockholders": 97229000.0,
        "Net Income Common Stockholders": 97229000.0,
        "Net Income": 97229000.0,
        "Net Income Including Noncontrolling Interests": 97229000.0,
        "Net Income Continuous Operations": 97229000.0,
        "Tax Provision": 46608000.0,
        "Pretax Income": 143837000.0,
        "Net Non Operating Interest Income Expense": -36282000.0,
        "Total Other Finance Cost": NaN,
        "Interest Expense Non Operating": 36282000.0,
        "Operating Income": 180119000.0,
        "Operating Expense": 193575000.0,
        "Selling General And Administration": 193575000.0,
        "Gross Profit": 373694000.0,
        "Cost Of Revenue": 4270947000.0,
        "Total Revenue": 4644641000.0,
        "Operating Revenue": 4644641000.0
    },
    "2024-12-31": {
        "Tax Effect Of Unusual Items": 0.0,
        "Tax Rate For Calcs": 0.113643,
        "Normalized EBITDA": 208079000.0,
        "Net Income From Continuing Operation Net Minority Interest": 149306000.0,
        "Reconciled Depreciation": 24280000.0,
        "Reconciled Cost Of Revenue": 3854414000.0,
        "EBITDA": 208079000.0,
        "EBIT": 183799000.0,
        "Net Interest Income": -15350000.0,
        "Interest Expense": 15350000.0,
        "Normalized Income": 149306000.0,
        "Net Income From Continuing And Discontinued Operation": 149306000.0,
        "Total Expenses": 4000857000.0,
        "Total Operating Income As Reported": 183799000.0,
        "Diluted Average Shares": 122291000.0,
        "Basic Average Shares": 120589000.0,
        "Diluted EPS": 1.22,
        "Basic EPS": 1.24,
        "Diluted NI Availto Com Stockholders": 149306000.0,
        "Net Income Common Stockholders": 149306000.0,
        "Net Income": 149306000.0,
        "Net Income Including Noncontrolling Interests": 149306000.0,
        "Net Income Continuous Operations": 149306000.0,
        "Tax Provision": 19143000.0,
        "Pretax Income": 168449000.0,
        "Net Non Operating Interest Income Expense": -15350000.0,
        "Total Other Finance Cost": NaN,
        "Interest Expense Non Operating": 15350000.0,
        "Operating Income": 183799000.0,
        "Operating Expense": 146443000.0,
        "Selling General And Administration": 146443000.0,
        "Gross Profit": 330242000.0,
        "Cost Of Revenue": 3854414000.0,
        "Total Revenue": 4184656000.0,
        "Operating Revenue": 4184656000.0
    },
    "2025-03-31": {
        "Tax Effect Of Unusual Items": 0.0,
        "Tax Rate For Calcs": 0.137,
        "Normalized EBITDA": 202495000.0,
        "Net Income From Continuing Operation Net Minority Interest": 135302000.0,
        "Reconciled Depreciation": 25642000.0,
        "Reconciled Cost Of Revenue": 3722205000.0,
        "EBITDA": 202495000.0,
        "EBIT": 176853000.0,
        "Net Interest Income": -20051000.0,
        "Interest Expense": 20051000.0,
        "Normalized Income": 135302000.0,
        "Net Income From Continuing And Discontinued Operation": 135302000.0,
        "Total Expenses": 3869887000.0,
        "Total Operating Income As Reported": 176853000.0,
        "Diluted Average Shares": 121932000.0,
        "Basic Average Shares": 120969000.0,
        "Diluted EPS": 1.11,
        "Basic EPS": 1.12,
        "Diluted NI Availto Com Stockholders": 135302000.0,
        "Net Income Common Stockholders": 135302000.0,
        "Net Income": 135302000.0,
        "Net Income Including Noncontrolling Interests": 135302000.0,
        "Net Income Continuous Operations": 135302000.0,
        "Tax Provision": 21500000.0,
        "Pretax Income": 156802000.0,
        "Net Non Operating Interest Income Expense": -20051000.0,
        "Total Other Finance Cost": NaN,
        "Interest Expense Non Operating": 20051000.0,
        "Operating Income": 176853000.0,
        "Operating Expense": 147682000.0,
        "Selling General And Administration": 147682000.0,
        "Gross Profit": 324535000.0,
        "Cost Of Revenue": 3722205000.0,
        "Total Revenue": 4046740000.0,
        "Operating Revenue": 4046740000.0
    },
    "2025-06-30": {
        "Tax Effect Of Unusual Items": 0.0,
        "Tax Rate For Calcs": 0.213633,
        "Normalized EBITDA": 240785000.0,
        "Net Income From Continuing Operation Net Minority Interest": 152471000.0,
        "Reconciled Depreciation": 24866000.0,
        "Reconciled Cost Of Revenue": 3778634000.0,
        "EBITDA": 240785000.0,
        "EBIT": 215919000.0,
        "Net Interest Income": -22026000.0,
        "Interest Expense": NaN,
        "Normalized Income": 152471000.0,
        "Net Income From Continuing And Discontinued Operation": 152471000.0,
        "Total Expenses": 3920624000.0,
        "Total Operating Income As Reported": 215919000.0,
        "Diluted Average Shares": 121025000.0,
        "Basic Average Shares": 120244000.0,
        "Diluted EPS": 1.26,
        "Basic EPS": 1.27,
        "Diluted NI Availto Com Stockholders": 152471000.0,
        "Net Income Common Stockholders": 152471000.0,
        "Net Income": 152471000.0,
        "Net Income Including Noncontrolling Interests": 152471000.0,
        "Net Income Continuous Operations": 152471000.0,
        "Tax Provision": 41422000.0,
        "Pretax Income": 193893000.0,
        "Net Non Operating Interest Income Expense": -22026000.0,
        "Total Other Finance Cost": 22026000.0,
        "Interest Expense Non Operating": NaN,
        "Operating Income": 215919000.0,
        "Operating Expense": 141990000.0,
        "Selling General And Administration": 141990000.0,
        "Gross Profit": 357909000.0,
        "Cost Of Revenue": 3778634000.0,
        "Total Revenue": 4136543000.0,
        "Operating Revenue": 4136543000.0
    }
}