{
    "2023-03-31": {
        "Tax Effect Of Unusual Items": NaN,
        "Tax Rate For Calcs": NaN,
        "Normalized EBITDA": NaN,
        "Total Unusual Items": NaN,
        "Total Unusual Items Excluding Goodwill": NaN,
        "Net Income From Continuing Operation Net Minority Interest": NaN,
        "Reconciled Depreciation": NaN,
        "Reconciled Cost Of Revenue": NaN,
        "EBITDA": NaN,
        "EBIT": NaN,
        "Net Interest Income": NaN,
        "Interest Expense": NaN,
        "Interest Income": NaN,
        "Normalized Income": NaN,
        "Net Income From Continuing And Discontinued Operation": NaN,
        "Total Expenses": NaN,
        "Total Operating Income As Reported": NaN,
        "Diluted Average Shares": NaN,
        "Basic Average Shares": NaN,
        "Diluted EPS": NaN,
        "Basic EPS": NaN,
        "Diluted NI Availto Com Stockholders": NaN,
        "Average Dilution Earnings": NaN,
        "Net Income Common Stockholders": NaN,
        "Net Income": NaN,
        "Minority Interests": NaN,
        "Net Income Including Noncontrolling Interests": NaN,
        "Net Income Continuous Operations": NaN,
        "Tax Provision": NaN,
        "Pretax Income": NaN,
        "Other Income Expense": NaN,
        "Other Non Operating Income Expenses": NaN,
        "Special Income Charges": NaN,
        "Gain On Sale Of Ppe": NaN,
        "Earnings From Equity Interest": NaN,
        "Gain On Sale Of Security": NaN,
        "Net Non Operating Interest Income Expense": NaN,
        "Total Other Finance Cost": 4000.0,
        "Interest Expense Non Operating": NaN,
        "Interest Income Non Operating": NaN,
        "Operating Income": NaN,
        "Operating Expense": NaN,
        "Other Operating Expenses": NaN,
        "Provision For Doubtful Accounts": NaN,
        "Research And Development": NaN,
        "Selling General And Administration": NaN,
        "Selling And Marketing Expense": NaN,
        "General And Administrative Expense": NaN,
        "Other Gand A": NaN,
        "Gross Profit": NaN,
        "Cost Of Revenue": NaN,
        "Total Revenue": NaN,
        "Operating Revenue": NaN
    },
    "2022-12-31": {
        "Tax Effect Of Unusual Items": NaN,
        "Tax Rate For Calcs": NaN,
        "Normalized EBITDA": NaN,
        "Total Unusual Items": NaN,
        "Total Unusual Items Excluding Goodwill": NaN,
        "Net Income From Continuing Operation Net Minority Interest": NaN,
        "Reconciled Depreciation": NaN,
        "Reconciled Cost Of Revenue": NaN,
        "EBITDA": NaN,
        "EBIT": NaN,
        "Net Interest Income": NaN,
        "Interest Expense": NaN,
        "Interest Income": NaN,
        "Normalized Income": NaN,
        "Net Income From Continuing And Discontinued Operation": NaN,
        "Total Expenses": NaN,
        "Total Operating Income As Reported": NaN,
        "Diluted Average Shares": NaN,
        "Basic Average Shares": NaN,
        "Diluted EPS": NaN,
        "Basic EPS": NaN,
        "Diluted NI Availto Com Stockholders": NaN,
        "Average Dilution Earnings": NaN,
        "Net Income Common Stockholders": NaN,
        "Net Income": NaN,
        "Minority Interests": NaN,
        "Net Income Including Noncontrolling Interests": NaN,
        "Net Income Continuous Operations": NaN,
        "Tax Provision": NaN,
        "Pretax Income": NaN,
        "Other Income Expense": NaN,
        "Other Non Operating Income Expenses": NaN,
        "Special Income Charges": NaN,
        "Gain On Sale Of Ppe": NaN,
        "Gain On Sale Of Business": -14000000.0,
        "Earnings From Equity Interest": NaN,
        "Gain On Sale Of Security": NaN,
        "Net Non Operating Interest Income Expense": NaN,
        "Total Other Finance Cost": NaN,
        "Interest Expense Non Operating": NaN,
        "Interest Income Non Operating": NaN,
        "Operating Income": NaN,
        "Operating Expense": NaN,
        "Other Operating Expenses": NaN,
        "Provision For Doubtful Accounts": NaN,
        "Research And Development": NaN,
        "Selling General And Administration": NaN,
        "Selling And Marketing Expense": NaN,
        "General And Administrative Expense": NaN,
        "Other Gand A": NaN,
        "Gross Profit": NaN,
        "Cost Of Revenue": NaN,
        "Total Revenue": NaN,
        "Operating Revenue": NaN
    },
    "2022-09-30": {
        "Tax Effect Of Unusual Items": NaN,
        "Tax Rate For Calcs": NaN,
        "Normalized EBITDA": NaN,
        "Total Unusual Items": NaN,
        "Total Unusual Items Excluding Goodwill": NaN,
        "Net Income From Continuing Operation Net Minority Interest": NaN,
        "Reconciled Depreciation": NaN,
        "Reconciled Cost Of Revenue": NaN,
        "EBITDA": NaN,
        "EBIT": NaN,
        "Net Interest Income": NaN,
        "Interest Expense": NaN,
        "Interest Income": NaN,
        "Normalized Income": NaN,
        "Net Income From Continuing And Discontinued Operation": NaN,
        "Total Expenses": NaN,
        "Total Operating Income As Reported": NaN,
        "Diluted Average Shares": NaN,
        "Basic Average Shares": NaN,
        "Diluted EPS": NaN,
        "Basic EPS": NaN,
        "Diluted NI Availto Com Stockholders": NaN,
        "Average Dilution Earnings": NaN,
        "Net Income Common Stockholders": NaN,
        "Net Income": NaN,
        "Minority Interests": NaN,
        "Net Income Including Noncontrolling Interests": NaN,
        "Net Income Continuous Operations": NaN,
        "Tax Provision": NaN,
        "Pretax Income": NaN,
        "Other Income Expense": NaN,
        "Other Non Operating Income Expenses": NaN,
        "Special Income Charges": NaN,
        "Gain On Sale Of Ppe": NaN,
        "Gain On Sale Of Business": 0.0,
        "Earnings From Equity Interest": NaN,
        "Gain On Sale Of Security": NaN,
        "Net Non Operating Interest Income Expense": NaN,
        "Total Other Finance Cost": 4000.0,
        "Interest Expense Non Operating": NaN,
        "Interest Income Non Operating": NaN,
        "Operating Income": NaN,
        "Operating Expense": NaN,
        "Other Operating Expenses": NaN,
        "Provision For Doubtful Accounts": NaN,
        "Research And Development": NaN,
        "Selling General And Administration": NaN,
        "Selling And Marketing Expense": NaN,
        "General And Administrative Expense": NaN,
        "Other Gand A": NaN,
        "Gross Profit": NaN,
        "Cost Of Revenue": NaN,
        "Total Revenue": NaN,
        "Operating Revenue": NaN
    },
    "2022-06-30": {
        "Tax Effect Of Unusual Items": 40323659.408723,
        "Tax Rate For Calcs": 0.197347,
        "Normalized EBITDA": 22306809000.0,
        "Total Unusual Items": 204329000.0,
        "Total Unusual Items Excluding Goodwill": 204329000.0,
        "Net Income From Continuing Operation Net Minority Interest": 9656841000.0,
        "Reconciled Depreciation": 9943300000.0,
        "Reconciled Cost Of Revenue": 32345819000.0,
        "EBITDA": 22511138000.0,
        "EBIT": 12567838000.0,
        "Net Interest Income": -1057000.0,
        "Interest Expense": 64940000.0,
        "Interest Income": 63883000.0,
        "Normalized Income": 9492835659.408724,
        "Net Income From Continuing And Discontinued Operation": 9656841000.0,
        "Total Expenses": 40256233000.0,
        "Total Operating Income As Reported": 12026012000.0,
        "Diluted Average Shares": 775915200.0,
        "Basic Average Shares": 775744700.0,
        "Diluted EPS": 12.4,
        "Basic EPS": 12.4,
        "Diluted NI Availto Com Stockholders": 9655941000.0,
        "Average Dilution Earnings": -900000.0,
        "Net Income Common Stockholders": 9656841000.0,
        "Net Income": 9656841000.0,
        "Minority Interests": -378651000.0,
        "Net Income Including Noncontrolling Interests": 10035492000.0,
        "Net Income Continuous Operations": 10035492000.0,
        "Tax Provision": 2467406000.0,
        "Pretax Income": 12502898000.0,
        "Other Income Expense": 474858000.0,
        "Other Non Operating Income Expenses": 64845000.0,
        "Special Income Charges": -3085000.0,
        "Gain On Sale Of Ppe": -3085000.0,
        "Gain On Sale Of Business": NaN,
        "Earnings From Equity Interest": 205684000.0,
        "Gain On Sale Of Security": 207414000.0,
        "Net Non Operating Interest Income Expense": -1057000.0,
        "Interest Expense Non Operating": 64940000.0,
        "Interest Income Non Operating": 63883000.0,
        "Operating Income": 12029097000.0,
        "Operating Expense": 7910414000.0,
        "Other Operating Expenses": -150380000.0,
        "Provision For Doubtful Accounts": -27801000.0,
        "Research And Development": 954127000.0,
        "Selling General And Administration": 7134468000.0,
        "Selling And Marketing Expense": 5591603000.0,
        "General And Administrative Expense": 1542865000.0,
        "Other Gand A": 1542865000.0,
        "Gross Profit": 19939511000.0,
        "Cost Of Revenue": 32345819000.0,
        "Total Revenue": 52285330000.0,
        "Operating Revenue": 52000296000.0
    },
    "2022-03-31": {
        "Diluted EPS": 0.42,
        "Total Revenue": NaN,
        "Gross Profit": 700,
        "Operating Income": 416,
        "EBIT": 762,
        "Net Income": 323
    },
    "2021-12-31": {
        "Diluted EPS": 0.4,
        "Total Revenue": NaN,
        "Gross Profit": 729,
        "Operating Income": 410,
        "EBIT": 766,
        "Net Income": 314
    },
    "2021-09-30": {
        "Diluted EPS": 0.43,
        "Total Revenue": NaN,
        "Gross Profit": 676,
        "Operating Income": 411,
        "EBIT": 758,
        "Net Income": 336
    },
    "2021-06-30": {
        "Diluted EPS": 0.41,
        "Total Revenue": NaN,
        "Gross Profit": 664,
        "Operating Income": 404,
        "EBIT": 748,
        "Net Income": 320
    },
    "2021-03-31": {
        "Diluted EPS": 0.4,
        "Total Revenue": NaN,
        "Gross Profit": 648,
        "Operating Income": 395,
        "EBIT": 733,
        "Net Income": 313
    },
    "2020-12-31": {
        "Diluted EPS": 0.44,
        "Total Revenue": NaN,
        "Gross Profit": 718,
        "Operating Income": 437,
        "EBIT": 813,
        "Net Income": 343
    },
    "2020-09-30": {
        "Diluted EPS": 0.37,
        "Total Revenue": NaN,
        "Gross Profit": 602,
        "Operating Income": 366,
        "EBIT": 696,
        "Net Income": 284
    },
    "2020-06-30": {
        "Diluted EPS": 0.37,
        "Total Revenue": NaN,
        "Gross Profit": 603,
        "Operating Income": 355,
        "EBIT": 651,
        "Net Income": 287
    },
    "2020-03-31": {
        "Diluted EPS": 0.36,
        "Total Revenue": NaN,
        "Gross Profit": 590,
        "Operating Income": 350,
        "EBIT": 642,
        "Net Income": 275
    },
    "2019-12-31": {
        "Diluted EPS": 0.32,
        "Total Revenue": NaN,
        "Gross Profit": 666,
        "Operating Income": 368,
        "EBIT": 698,
        "Net Income": 247
    },
    "2019-09-30": {
        "Diluted EPS": 0.33,
        "Total Revenue": NaN,
        "Gross Profit": 572,
        "Operating Income": 321,
        "EBIT": 602,
        "Net Income": 260
    },
    "2019-06-30": {
        "Diluted EPS": 0.42,
        "Total Revenue": NaN,
        "Gross Profit": 574,
        "Operating Income": 332,
        "EBIT": 613,
        "Net Income": 323
    },
    "2019-03-31": {
        "Diluted EPS": 0.35,
        "Total Revenue": NaN,
        "Gross Profit": 580,
        "Operating Income": 338,
        "EBIT": 623,
        "Net Income": 272
    },
    "2018-12-31": {
        "Diluted EPS": 0.43,
        "Total Revenue": NaN,
        "Gross Profit": 542,
        "Operating Income": 307,
        "EBIT": 569,
        "Net Income": 334
    },
    "2018-09-30": {
        "Diluted EPS": 0.34,
        "Total Revenue": NaN,
        "Gross Profit": 596,
        "Operating Income": 340,
        "EBIT": 583,
        "Net Income": 263
    },
    "2018-06-30": {
        "Diluted EPS": 0.43,
        "Total Revenue": NaN,
        "Gross Profit": 688,
        "Operating Income": 405,
        "EBIT": 668,
        "Net Income": 331
    },
    "2018-03-31": {
        "Diluted EPS": 0.38,
        "Total Revenue": NaN,
        "Gross Profit": 656,
        "Operating Income": 374,
        "EBIT": 647,
        "Net Income": 298
    },
    "2017-12-31": {
        "Diluted EPS": 0.41,
        "Total Revenue": NaN,
        "Gross Profit": 712,
        "Operating Income": 386,
        "EBIT": 671,
        "Net Income": 324
    },
    "2017-09-30": {
        "Diluted EPS": 0.43,
        "Total Revenue": NaN,
        "Gross Profit": 687,
        "Operating Income": 411,
        "EBIT": 669,
        "Net Income": 336
    },
    "2017-06-30": {
        "Diluted EPS": 0.45,
        "Total Revenue": NaN,
        "Gross Profit": 682,
        "Operating Income": 408,
        "EBIT": 681,
        "Net Income": 346
    },
    "2017-03-31": {
        "Diluted EPS": 0.4,
        "Total Revenue": NaN,
        "Gross Profit": 641,
        "Operating Income": 371,
        "EBIT": 632,
        "Net Income": 309
    },
    "2016-12-31": {
        "Diluted EPS": 0.33,
        "Total Revenue": NaN,
        "Gross Profit": 604,
        "Operating Income": 306,
        "EBIT": 539,
        "Net Income": 252
    },
    "2016-09-30": {
        "Diluted EPS": 0.39,
        "Total Revenue": NaN,
        "Gross Profit": 632,
        "Operating Income": 363,
        "EBIT": 630,
        "Net Income": 303
    },
    "2016-06-30": {
        "Diluted EPS": 0.44,
        "Total Revenue": NaN,
        "Gross Profit": 647,
        "Operating Income": 398,
        "EBIT": 654,
        "Net Income": 342
    },
    "2016-03-31": {
        "Diluted EPS": 0.46,
        "Total Revenue": NaN,
        "Gross Profit": 662,
        "Operating Income": 418,
        "EBIT": 664,
        "Net Income": 354
    },
    "2015-12-31": {
        "Diluted EPS": 0.35,
        "Total Revenue": 915,
        "Gross Profit": 422,
        "Operating Income": 245,
        "EBIT": 489,
        "Net Income": 277
    },
    "2015-09-30": {
        "Diluted EPS": 0.48,
        "Total Revenue": NaN,
        "Gross Profit": 697,
        "Operating Income": 439,
        "EBIT": 678,
        "Net Income": 369
    },
    "2015-06-30": {
        "Diluted EPS": 0.47,
        "Total Revenue": NaN,
        "Gross Profit": 684,
        "Operating Income": 423,
        "EBIT": 727,
        "Net Income": 361
    },
    "2015-03-31": {
        "Diluted EPS": 0.44,
        "Total Revenue": NaN,
        "Gross Profit": 682,
        "Operating Income": 428,
        "EBIT": 675,
        "Net Income": 341
    },
    "2014-12-31": {
        "Diluted EPS": 0.36,
        "Total Revenue": NaN,
        "Gross Profit": 724,
        "Operating Income": 497,
        "EBIT": 727,
        "Net Income": 270
    },
    "2014-09-30": {
        "Diluted EPS": 0.41,
        "Total Revenue": NaN,
        "Gross Profit": 632,
        "Operating Income": 349,
        "EBIT": 637,
        "Net Income": 320
    },
    "2014-06-30": {
        "Diluted EPS": 0.46,
        "Total Revenue": NaN,
        "Gross Profit": 696,
        "Operating Income": 417,
        "EBIT": 702,
        "Net Income": 353
    },
    "2014-03-31": {
        "Diluted EPS": 0.43,
        "Total Revenue": NaN,
        "Gross Profit": 668,
        "Operating Income": 399,
        "EBIT": 675,
        "Net Income": 338
    },
    "2013-12-31": {
        "Diluted EPS": 0.4,
        "Total Revenue": NaN,
        "Gross Profit": 613,
        "Operating Income": 309,
        "EBIT": 592,
        "Net Income": 308
    },
    "2013-09-30": {
        "Diluted EPS": 0.42,
        "Total Revenue": NaN,
        "Gross Profit": 728,
        "Operating Income": 449,
        "EBIT": 719,
        "Net Income": 328
    },
    "2013-06-30": {
        "Diluted EPS": 0.46,
        "Total Revenue": NaN,
        "Gross Profit": 680,
        "Operating Income": 415,
        "EBIT": 678,
        "Net Income": 355
    },
    "2013-03-31": {
        "Diluted EPS": 0.4,
        "Total Revenue": NaN,
        "Gross Profit": 639,
        "Operating Income": 369,
        "EBIT": 640,
        "Net Income": 309
    },
    "2012-12-31": {
        "Diluted EPS": 0.4,
        "Total Revenue": NaN,
        "Gross Profit": NaN,
        "Operating Income": NaN,
        "EBIT": NaN,
        "Net Income": 308
    },
    "2012-09-30": {
        "Diluted EPS": 0.45,
        "Total Revenue": NaN,
        "Gross Profit": NaN,
        "Operating Income": NaN,
        "EBIT": NaN,
        "Net Income": 349
    },
    "2012-06-30": {
        "Diluted EPS": 0.49,
        "Total Revenue": NaN,
        "Gross Profit": NaN,
        "Operating Income": NaN,
        "EBIT": NaN,
        "Net Income": 376
    },
    "2012-03-31": {
        "Diluted EPS": 0.42,
        "Total Revenue": NaN,
        "Gross Profit": 659,
        "Operating Income": 406,
        "EBIT": 680,
        "Net Income": 325
    },
    "2011-12-31": {
        "Diluted EPS": 0.44,
        "Total Revenue": NaN,
        "Gross Profit": NaN,
        "Operating Income": NaN,
        "EBIT": NaN,
        "Net Income": 339
    },
    "2011-09-30": {
        "Diluted EPS": 0.51,
        "Total Revenue": NaN,
        "Gross Profit": NaN,
        "Operating Income": NaN,
        "EBIT": NaN,
        "Net Income": 397
    },
    "2011-06-30": {
        "Diluted EPS": 0.59,
        "Total Revenue": NaN,
        "Gross Profit": NaN,
        "Operating Income": NaN,
        "EBIT": NaN,
        "Net Income": 458
    },
    "2011-03-31": {
        "Diluted EPS": 0.52,
        "Total Revenue": NaN,
        "Gross Profit": 754,
        "Operating Income": 506,
        "EBIT": 781,
        "Net Income": 410
    },
    "2010-12-31": {
        "Diluted EPS": 0.38,
        "Total Revenue": NaN,
        "Gross Profit": NaN,
        "Operating Income": NaN,
        "EBIT": NaN,
        "Net Income": 363
    },
    "2010-09-30": {
        "Diluted EPS": 0.5,
        "Total Revenue": NaN,
        "Gross Profit": 751,
        "Operating Income": 517,
        "EBIT": 517,
        "Net Income": 391
    },
    "2010-06-30": {
        "Diluted EPS": 0.51,
        "Total Revenue": NaN,
        "Gross Profit": NaN,
        "Operating Income": NaN,
        "EBIT": NaN,
        "Net Income": 411
    },
    "2010-03-31": {
        "Diluted EPS": 0.5,
        "Total Revenue": NaN,
        "Gross Profit": 842,
        "Operating Income": 612,
        "EBIT": 881,
        "Net Income": 386
    },
    "2009-12-31": {
        "Diluted EPS": 0.54,
        "Total Revenue": NaN,
        "Gross Profit": NaN,
        "Operating Income": NaN,
        "EBIT": NaN,
        "Net Income": 336
    },
    "2009-09-30": {
        "Diluted EPS": 0.04,
        "Total Revenue": NaN,
        "Gross Profit": NaN,
        "Operating Income": NaN,
        "EBIT": NaN,
        "Net Income": 335
    },
    "2009-06-30": {
        "Diluted EPS": 0.45,
        "Total Revenue": NaN,
        "Gross Profit": NaN,
        "Operating Income": NaN,
        "EBIT": NaN,
        "Net Income": 350
    },
    "2009-03-31": {
        "Diluted EPS": 0.41,
        "Total Revenue": NaN,
        "Gross Profit": 643,
        "Operating Income": 420,
        "EBIT": 686,
        "Net Income": 318
    },
    "2023-06-30": {
        "Tax Effect Of Unusual Items": NaN,
        "Tax Rate For Calcs": NaN,
        "Normalized EBITDA": NaN,
        "Total Unusual Items": NaN,
        "Total Unusual Items Excluding Goodwill": NaN,
        "Net Income From Continuing Operation Net Minority Interest": NaN,
        "Reconciled Depreciation": NaN,
        "Reconciled Cost Of Revenue": NaN,
        "EBITDA": NaN,
        "EBIT": NaN,
        "Net Interest Income": NaN,
        "Interest Expense": NaN,
        "Interest Income": NaN,
        "Normalized Income": NaN,
        "Net Income From Continuing And Discontinued Operation": NaN,
        "Total Expenses": NaN,
        "Total Operating Income As Reported": NaN,
        "Diluted Average Shares": NaN,
        "Basic Average Shares": NaN,
        "Diluted EPS": NaN,
        "Basic EPS": NaN,
        "Diluted NI Availto Com Stockholders": NaN,
        "Average Dilution Earnings": -649000.0,
        "Net Income Common Stockholders": NaN,
        "Net Income": NaN,
        "Minority Interests": NaN,
        "Net Income Including Noncontrolling Interests": NaN,
        "Net Income Continuous Operations": NaN,
        "Tax Provision": NaN,
        "Pretax Income": NaN,
        "Other Income Expense": NaN,
        "Other Non Operating Income Expenses": NaN,
        "Special Income Charges": NaN,
        "Gain On Sale Of Ppe": NaN,
        "Earnings From Equity Interest": NaN,
        "Gain On Sale Of Security": NaN,
        "Net Non Operating Interest Income Expense": NaN,
        "Total Other Finance Cost": 4000.0,
        "Interest Expense Non Operating": NaN,
        "Interest Income Non Operating": NaN,
        "Operating Income": NaN,
        "Operating Expense": NaN,
        "Other Operating Expenses": NaN,
        "Provision For Doubtful Accounts": NaN,
        "Research And Development": NaN,
        "Selling General And Administration": NaN,
        "Selling And Marketing Expense": NaN,
        "General And Administrative Expense": NaN,
        "Other Gand A": NaN,
        "Gross Profit": NaN,
        "Cost Of Revenue": NaN,
        "Total Revenue": NaN,
        "Operating Revenue": NaN
    },
    "2023-09-30": {
        "Tax Effect Of Unusual Items": NaN,
        "Tax Rate For Calcs": NaN,
        "Normalized EBITDA": NaN,
        "Total Unusual Items": NaN,
        "Total Unusual Items Excluding Goodwill": NaN,
        "Net Income From Continuing Operation Net Minority Interest": NaN,
        "Reconciled Depreciation": NaN,
        "Reconciled Cost Of Revenue": NaN,
        "EBITDA": NaN,
        "EBIT": NaN,
        "Net Interest Income": NaN,
        "Interest Expense": NaN,
        "Interest Income": NaN,
        "Normalized Income": NaN,
        "Net Income From Continuing And Discontinued Operation": NaN,
        "Total Expenses": NaN,
        "Total Operating Income As Reported": NaN,
        "Diluted Average Shares": NaN,
        "Basic Average Shares": NaN,
        "Diluted EPS": NaN,
        "Basic EPS": NaN,
        "Diluted NI Availto Com Stockholders": NaN,
        "Average Dilution Earnings": -456000.0,
        "Net Income Common Stockholders": NaN,
        "Net Income": NaN,
        "Minority Interests": NaN,
        "Net Income Including Noncontrolling Interests": NaN,
        "Net Income Continuous Operations": NaN,
        "Tax Provision": NaN,
        "Pretax Income": NaN,
        "Other Income Expense": NaN,
        "Other Non Operating Income Expenses": NaN,
        "Special Income Charges": NaN,
        "Gain On Sale Of Ppe": NaN,
        "Gain On Sale Of Business": NaN,
        "Earnings From Equity Interest": NaN,
        "Gain On Sale Of Security": NaN,
        "Net Non Operating Interest Income Expense": NaN,
        "Total Other Finance Cost": 5000.0,
        "Interest Expense Non Operating": NaN,
        "Interest Income Non Operating": NaN,
        "Operating Income": NaN,
        "Operating Expense": NaN,
        "Other Operating Expenses": NaN,
        "Provision For Doubtful Accounts": NaN,
        "Research And Development": NaN,
        "Selling General And Administration": NaN,
        "Selling And Marketing Expense": NaN,
        "General And Administrative Expense": NaN,
        "Other Gand A": NaN,
        "Gross Profit": NaN,
        "Cost Of Revenue": NaN,
        "Total Revenue": NaN,
        "Operating Revenue": NaN
    },
    "2023-12-31": {
        "Tax Effect Of Unusual Items": NaN,
        "Tax Rate For Calcs": NaN,
        "Normalized EBITDA": NaN,
        "Total Unusual Items": NaN,
        "Total Unusual Items Excluding Goodwill": NaN,
        "Net Income From Continuing Operation Net Minority Interest": NaN,
        "Reconciled Depreciation": NaN,
        "Reconciled Cost Of Revenue": NaN,
        "EBITDA": NaN,
        "EBIT": NaN,
        "Net Interest Income": NaN,
        "Interest Expense": NaN,
        "Interest Income": NaN,
        "Normalized Income": NaN,
        "Net Income From Continuing And Discontinued Operation": NaN,
        "Total Expenses": NaN,
        "Total Operating Income As Reported": NaN,
        "Diluted Average Shares": NaN,
        "Basic Average Shares": NaN,
        "Diluted EPS": NaN,
        "Basic EPS": NaN,
        "Diluted NI Availto Com Stockholders": NaN,
        "Average Dilution Earnings": -2458000.0,
        "Net Income Common Stockholders": NaN,
        "Net Income": NaN,
        "Minority Interests": NaN,
        "Net Income Including Noncontrolling Interests": NaN,
        "Net Income Continuous Operations": NaN,
        "Tax Provision": NaN,
        "Pretax Income": NaN,
        "Other Income Expense": NaN,
        "Other Non Operating Income Expenses": NaN,
        "Special Income Charges": NaN,
        "Gain On Sale Of Ppe": NaN,
        "Gain On Sale Of Business": NaN,
        "Earnings From Equity Interest": NaN,
        "Gain On Sale Of Security": NaN,
        "Net Non Operating Interest Income Expense": NaN,
        "Interest Expense Non Operating": NaN,
        "Interest Income Non Operating": NaN,
        "Operating Income": NaN,
        "Operating Expense": NaN,
        "Other Operating Expenses": NaN,
        "Provision For Doubtful Accounts": NaN,
        "Depreciation Amortization Depletion Income Statement": NaN,
        "Depreciation And Amortization In Income Statement": NaN,
        "Amortization": NaN,
        "Amortization Of Intangibles Income Statement": NaN,
        "Research And Development": NaN,
        "Selling General And Administration": NaN,
        "Selling And Marketing Expense": NaN,
        "General And Administrative Expense": NaN,
        "Other Gand A": NaN,
        "Gross Profit": NaN,
        "Cost Of Revenue": NaN,
        "Total Revenue": NaN,
        "Operating Revenue": NaN
    },
    "2024-03-31": {
        "Tax Effect Of Unusual Items": NaN,
        "Tax Rate For Calcs": NaN,
        "Normalized EBITDA": NaN,
        "Total Unusual Items": NaN,
        "Total Unusual Items Excluding Goodwill": NaN,
        "Net Income From Continuing Operation Net Minority Interest": NaN,
        "Reconciled Depreciation": NaN,
        "Reconciled Cost Of Revenue": NaN,
        "EBITDA": NaN,
        "EBIT": NaN,
        "Net Interest Income": NaN,
        "Interest Expense": NaN,
        "Interest Income": NaN,
        "Normalized Income": NaN,
        "Net Income From Continuing And Discontinued Operation": NaN,
        "Total Expenses": NaN,
        "Total Operating Income As Reported": NaN,
        "Diluted Average Shares": 776861600.0,
        "Basic Average Shares": 775744700.0,
        "Diluted EPS": 12.1,
        "Basic EPS": 12.1,
        "Diluted NI Availto Com Stockholders": NaN,
        "Average Dilution Earnings": -546000.0,
        "Net Income Common Stockholders": NaN,
        "Net Income": NaN,
        "Minority Interests": NaN,
        "Net Income Including Noncontrolling Interests": NaN,
        "Net Income Continuous Operations": NaN,
        "Tax Provision": NaN,
        "Pretax Income": NaN,
        "Other Income Expense": NaN,
        "Other Non Operating Income Expenses": NaN,
        "Special Income Charges": NaN,
        "Gain On Sale Of Ppe": NaN,
        "Gain On Sale Of Business": 0.0,
        "Earnings From Equity Interest": NaN,
        "Gain On Sale Of Security": NaN,
        "Net Non Operating Interest Income Expense": NaN,
        "Interest Expense Non Operating": NaN,
        "Interest Income Non Operating": NaN,
        "Operating Income": NaN,
        "Operating Expense": NaN,
        "Other Operating Expenses": NaN,
        "Provision For Doubtful Accounts": NaN,
        "Depreciation Amortization Depletion Income Statement": NaN,
        "Depreciation And Amortization In Income Statement": NaN,
        "Amortization": NaN,
        "Amortization Of Intangibles Income Statement": NaN,
        "Research And Development": NaN,
        "Selling General And Administration": NaN,
        "Selling And Marketing Expense": NaN,
        "General And Administrative Expense": NaN,
        "Other Gand A": NaN,
        "Gross Profit": NaN,
        "Cost Of Revenue": NaN,
        "Total Revenue": NaN,
        "Operating Revenue": NaN
    },
    "2024-06-30": {
        "Tax Effect Of Unusual Items": 36751557.887618,
        "Tax Rate For Calcs": 0.181062,
        "Normalized EBITDA": 22113321000.0,
        "Total Unusual Items": 202978000.0,
        "Total Unusual Items Excluding Goodwill": 202978000.0,
        "Net Income From Continuing Operation Net Minority Interest": 9819867000.0,
        "Reconciled Depreciation": 9886401000.0,
        "Reconciled Cost Of Revenue": 23437515000.0,
        "EBITDA": 22316299000.0,
        "EBIT": 12429898000.0,
        "Net Interest Income": 155792000.0,
        "Interest Expense": 83173000.0,
        "Interest Income": 238965000.0,
        "Normalized Income": 9653640557.887617,
        "Net Income From Continuing And Discontinued Operation": 9819867000.0,
        "Total Expenses": 41892143000.0,
        "Total Operating Income As Reported": 11927494000.0,
        "Diluted Average Shares": 776140800.0,
        "Basic Average Shares": 775744700.0,
        "Diluted EPS": 12.7,
        "Basic EPS": 12.7,
        "Diluted NI Availto Com Stockholders": 9819222000.0,
        "Average Dilution Earnings": -645000.0,
        "Net Income Common Stockholders": 9819867000.0,
        "Net Income": 9819867000.0,
        "Minority Interests": -291338000.0,
        "Net Income Including Noncontrolling Interests": 10111205000.0,
        "Net Income Continuous Operations": 10111205000.0,
        "Tax Provision": 2235520000.0,
        "Pretax Income": 12346725000.0,
        "Other Income Expense": 260230000.0,
        "Other Non Operating Income Expenses": 48559000.0,
        "Special Income Charges": -3209000.0,
        "Gain On Sale Of Ppe": -3209000.0,
        "Gain On Sale Of Business": 0.0,
        "Earnings From Equity Interest": 8693000.0,
        "Gain On Sale Of Security": 206187000.0,
        "Net Non Operating Interest Income Expense": 155792000.0,
        "Interest Expense Non Operating": 83173000.0,
        "Interest Income Non Operating": 238965000.0,
        "Operating Income": 11930703000.0,
        "Operating Expense": 8606002000.0,
        "Other Operating Expenses": -292887000.0,
        "Provision For Doubtful Accounts": 24155000.0,
        "Depreciation Amortization Depletion Income Statement": 37775000.0,
        "Depreciation And Amortization In Income Statement": 37775000.0,
        "Amortization": 37775000.0,
        "Amortization Of Intangibles Income Statement": 37775000.0,
        "Research And Development": 1004688000.0,
        "Selling General And Administration": 7832271000.0,
        "Selling And Marketing Expense": 6167663000.0,
        "General And Administrative Expense": 1664608000.0,
        "Other Gand A": 1664608000.0,
        "Gross Profit": 20536705000.0,
        "Cost Of Revenue": 33286141000.0,
        "Total Revenue": 53822846000.0,
        "Operating Revenue": 53489054000.0
    },
    "2024-09-30": {
        "Tax Effect Of Unusual Items": -20861161.218692,
        "Tax Rate For Calcs": 0.191818,
        "Normalized EBITDA": 21567790000.0,
        "Total Unusual Items": -108755000.0,
        "Total Unusual Items Excluding Goodwill": -108755000.0,
        "Net Income From Continuing Operation Net Minority Interest": 9005006000.0,
        "Reconciled Depreciation": 9884119000.0,
        "Reconciled Cost Of Revenue": 35207760000.0,
        "EBITDA": 21459035000.0,
        "EBIT": 11574916000.0,
        "Net Interest Income": 87740000.0,
        "Interest Expense": 85814000.0,
        "Interest Income": 173554000.0,
        "Normalized Income": 9092899838.781307,
        "Net Income From Continuing And Discontinued Operation": 9005006000.0,
        "Total Expenses": 43957139000.0,
        "Total Operating Income As Reported": 11376260000.0,
        "Diluted Average Shares": 776116300.0,
        "Basic Average Shares": 775744700.0,
        "Diluted EPS": 11.6,
        "Basic EPS": 11.6,
        "Diluted NI Availto Com Stockholders": 9005006000.0,
        "Average Dilution Earnings": NaN,
        "Net Income Common Stockholders": 9005006000.0,
        "Net Income": 9005006000.0,
        "Minority Interests": -280280000.0,
        "Net Income Including Noncontrolling Interests": 9285286000.0,
        "Net Income Continuous Operations": 9285286000.0,
        "Tax Provision": 2203816000.0,
        "Pretax Income": 11489102000.0,
        "Other Income Expense": 16076000.0,
        "Other Non Operating Income Expenses": 84368000.0,
        "Special Income Charges": -9026000.0,
        "Gain On Sale Of Ppe": -9026000.0,
        "Gain On Sale Of Business": NaN,
        "Earnings From Equity Interest": 40463000.0,
        "Gain On Sale Of Security": -99729000.0,
        "Net Non Operating Interest Income Expense": 87740000.0,
        "Interest Expense Non Operating": 85814000.0,
        "Interest Income Non Operating": 173554000.0,
        "Operating Income": 11385286000.0,
        "Operating Expense": 8749379000.0,
        "Other Operating Expenses": -271051000.0,
        "Provision For Doubtful Accounts": -4385000.0,
        "Depreciation Amortization Depletion Income Statement": NaN,
        "Depreciation And Amortization In Income Statement": NaN,
        "Amortization": NaN,
        "Amortization Of Intangibles Income Statement": NaN,
        "Research And Development": 1067585000.0,
        "Selling General And Administration": 7957230000.0,
        "Selling And Marketing Expense": 6294507000.0,
        "General And Administrative Expense": 1662723000.0,
        "Other Gand A": 1662723000.0,
        "Gross Profit": 20134665000.0,
        "Cost Of Revenue": 35207760000.0,
        "Total Revenue": 55342425000.0,
        "Operating Revenue": 55001703000.0
    },
    "2024-12-31": {
        "Tax Effect Of Unusual Items": 52110466.927088,
        "Tax Rate For Calcs": 0.208872,
        "Normalized EBITDA": 21794393000.0,
        "Total Unusual Items": 249485000.0,
        "Total Unusual Items Excluding Goodwill": 249485000.0,
        "Net Income From Continuing Operation Net Minority Interest": 8972708000.0,
        "Reconciled Depreciation": 9939719000.0,
        "Reconciled Cost Of Revenue": 43634807000.0,
        "EBITDA": 22043878000.0,
        "EBIT": 12104159000.0,
        "Net Interest Income": 125955000.0,
        "Interest Expense": 86726000.0,
        "Interest Income": 212681000.0,
        "Normalized Income": 8775333466.927088,
        "Net Income From Continuing And Discontinued Operation": 8972708000.0,
        "Total Expenses": 53227299000.0,
        "Total Operating Income As Reported": 11645026000.0,
        "Diluted Average Shares": NaN,
        "Basic Average Shares": NaN,
        "Diluted EPS": NaN,
        "Basic EPS": NaN,
        "Diluted NI Availto Com Stockholders": 8969708000.0,
        "Average Dilution Earnings": NaN,
        "Net Income Common Stockholders": 8972708000.0,
        "Net Income": 8972708000.0,
        "Minority Interests": -534618000.0,
        "Net Income Including Noncontrolling Interests": 9507326000.0,
        "Net Income Continuous Operations": 9507326000.0,
        "Tax Provision": 2510107000.0,
        "Pretax Income": 12017433000.0,
        "Other Income Expense": 378167000.0,
        "Other Non Operating Income Expenses": 35340000.0,
        "Special Income Charges": 216715000.0,
        "Gain On Sale Of Ppe": -7285000.0,
        "Gain On Sale Of Business": NaN,
        "Earnings From Equity Interest": 93342000.0,
        "Gain On Sale Of Security": 32770000.0,
        "Net Non Operating Interest Income Expense": 125955000.0,
        "Interest Expense Non Operating": 86726000.0,
        "Interest Income Non Operating": 212681000.0,
        "Operating Income": 11513311000.0,
        "Operating Expense": 9592492000.0,
        "Other Operating Expenses": -554710000.0,
        "Provision For Doubtful Accounts": 112444000.0,
        "Depreciation Amortization Depletion Income Statement": NaN,
        "Depreciation And Amortization In Income Statement": NaN,
        "Amortization": NaN,
        "Amortization Of Intangibles Income Statement": NaN,
        "Research And Development": 1151660000.0,
        "Selling General And Administration": 8883098000.0,
        "Selling And Marketing Expense": 6687978000.0,
        "General And Administrative Expense": 2195120000.0,
        "Other Gand A": 2195120000.0,
        "Gross Profit": 21105803000.0,
        "Cost Of Revenue": 43634807000.0,
        "Total Revenue": 64740610000.0,
        "Operating Revenue": 64364482000.0
    },
    "2025-03-31": {
        "Tax Effect Of Unusual Items": -4471812.426968,
        "Tax Rate For Calcs": 0.197118,
        "Normalized EBITDA": 22820129000.0,
        "Total Unusual Items": -22686000.0,
        "Total Unusual Items Excluding Goodwill": -22686000.0,
        "Net Income From Continuing Operation Net Minority Interest": 9799194000.0,
        "Reconciled Depreciation": 10009075000.0,
        "Reconciled Cost Of Revenue": 34203238000.0,
        "EBITDA": 22797443000.0,
        "EBIT": 12788368000.0,
        "Net Interest Income": 122160000.0,
        "Interest Expense": 89357000.0,
        "Interest Income": 211517000.0,
        "Normalized Income": 9817408187.573032,
        "Net Income From Continuing And Discontinued Operation": 9799194000.0,
        "Total Expenses": 42906876000.0,
        "Total Operating Income As Reported": 12522686000.0,
        "Diluted Average Shares": 777101900.0,
        "Basic Average Shares": 775744700.0,
        "Diluted EPS": 12.6,
        "Basic EPS": 12.6,
        "Diluted NI Availto Com Stockholders": 9798572000.0,
        "Average Dilution Earnings": -622000.0,
        "Net Income Common Stockholders": 9799194000.0,
        "Net Income": 9799194000.0,
        "Minority Interests": -396617000.0,
        "Net Income Including Noncontrolling Interests": 10195811000.0,
        "Net Income Continuous Operations": 10195811000.0,
        "Tax Provision": 2503200000.0,
        "Pretax Income": 12699011000.0,
        "Other Income Expense": 55183000.0,
        "Other Non Operating Income Expenses": 37034000.0,
        "Special Income Charges": 16308000.0,
        "Gain On Sale Of Ppe": 1018000.0,
        "Gain On Sale Of Business": 15290000.0,
        "Earnings From Equity Interest": 40835000.0,
        "Gain On Sale Of Security": -38994000.0,
        "Net Non Operating Interest Income Expense": 122160000.0,
        "Interest Expense Non Operating": 89357000.0,
        "Interest Income Non Operating": 211517000.0,
        "Operating Income": 12521668000.0,
        "Operating Expense": 8703638000.0,
        "Other Operating Expenses": -379865000.0,
        "Provision For Doubtful Accounts": 119535000.0,
        "Depreciation Amortization Depletion Income Statement": NaN,
        "Depreciation And Amortization In Income Statement": NaN,
        "Amortization": NaN,
        "Amortization Of Intangibles Income Statement": NaN,
        "Research And Development": 1029841000.0,
        "Selling General And Administration": 7934127000.0,
        "Selling And Marketing Expense": 6140628000.0,
        "General And Administrative Expense": 1793499000.0,
        "Other Gand A": 1793499000.0,
        "Gross Profit": 21225306000.0,
        "Cost Of Revenue": 34203238000.0,
        "Total Revenue": 55428544000.0,
        "Operating Revenue": 55164052000.0
    },
    "2025-06-30": {
        "Tax Effect Of Unusual Items": 62013125.913225,
        "Tax Rate For Calcs": 0.192352,
        "Normalized EBITDA": 22934874000.0,
        "Total Unusual Items": 322394000.0,
        "Total Unusual Items Excluding Goodwill": 322394000.0,
        "Net Income From Continuing Operation Net Minority Interest": 10167164000.0,
        "Reconciled Depreciation": 10034831000.0,
        "Reconciled Cost Of Revenue": 24957506000.0,
        "EBITDA": 23257268000.0,
        "EBIT": 13222437000.0,
        "Net Interest Income": 210127000.0,
        "Interest Expense": 92180000.0,
        "Interest Income": 302307000.0,
        "Normalized Income": 9906783125.913225,
        "Net Income From Continuing And Discontinued Operation": 10167164000.0,
        "Total Expenses": 43856305000.0,
        "Total Operating Income As Reported": 12545071000.0,
        "Diluted Average Shares": 776125700.0,
        "Basic Average Shares": 775744700.0,
        "Diluted EPS": 13.1,
        "Basic EPS": 13.1,
        "Diluted NI Availto Com Stockholders": 10166665000.0,
        "Average Dilution Earnings": -499000.0,
        "Net Income Common Stockholders": 10167164000.0,
        "Net Income": 10167164000.0,
        "Minority Interests": -437462000.0,
        "Net Income Including Noncontrolling Interests": 10604626000.0,
        "Net Income Continuous Operations": 10604626000.0,
        "Tax Provision": 2525631000.0,
        "Pretax Income": 13130257000.0,
        "Other Income Expense": 380255000.0,
        "Other Non Operating Income Expenses": 61483000.0,
        "Special Income Charges": 5196000.0,
        "Gain On Sale Of Ppe": 5196000.0,
        "Gain On Sale Of Business": 0.0,
        "Earnings From Equity Interest": -3622000.0,
        "Gain On Sale Of Security": 317198000.0,
        "Net Non Operating Interest Income Expense": 210127000.0,
        "Interest Expense Non Operating": 92180000.0,
        "Interest Income Non Operating": 302307000.0,
        "Operating Income": 12539875000.0,
        "Operating Expense": 8901188000.0,
        "Other Operating Expenses": -334216000.0,
        "Provision For Doubtful Accounts": -71133000.0,
        "Depreciation Amortization Depletion Income Statement": 37220000.0,
        "Depreciation And Amortization In Income Statement": 37220000.0,
        "Amortization": 37220000.0,
        "Amortization Of Intangibles Income Statement": 37220000.0,
        "Research And Development": 1100949000.0,
        "Selling General And Administration": 8168368000.0,
        "Selling And Marketing Expense": 6387323000.0,
        "General And Administrative Expense": 1781045000.0,
        "Other Gand A": 1781045000.0,
        "Gross Profit": 21441063000.0,
        "Cost Of Revenue": 34955117000.0,
        "Total Revenue": 56396180000.0,
        "Operating Revenue": 56129881000.0
    }
}