{
    "2023-06-30": {
        "Tax Effect Of Unusual Items": NaN,
        "Tax Rate For Calcs": NaN,
        "Normalized EBITDA": NaN,
        "Total Unusual Items": NaN,
        "Total Unusual Items Excluding Goodwill": NaN,
        "Net Income From Continuing Operation Net Minority Interest": NaN,
        "Reconciled Depreciation": NaN,
        "Reconciled Cost Of Revenue": NaN,
        "EBITDA": NaN,
        "EBIT": NaN,
        "Net Interest Income": NaN,
        "Interest Expense": NaN,
        "Normalized Income": NaN,
        "Net Income From Continuing And Discontinued Operation": NaN,
        "Total Expenses": NaN,
        "Total Operating Income As Reported": NaN,
        "Diluted Average Shares": NaN,
        "Basic Average Shares": NaN,
        "Diluted EPS": NaN,
        "Basic EPS": NaN,
        "Diluted NI Availto Com Stockholders": NaN,
        "Net Income Common Stockholders": NaN,
        "Net Income": NaN,
        "Minority Interests": NaN,
        "Net Income Including Noncontrolling Interests": NaN,
        "Net Income Continuous Operations": NaN,
        "Tax Provision": NaN,
        "Pretax Income": NaN,
        "Other Income Expense": NaN,
        "Other Non Operating Income Expenses": NaN,
        "Special Income Charges": NaN,
        "Gain On Sale Of Ppe": NaN,
        "Other Special Charges": NaN,
        "Earnings From Equity Interest": NaN,
        "Gain On Sale Of Security": NaN,
        "Net Non Operating Interest Income Expense": NaN,
        "Interest Expense Non Operating": NaN,
        "Operating Income": NaN,
        "Operating Expense": NaN,
        "Depreciation Amortization Depletion Income Statement": NaN,
        "Depreciation And Amortization In Income Statement": NaN,
        "Selling General And Administration": 895000000.0,
        "Selling And Marketing Expense": 895000000.0,
        "General And Administrative Expense": -1000000.0,
        "Salaries And Wages": -1000000.0,
        "Gross Profit": NaN,
        "Cost Of Revenue": NaN,
        "Total Revenue": NaN,
        "Operating Revenue": NaN
    },
    "2023-03-31": {
        "Tax Effect Of Unusual Items": NaN,
        "Tax Rate For Calcs": NaN,
        "Normalized EBITDA": NaN,
        "Total Unusual Items": NaN,
        "Total Unusual Items Excluding Goodwill": NaN,
        "Net Income From Continuing Operation Net Minority Interest": NaN,
        "Reconciled Depreciation": NaN,
        "Reconciled Cost Of Revenue": NaN,
        "EBITDA": NaN,
        "EBIT": NaN,
        "Net Interest Income": NaN,
        "Interest Expense": NaN,
        "Normalized Income": NaN,
        "Net Income From Continuing And Discontinued Operation": NaN,
        "Total Expenses": NaN,
        "Total Operating Income As Reported": NaN,
        "Diluted Average Shares": NaN,
        "Basic Average Shares": NaN,
        "Diluted EPS": NaN,
        "Basic EPS": NaN,
        "Diluted NI Availto Com Stockholders": NaN,
        "Net Income Common Stockholders": NaN,
        "Net Income": NaN,
        "Minority Interests": NaN,
        "Net Income Including Noncontrolling Interests": NaN,
        "Net Income Continuous Operations": NaN,
        "Tax Provision": NaN,
        "Pretax Income": NaN,
        "Other Income Expense": NaN,
        "Other Non Operating Income Expenses": NaN,
        "Special Income Charges": NaN,
        "Gain On Sale Of Ppe": NaN,
        "Other Special Charges": NaN,
        "Earnings From Equity Interest": NaN,
        "Gain On Sale Of Security": NaN,
        "Net Non Operating Interest Income Expense": NaN,
        "Interest Expense Non Operating": NaN,
        "Operating Income": NaN,
        "Operating Expense": NaN,
        "Depreciation Amortization Depletion Income Statement": NaN,
        "Depreciation And Amortization In Income Statement": NaN,
        "Selling General And Administration": 946000000.0,
        "Selling And Marketing Expense": 946000000.0,
        "General And Administrative Expense": -2000000.0,
        "Salaries And Wages": -2000000.0,
        "Gross Profit": NaN,
        "Cost Of Revenue": NaN,
        "Total Revenue": NaN,
        "Operating Revenue": NaN
    },
    "2022-12-31": {
        "Tax Effect Of Unusual Items": NaN,
        "Tax Rate For Calcs": NaN,
        "Normalized EBITDA": NaN,
        "Total Unusual Items": NaN,
        "Total Unusual Items Excluding Goodwill": NaN,
        "Net Income From Continuing Operation Net Minority Interest": NaN,
        "Reconciled Depreciation": NaN,
        "Reconciled Cost Of Revenue": NaN,
        "EBITDA": NaN,
        "EBIT": NaN,
        "Net Interest Income": NaN,
        "Interest Expense": NaN,
        "Normalized Income": NaN,
        "Net Income From Continuing And Discontinued Operation": NaN,
        "Total Expenses": NaN,
        "Total Operating Income As Reported": NaN,
        "Diluted Average Shares": NaN,
        "Basic Average Shares": NaN,
        "Diluted EPS": NaN,
        "Basic EPS": NaN,
        "Diluted NI Availto Com Stockholders": NaN,
        "Average Dilution Earnings": 0.0,
        "Net Income Common Stockholders": NaN,
        "Net Income": NaN,
        "Minority Interests": NaN,
        "Net Income Including Noncontrolling Interests": NaN,
        "Net Income Continuous Operations": NaN,
        "Tax Provision": NaN,
        "Pretax Income": NaN,
        "Other Income Expense": NaN,
        "Other Non Operating Income Expenses": NaN,
        "Special Income Charges": NaN,
        "Gain On Sale Of Ppe": NaN,
        "Other Special Charges": NaN,
        "Earnings From Equity Interest": NaN,
        "Gain On Sale Of Security": NaN,
        "Net Non Operating Interest Income Expense": NaN,
        "Interest Expense Non Operating": NaN,
        "Operating Income": NaN,
        "Operating Expense": NaN,
        "Depreciation Amortization Depletion Income Statement": NaN,
        "Depreciation And Amortization In Income Statement": NaN,
        "Selling General And Administration": NaN,
        "Selling And Marketing Expense": 846000000.0,
        "General And Administrative Expense": -13000000.0,
        "Salaries And Wages": -13000000.0,
        "Gross Profit": NaN,
        "Cost Of Revenue": NaN,
        "Total Revenue": NaN,
        "Operating Revenue": NaN
    },
    "2022-09-30": {
        "Tax Effect Of Unusual Items": NaN,
        "Tax Rate For Calcs": NaN,
        "Normalized EBITDA": NaN,
        "Total Unusual Items": NaN,
        "Total Unusual Items Excluding Goodwill": NaN,
        "Net Income From Continuing Operation Net Minority Interest": NaN,
        "Reconciled Depreciation": NaN,
        "Reconciled Cost Of Revenue": NaN,
        "EBITDA": NaN,
        "EBIT": NaN,
        "Net Interest Income": NaN,
        "Interest Expense": NaN,
        "Normalized Income": NaN,
        "Net Income From Continuing And Discontinued Operation": NaN,
        "Total Expenses": NaN,
        "Total Operating Income As Reported": NaN,
        "Diluted Average Shares": NaN,
        "Basic Average Shares": NaN,
        "Diluted EPS": NaN,
        "Basic EPS": NaN,
        "Diluted NI Availto Com Stockholders": NaN,
        "Average Dilution Earnings": 0.0,
        "Net Income Common Stockholders": NaN,
        "Net Income": NaN,
        "Minority Interests": NaN,
        "Net Income Including Noncontrolling Interests": NaN,
        "Net Income Continuous Operations": NaN,
        "Tax Provision": NaN,
        "Pretax Income": NaN,
        "Other Income Expense": NaN,
        "Other Non Operating Income Expenses": NaN,
        "Special Income Charges": NaN,
        "Gain On Sale Of Ppe": NaN,
        "Other Special Charges": NaN,
        "Earnings From Equity Interest": NaN,
        "Gain On Sale Of Security": NaN,
        "Net Non Operating Interest Income Expense": NaN,
        "Interest Expense Non Operating": NaN,
        "Operating Income": NaN,
        "Operating Expense": NaN,
        "Depreciation Amortization Depletion Income Statement": NaN,
        "Depreciation And Amortization In Income Statement": NaN,
        "Selling General And Administration": NaN,
        "Selling And Marketing Expense": 861000000.0,
        "General And Administrative Expense": NaN,
        "Salaries And Wages": NaN,
        "Gross Profit": NaN,
        "Cost Of Revenue": NaN,
        "Total Revenue": NaN,
        "Operating Revenue": NaN
    },
    "2022-06-30": {
        "Tax Effect Of Unusual Items": 13354574.419663,
        "Tax Rate For Calcs": 0.222576,
        "Normalized EBITDA": 5486000000.0,
        "Total Unusual Items": 60000000.0,
        "Total Unusual Items Excluding Goodwill": 60000000.0,
        "Net Income From Continuing Operation Net Minority Interest": 1471000000.0,
        "Reconciled Depreciation": 2240000000.0,
        "Reconciled Cost Of Revenue": 7387000000.0,
        "EBITDA": 5546000000.0,
        "EBIT": 3306000000.0,
        "Net Interest Income": -1109000000.0,
        "Interest Expense": 1109000000.0,
        "Normalized Income": 1424354574.419663,
        "Net Income From Continuing And Discontinued Operation": 1471000000.0,
        "Total Expenses": 10433000000.0,
        "Total Operating Income As Reported": 3227000000.0,
        "Diluted Average Shares": 167090925.0,
        "Basic Average Shares": 164049619.0,
        "Diluted EPS": 8.8,
        "Basic EPS": 8.96,
        "Diluted NI Availto Com Stockholders": 1471000000.0,
        "Average Dilution Earnings": 0.0,
        "Net Income Common Stockholders": 1471000000.0,
        "Net Income": 1471000000.0,
        "Minority Interests": -237000000.0,
        "Net Income Including Noncontrolling Interests": 1708000000.0,
        "Net Income Continuous Operations": 1708000000.0,
        "Tax Provision": 489000000.0,
        "Pretax Income": 2197000000.0,
        "Other Income Expense": 141000000.0,
        "Other Non Operating Income Expenses": 17000000.0,
        "Special Income Charges": 59000000.0,
        "Gain On Sale Of Ppe": -1000000.0,
        "Other Special Charges": -60000000.0,
        "Earnings From Equity Interest": 64000000.0,
        "Gain On Sale Of Security": 1000000.0,
        "Net Non Operating Interest Income Expense": -1109000000.0,
        "Interest Expense Non Operating": 1109000000.0,
        "Operating Income": 3165000000.0,
        "Operating Expense": 3046000000.0,
        "Other Operating Expenses": NaN,
        "Depreciation Amortization Depletion Income Statement": 2240000000.0,
        "Depreciation And Amortization In Income Statement": 2240000000.0,
        "Selling General And Administration": 806000000.0,
        "Selling And Marketing Expense": 806000000.0,
        "Gross Profit": 6211000000.0,
        "Cost Of Revenue": 7387000000.0,
        "Total Revenue": 13598000000.0,
        "Operating Revenue": 13379000000.0
    },
    "2022-03-31": {
        "Diluted EPS": 6.9,
        "Total Revenue": NaN,
        "Gross Profit": NaN,
        "Operating Income": NaN,
        "EBIT": NaN,
        "Net Income": NaN
    },
    "2021-12-31": {
        "Diluted EPS": 8.57,
        "Total Revenue": NaN,
        "Gross Profit": NaN,
        "Operating Income": NaN,
        "EBIT": NaN,
        "Net Income": NaN
    },
    "2021-09-30": {
        "Diluted EPS": 6.5,
        "Total Revenue": NaN,
        "Gross Profit": NaN,
        "Operating Income": NaN,
        "EBIT": NaN,
        "Net Income": NaN
    },
    "2021-06-30": {
        "Diluted EPS": 5.29,
        "Total Revenue": NaN,
        "Gross Profit": NaN,
        "Operating Income": NaN,
        "EBIT": NaN,
        "Net Income": NaN
    },
    "2021-03-31": {
        "Diluted EPS": 4.11,
        "Total Revenue": NaN,
        "Gross Profit": NaN,
        "Operating Income": NaN,
        "EBIT": NaN,
        "Net Income": 807
    },
    "2020-12-31": {
        "Diluted EPS": 6.01,
        "Total Revenue": NaN,
        "Gross Profit": NaN,
        "Operating Income": NaN,
        "EBIT": NaN,
        "Net Income": NaN
    },
    "2020-09-30": {
        "Diluted EPS": 3.9,
        "Total Revenue": NaN,
        "Gross Profit": NaN,
        "Operating Income": NaN,
        "EBIT": NaN,
        "Net Income": 814
    },
    "2020-06-30": {
        "Diluted EPS": 3.63,
        "Total Revenue": NaN,
        "Gross Profit": NaN,
        "Operating Income": NaN,
        "EBIT": NaN,
        "Net Income": 766
    },
    "2020-03-31": {
        "Diluted EPS": 1.86,
        "Total Revenue": NaN,
        "Gross Profit": NaN,
        "Operating Income": NaN,
        "EBIT": NaN,
        "Net Income": 396
    },
    "2019-12-31": {
        "Diluted EPS": 3.21,
        "Total Revenue": NaN,
        "Gross Profit": NaN,
        "Operating Income": NaN,
        "EBIT": NaN,
        "Net Income": 714
    },
    "2019-09-30": {
        "Diluted EPS": 1.74,
        "Total Revenue": NaN,
        "Gross Profit": NaN,
        "Operating Income": NaN,
        "EBIT": NaN,
        "Net Income": 387
    },
    "2019-06-30": {
        "Diluted EPS": 1.39,
        "Total Revenue": NaN,
        "Gross Profit": NaN,
        "Operating Income": NaN,
        "EBIT": NaN,
        "Net Income": 314
    },
    "2019-03-31": {
        "Diluted EPS": 1.11,
        "Total Revenue": NaN,
        "Gross Profit": NaN,
        "Operating Income": NaN,
        "EBIT": NaN,
        "Net Income": 253
    },
    "2018-12-31": {
        "Diluted EPS": 1.26,
        "Total Revenue": NaN,
        "Gross Profit": NaN,
        "Operating Income": NaN,
        "EBIT": NaN,
        "Net Income": 296
    },
    "2018-09-30": {
        "Diluted EPS": 2.11,
        "Total Revenue": NaN,
        "Gross Profit": NaN,
        "Operating Income": NaN,
        "EBIT": NaN,
        "Net Income": 493
    },
    "2018-06-30": {
        "Diluted EPS": 1.15,
        "Total Revenue": NaN,
        "Gross Profit": NaN,
        "Operating Income": NaN,
        "EBIT": NaN,
        "Net Income": 273
    },
    "2018-03-31": {
        "Diluted EPS": 0.7,
        "Total Revenue": NaN,
        "Gross Profit": NaN,
        "Operating Income": NaN,
        "EBIT": NaN,
        "Net Income": 168
    },
    "2017-12-31": {
        "Diluted EPS": 32.81,
        "Total Revenue": NaN,
        "Gross Profit": NaN,
        "Operating Income": NaN,
        "EBIT": NaN,
        "Net Income": NaN
    },
    "2017-09-30": {
        "Diluted EPS": 0.19,
        "Total Revenue": NaN,
        "Gross Profit": NaN,
        "Operating Income": 909,
        "EBIT": NaN,
        "Net Income": 48
    },
    "2017-06-30": {
        "Diluted EPS": 0.52,
        "Total Revenue": NaN,
        "Gross Profit": NaN,
        "Operating Income": NaN,
        "EBIT": NaN,
        "Net Income": 139
    },
    "2017-03-31": {
        "Diluted EPS": 0.57,
        "Total Revenue": NaN,
        "Gross Profit": NaN,
        "Operating Income": 941,
        "EBIT": NaN,
        "Net Income": 155
    },
    "2016-12-31": {
        "Diluted EPS": 1.94,
        "Total Revenue": NaN,
        "Gross Profit": NaN,
        "Operating Income": NaN,
        "EBIT": NaN,
        "Net Income": 454
    },
    "2016-09-30": {
        "Diluted EPS": 0.69,
        "Total Revenue": NaN,
        "Gross Profit": NaN,
        "Operating Income": 911,
        "EBIT": NaN,
        "Net Income": 189
    },
    "2016-06-30": {
        "Diluted EPS": 15.17,
        "Total Revenue": NaN,
        "Gross Profit": NaN,
        "Operating Income": 170,
        "EBIT": NaN,
        "Net Income": NaN
    },
    "2016-03-31": {
        "Diluted EPS": -1.86,
        "Total Revenue": NaN,
        "Gross Profit": 859,
        "Operating Income": 302,
        "EBIT": 841,
        "Net Income": -188
    },
    "2015-12-31": {
        "Diluted EPS": -1.19,
        "Total Revenue": NaN,
        "Gross Profit": 888,
        "Operating Income": 323,
        "EBIT": 868,
        "Net Income": -122
    },
    "2015-09-30": {
        "Diluted EPS": 0.53,
        "Total Revenue": NaN,
        "Gross Profit": 830,
        "Operating Income": 273,
        "EBIT": 811,
        "Net Income": 54
    },
    "2015-06-30": {
        "Diluted EPS": -1.21,
        "Total Revenue": NaN,
        "Gross Profit": 829,
        "Operating Income": 269,
        "EBIT": 797,
        "Net Income": -122
    },
    "2015-03-31": {
        "Diluted EPS": -0.81,
        "Total Revenue": NaN,
        "Gross Profit": 781,
        "Operating Income": 249,
        "EBIT": 763,
        "Net Income": -81
    },
    "2014-12-31": {
        "Diluted EPS": -0.49,
        "Total Revenue": NaN,
        "Gross Profit": 831,
        "Operating Income": 277,
        "EBIT": 811,
        "Net Income": -48
    },
    "2014-09-30": {
        "Diluted EPS": -0.54,
        "Total Revenue": NaN,
        "Gross Profit": 769,
        "Operating Income": 218,
        "EBIT": 753,
        "Net Income": -53
    },
    "2014-06-30": {
        "Diluted EPS": -0.47,
        "Total Revenue": NaN,
        "Gross Profit": 780,
        "Operating Income": 236,
        "EBIT": 764,
        "Net Income": -45
    },
    "2014-03-31": {
        "Diluted EPS": -0.39,
        "Total Revenue": NaN,
        "Gross Profit": 755,
        "Operating Income": 240,
        "EBIT": 745,
        "Net Income": -37
    },
    "2013-12-31": {
        "Diluted EPS": 0.45,
        "Total Revenue": NaN,
        "Gross Profit": 753,
        "Operating Income": 241,
        "EBIT": 741,
        "Net Income": 39
    },
    "2013-09-30": {
        "Diluted EPS": -0.75,
        "Total Revenue": NaN,
        "Gross Profit": 721,
        "Operating Income": 209,
        "EBIT": 702,
        "Net Income": -70
    },
    "2013-06-30": {
        "Diluted EPS": -1.06,
        "Total Revenue": NaN,
        "Gross Profit": 677,
        "Operating Income": 236,
        "EBIT": 672,
        "Net Income": -96
    },
    "2013-03-31": {
        "Diluted EPS": -0.47,
        "Total Revenue": NaN,
        "Gross Profit": 659,
        "Operating Income": 223,
        "EBIT": 648,
        "Net Income": -42
    },
    "2012-12-31": {
        "Diluted EPS": -0.43,
        "Total Revenue": NaN,
        "Gross Profit": 685,
        "Operating Income": 205,
        "EBIT": 671,
        "Net Income": -40
    },
    "2012-09-30": {
        "Diluted EPS": -0.96,
        "Total Revenue": NaN,
        "Gross Profit": 638,
        "Operating Income": 211,
        "EBIT": 635,
        "Net Income": -87
    },
    "2012-06-30": {
        "Diluted EPS": -0.93,
        "Total Revenue": NaN,
        "Gross Profit": 680,
        "Operating Income": 269,
        "EBIT": 684,
        "Net Income": -83
    },
    "2012-03-31": {
        "Diluted EPS": -1.05,
        "Total Revenue": NaN,
        "Gross Profit": 641,
        "Operating Income": 230,
        "EBIT": 638,
        "Net Income": -94
    },
    "2011-12-31": {
        "Diluted EPS": -0.7,
        "Total Revenue": NaN,
        "Gross Profit": NaN,
        "Operating Income": 265,
        "EBIT": 676,
        "Net Income": -67
    },
    "2011-09-30": {
        "Diluted EPS": -0.87,
        "Total Revenue": NaN,
        "Gross Profit": NaN,
        "Operating Income": 237,
        "EBIT": 642,
        "Net Income": -85
    },
    "2011-06-30": {
        "Diluted EPS": -1.08,
        "Total Revenue": NaN,
        "Gross Profit": NaN,
        "Operating Income": 270,
        "EBIT": 663,
        "Net Income": -107
    },
    "2011-03-31": {
        "Diluted EPS": -1.07,
        "Total Revenue": NaN,
        "Gross Profit": NaN,
        "Operating Income": 269,
        "EBIT": 652,
        "Net Income": -110
    },
    "2010-12-31": {
        "Diluted EPS": -0.83,
        "Total Revenue": NaN,
        "Gross Profit": NaN,
        "Operating Income": 279,
        "EBIT": 669,
        "Net Income": -85
    },
    "2010-09-30": {
        "Diluted EPS": -0.93,
        "Total Revenue": NaN,
        "Gross Profit": 981,
        "Operating Income": 240,
        "EBIT": 625,
        "Net Income": -95
    },
    "2010-06-30": {
        "Diluted EPS": -0.8,
        "Total Revenue": NaN,
        "Gross Profit": 998,
        "Operating Income": 254,
        "EBIT": 634,
        "Net Income": -81
    },
    "2010-03-31": {
        "Diluted EPS": 0.23,
        "Total Revenue": NaN,
        "Gross Profit": 979,
        "Operating Income": 251,
        "EBIT": 620,
        "Net Income": 24
    },
    "2009-12-31": {
        "Diluted EPS": 17.92,
        "Total Revenue": NaN,
        "Gross Profit": 975,
        "Operating Income": 977,
        "EBIT": NaN,
        "Net Income": NaN
    },
    "2009-09-30": {
        "Diluted EPS": -3.02,
        "Total Revenue": NaN,
        "Gross Profit": 954,
        "Operating Income": NaN,
        "EBIT": NaN,
        "Net Income": NaN
    },
    "2009-06-30": {
        "Diluted EPS": -0.33,
        "Total Revenue": NaN,
        "Gross Profit": 975,
        "Operating Income": 301,
        "EBIT": 630,
        "Net Income": -112
    },
    "2009-03-31": {
        "Diluted EPS": -0.6,
        "Total Revenue": NaN,
        "Gross Profit": 949,
        "Operating Income": 334,
        "EBIT": 655,
        "Net Income": -205
    },
    "2023-09-30": {
        "Tax Effect Of Unusual Items": NaN,
        "Tax Rate For Calcs": NaN,
        "Normalized EBITDA": NaN,
        "Total Unusual Items": NaN,
        "Total Unusual Items Excluding Goodwill": NaN,
        "Net Income From Continuing Operation Net Minority Interest": NaN,
        "Reconciled Depreciation": NaN,
        "Reconciled Cost Of Revenue": NaN,
        "EBITDA": NaN,
        "EBIT": NaN,
        "Net Interest Income": NaN,
        "Interest Expense": NaN,
        "Normalized Income": NaN,
        "Net Income From Continuing And Discontinued Operation": NaN,
        "Total Expenses": NaN,
        "Total Operating Income As Reported": NaN,
        "Diluted Average Shares": NaN,
        "Basic Average Shares": NaN,
        "Diluted EPS": NaN,
        "Basic EPS": NaN,
        "Diluted NI Availto Com Stockholders": NaN,
        "Net Income Common Stockholders": NaN,
        "Net Income": NaN,
        "Minority Interests": NaN,
        "Net Income Including Noncontrolling Interests": NaN,
        "Net Income Continuous Operations": NaN,
        "Tax Provision": NaN,
        "Pretax Income": NaN,
        "Other Income Expense": NaN,
        "Other Non Operating Income Expenses": NaN,
        "Special Income Charges": NaN,
        "Gain On Sale Of Ppe": NaN,
        "Other Special Charges": NaN,
        "Earnings From Equity Interest": NaN,
        "Gain On Sale Of Security": NaN,
        "Net Non Operating Interest Income Expense": NaN,
        "Interest Expense Non Operating": NaN,
        "Operating Income": NaN,
        "Operating Expense": NaN,
        "Depreciation Amortization Depletion Income Statement": NaN,
        "Depreciation And Amortization In Income Statement": NaN,
        "Selling General And Administration": -2000000.0,
        "Selling And Marketing Expense": 912000000.0,
        "General And Administrative Expense": -2000000.0,
        "Salaries And Wages": -2000000.0,
        "Gross Profit": NaN,
        "Cost Of Revenue": NaN,
        "Total Revenue": NaN,
        "Operating Revenue": NaN
    },
    "2023-12-31": {
        "Tax Effect Of Unusual Items": NaN,
        "Tax Rate For Calcs": NaN,
        "Normalized EBITDA": NaN,
        "Total Unusual Items": NaN,
        "Total Unusual Items Excluding Goodwill": NaN,
        "Net Income From Continuing Operation Net Minority Interest": NaN,
        "Reconciled Depreciation": NaN,
        "Reconciled Cost Of Revenue": NaN,
        "EBITDA": NaN,
        "EBIT": NaN,
        "Net Interest Income": NaN,
        "Interest Expense": NaN,
        "Normalized Income": NaN,
        "Net Income From Continuing And Discontinued Operation": NaN,
        "Total Expenses": NaN,
        "Total Operating Income As Reported": NaN,
        "Diluted Average Shares": NaN,
        "Basic Average Shares": NaN,
        "Diluted EPS": NaN,
        "Basic EPS": NaN,
        "Diluted NI Availto Com Stockholders": NaN,
        "Net Income Common Stockholders": NaN,
        "Net Income": NaN,
        "Minority Interests": NaN,
        "Net Income Including Noncontrolling Interests": NaN,
        "Net Income Continuous Operations": NaN,
        "Tax Provision": NaN,
        "Pretax Income": NaN,
        "Other Income Expense": NaN,
        "Other Non Operating Income Expenses": -221000000.0,
        "Special Income Charges": NaN,
        "Gain On Sale Of Ppe": NaN,
        "Other Special Charges": NaN,
        "Restructuring And Mergern Acquisition": NaN,
        "Earnings From Equity Interest": NaN,
        "Gain On Sale Of Security": NaN,
        "Net Non Operating Interest Income Expense": NaN,
        "Interest Expense Non Operating": NaN,
        "Operating Income": NaN,
        "Operating Expense": NaN,
        "Other Operating Expenses": NaN,
        "Depreciation Amortization Depletion Income Statement": NaN,
        "Depreciation And Amortization In Income Statement": NaN,
        "Selling General And Administration": 900000000.0,
        "Selling And Marketing Expense": 900000000.0,
        "General And Administrative Expense": 221000000.0,
        "Salaries And Wages": 221000000.0,
        "Gross Profit": NaN,
        "Cost Of Revenue": NaN,
        "Total Revenue": NaN,
        "Operating Revenue": NaN
    },
    "2024-03-31": {
        "Tax Effect Of Unusual Items": NaN,
        "Tax Rate For Calcs": NaN,
        "Normalized EBITDA": NaN,
        "Total Unusual Items": NaN,
        "Total Unusual Items Excluding Goodwill": NaN,
        "Net Income From Continuing Operation Net Minority Interest": NaN,
        "Reconciled Depreciation": NaN,
        "Reconciled Cost Of Revenue": NaN,
        "EBITDA": NaN,
        "EBIT": NaN,
        "Net Interest Income": NaN,
        "Interest Expense": NaN,
        "Normalized Income": NaN,
        "Net Income From Continuing And Discontinued Operation": NaN,
        "Total Expenses": NaN,
        "Total Operating Income As Reported": NaN,
        "Diluted Average Shares": NaN,
        "Basic Average Shares": NaN,
        "Diluted EPS": NaN,
        "Basic EPS": NaN,
        "Diluted NI Availto Com Stockholders": NaN,
        "Net Income Common Stockholders": NaN,
        "Net Income": NaN,
        "Minority Interests": NaN,
        "Net Income Including Noncontrolling Interests": NaN,
        "Net Income Continuous Operations": NaN,
        "Tax Provision": NaN,
        "Pretax Income": NaN,
        "Other Income Expense": NaN,
        "Other Non Operating Income Expenses": 1000000.0,
        "Special Income Charges": NaN,
        "Gain On Sale Of Ppe": NaN,
        "Other Special Charges": NaN,
        "Restructuring And Mergern Acquisition": NaN,
        "Earnings From Equity Interest": NaN,
        "Gain On Sale Of Security": NaN,
        "Net Non Operating Interest Income Expense": NaN,
        "Interest Expense Non Operating": NaN,
        "Operating Income": NaN,
        "Operating Expense": NaN,
        "Other Operating Expenses": NaN,
        "Depreciation Amortization Depletion Income Statement": NaN,
        "Depreciation And Amortization In Income Statement": NaN,
        "Selling General And Administration": 1095000000.0,
        "Selling And Marketing Expense": 881000000.0,
        "General And Administrative Expense": 214000000.0,
        "Salaries And Wages": 214000000.0,
        "Gross Profit": NaN,
        "Cost Of Revenue": NaN,
        "Total Revenue": NaN,
        "Operating Revenue": NaN
    },
    "2024-06-30": {
        "Tax Effect Of Unusual Items": NaN,
        "Tax Rate For Calcs": NaN,
        "Normalized EBITDA": NaN,
        "Total Unusual Items": NaN,
        "Total Unusual Items Excluding Goodwill": NaN,
        "Net Income From Continuing Operation Net Minority Interest": NaN,
        "Reconciled Depreciation": NaN,
        "Reconciled Cost Of Revenue": NaN,
        "EBITDA": NaN,
        "EBIT": NaN,
        "Net Interest Income": NaN,
        "Interest Expense": NaN,
        "Normalized Income": NaN,
        "Net Income From Continuing And Discontinued Operation": NaN,
        "Total Expenses": NaN,
        "Total Operating Income As Reported": NaN,
        "Diluted Average Shares": NaN,
        "Basic Average Shares": NaN,
        "Diluted EPS": NaN,
        "Basic EPS": NaN,
        "Diluted NI Availto Com Stockholders": NaN,
        "Net Income Common Stockholders": NaN,
        "Net Income": NaN,
        "Minority Interests": NaN,
        "Net Income Including Noncontrolling Interests": NaN,
        "Net Income Continuous Operations": NaN,
        "Tax Provision": NaN,
        "Pretax Income": NaN,
        "Other Income Expense": NaN,
        "Other Non Operating Income Expenses": 1000000.0,
        "Special Income Charges": NaN,
        "Gain On Sale Of Ppe": NaN,
        "Other Special Charges": NaN,
        "Restructuring And Mergern Acquisition": 0.0,
        "Earnings From Equity Interest": NaN,
        "Gain On Sale Of Security": NaN,
        "Net Non Operating Interest Income Expense": NaN,
        "Interest Expense Non Operating": NaN,
        "Operating Income": NaN,
        "Operating Expense": NaN,
        "Other Operating Expenses": NaN,
        "Depreciation Amortization Depletion Income Statement": NaN,
        "Depreciation And Amortization In Income Statement": NaN,
        "Selling General And Administration": NaN,
        "Selling And Marketing Expense": NaN,
        "General And Administrative Expense": 153000000.0,
        "Salaries And Wages": 153000000.0,
        "Gross Profit": NaN,
        "Cost Of Revenue": NaN,
        "Total Revenue": NaN,
        "Operating Revenue": NaN
    },
    "2024-09-30": {
        "Tax Effect Of Unusual Items": NaN,
        "Tax Rate For Calcs": NaN,
        "Normalized EBITDA": NaN,
        "Total Unusual Items": NaN,
        "Total Unusual Items Excluding Goodwill": NaN,
        "Net Income From Continuing Operation Net Minority Interest": NaN,
        "Reconciled Depreciation": NaN,
        "Reconciled Cost Of Revenue": NaN,
        "EBITDA": NaN,
        "EBIT": NaN,
        "Net Interest Income": NaN,
        "Interest Expense": NaN,
        "Normalized Income": NaN,
        "Net Income From Continuing And Discontinued Operation": NaN,
        "Total Expenses": NaN,
        "Total Operating Income As Reported": NaN,
        "Diluted Average Shares": NaN,
        "Basic Average Shares": NaN,
        "Diluted EPS": NaN,
        "Basic EPS": NaN,
        "Diluted NI Availto Com Stockholders": NaN,
        "Net Income Common Stockholders": NaN,
        "Net Income": NaN,
        "Minority Interests": NaN,
        "Net Income Including Noncontrolling Interests": NaN,
        "Net Income Continuous Operations": NaN,
        "Tax Provision": NaN,
        "Pretax Income": NaN,
        "Other Income Expense": NaN,
        "Other Non Operating Income Expenses": 2000000.0,
        "Special Income Charges": NaN,
        "Gain On Sale Of Ppe": NaN,
        "Other Special Charges": NaN,
        "Restructuring And Mergern Acquisition": NaN,
        "Earnings From Equity Interest": NaN,
        "Gain On Sale Of Security": NaN,
        "Net Non Operating Interest Income Expense": NaN,
        "Interest Expense Non Operating": NaN,
        "Operating Income": NaN,
        "Operating Expense": NaN,
        "Other Operating Expenses": NaN,
        "Depreciation Amortization Depletion Income Statement": NaN,
        "Depreciation And Amortization In Income Statement": NaN,
        "Selling General And Administration": NaN,
        "Selling And Marketing Expense": NaN,
        "General And Administrative Expense": NaN,
        "Salaries And Wages": NaN,
        "Gross Profit": NaN,
        "Cost Of Revenue": NaN,
        "Total Revenue": NaN,
        "Operating Revenue": NaN
    },
    "2024-12-31": {
        "Tax Effect Of Unusual Items": -1808406.647116,
        "Tax Rate For Calcs": 0.180841,
        "Normalized EBITDA": 5498000000.0,
        "Total Unusual Items": -10000000.0,
        "Total Unusual Items Excluding Goodwill": -10000000.0,
        "Net Income From Continuing Operation Net Minority Interest": 1466000000.0,
        "Reconciled Depreciation": 2168000000.0,
        "Reconciled Cost Of Revenue": 6125000000.0,
        "EBITDA": 5488000000.0,
        "EBIT": 3320000000.0,
        "Net Interest Income": -1274000000.0,
        "Interest Expense": 1274000000.0,
        "Normalized Income": 1474191593.352884,
        "Net Income From Continuing And Discontinued Operation": 1466000000.0,
        "Total Expenses": 10472000000.0,
        "Total Operating Income As Reported": 3389000000.0,
        "Diluted Average Shares": 145269468.0,
        "Basic Average Shares": 142115129.0,
        "Diluted EPS": 10.1,
        "Basic EPS": 10.32,
        "Diluted NI Availto Com Stockholders": 1466000000.0,
        "Net Income Common Stockholders": 1466000000.0,
        "Net Income": 1466000000.0,
        "Minority Interests": -210000000.0,
        "Net Income Including Noncontrolling Interests": 1676000000.0,
        "Net Income Continuous Operations": 1676000000.0,
        "Tax Provision": 370000000.0,
        "Pretax Income": 2046000000.0,
        "Other Income Expense": -134000000.0,
        "Other Non Operating Income Expenses": -27000000.0,
        "Special Income Charges": -73000000.0,
        "Gain On Sale Of Ppe": -21000000.0,
        "Other Special Charges": 52000000.0,
        "Restructuring And Mergern Acquisition": NaN,
        "Earnings From Equity Interest": -97000000.0,
        "Gain On Sale Of Security": 63000000.0,
        "Net Non Operating Interest Income Expense": -1274000000.0,
        "Interest Expense Non Operating": 1274000000.0,
        "Operating Income": 3454000000.0,
        "Operating Expense": 4347000000.0,
        "Other Operating Expenses": 598000000.0,
        "Depreciation Amortization Depletion Income Statement": 2168000000.0,
        "Depreciation And Amortization In Income Statement": 2168000000.0,
        "Selling General And Administration": 1581000000.0,
        "Selling And Marketing Expense": 930000000.0,
        "General And Administrative Expense": NaN,
        "Salaries And Wages": NaN,
        "Gross Profit": 7801000000.0,
        "Cost Of Revenue": 6125000000.0,
        "Total Revenue": 13926000000.0,
        "Operating Revenue": 13042000000.0
    },
    "2025-03-31": {
        "Tax Effect Of Unusual Items": -45124056.09493,
        "Tax Rate For Calcs": 0.240022,
        "Normalized EBITDA": 5464000000.0,
        "Total Unusual Items": -188000000.0,
        "Total Unusual Items Excluding Goodwill": -188000000.0,
        "Net Income From Continuing Operation Net Minority Interest": 1217000000.0,
        "Reconciled Depreciation": 2181000000.0,
        "Reconciled Cost Of Revenue": 5962000000.0,
        "EBITDA": 5276000000.0,
        "EBIT": 3095000000.0,
        "Net Interest Income": -1241000000.0,
        "Interest Expense": 1241000000.0,
        "Normalized Income": 1359875943.90507,
        "Net Income From Continuing And Discontinued Operation": 1217000000.0,
        "Total Expenses": 10375000000.0,
        "Total Operating Income As Reported": 3237000000.0,
        "Diluted Average Shares": 144574684.0,
        "Basic Average Shares": 141591396.0,
        "Diluted EPS": 8.42,
        "Basic EPS": 8.59,
        "Diluted NI Availto Com Stockholders": 1217000000.0,
        "Net Income Common Stockholders": 1217000000.0,
        "Net Income": 1217000000.0,
        "Minority Interests": -192000000.0,
        "Net Income Including Noncontrolling Interests": 1409000000.0,
        "Net Income Continuous Operations": 1409000000.0,
        "Tax Provision": 445000000.0,
        "Pretax Income": 1854000000.0,
        "Other Income Expense": -265000000.0,
        "Other Non Operating Income Expenses": NaN,
        "Special Income Charges": -123000000.0,
        "Gain On Sale Of Ppe": -91000000.0,
        "Other Special Charges": 32000000.0,
        "Restructuring And Mergern Acquisition": NaN,
        "Earnings From Equity Interest": -77000000.0,
        "Gain On Sale Of Security": -65000000.0,
        "Net Non Operating Interest Income Expense": -1241000000.0,
        "Interest Expense Non Operating": 1241000000.0,
        "Operating Income": 3360000000.0,
        "Operating Expense": 4413000000.0,
        "Other Operating Expenses": 1061000000.0,
        "Depreciation Amortization Depletion Income Statement": 2181000000.0,
        "Depreciation And Amortization In Income Statement": 2181000000.0,
        "Selling General And Administration": 1171000000.0,
        "Selling And Marketing Expense": 949000000.0,
        "General And Administrative Expense": 222000000.0,
        "Salaries And Wages": 222000000.0,
        "Gross Profit": 7773000000.0,
        "Cost Of Revenue": 5962000000.0,
        "Total Revenue": 13735000000.0,
        "Operating Revenue": 12942000000.0
    },
    "2025-06-30": {
        "Tax Effect Of Unusual Items": -13228915.662651,
        "Tax Rate For Calcs": 0.216867,
        "Normalized EBITDA": 5409000000.0,
        "Total Unusual Items": -61000000.0,
        "Total Unusual Items Excluding Goodwill": -61000000.0,
        "Net Income From Continuing Operation Net Minority Interest": 1301000000.0,
        "Reconciled Depreciation": 2176000000.0,
        "Reconciled Cost Of Revenue": 5989000000.0,
        "EBITDA": 5348000000.0,
        "EBIT": 3172000000.0,
        "Net Interest Income": -1263000000.0,
        "Interest Expense": 1263000000.0,
        "Normalized Income": 1348771084.337349,
        "Net Income From Continuing And Discontinued Operation": 1301000000.0,
        "Total Expenses": 10406000000.0,
        "Total Operating Income As Reported": 3279000000.0,
        "Diluted Average Shares": 141684415.0,
        "Basic Average Shares": 138205810.0,
        "Diluted EPS": 9.18,
        "Basic EPS": 9.41,
        "Diluted NI Availto Com Stockholders": 1301000000.0,
        "Net Income Common Stockholders": 1301000000.0,
        "Net Income": 1301000000.0,
        "Minority Interests": -194000000.0,
        "Net Income Including Noncontrolling Interests": 1495000000.0,
        "Net Income Continuous Operations": 1495000000.0,
        "Tax Provision": 414000000.0,
        "Pretax Income": 1909000000.0,
        "Other Income Expense": -188000000.0,
        "Other Non Operating Income Expenses": NaN,
        "Special Income Charges": -81000000.0,
        "Gain On Sale Of Ppe": -9000000.0,
        "Other Special Charges": 29000000.0,
        "Restructuring And Mergern Acquisition": 43000000.0,
        "Earnings From Equity Interest": -127000000.0,
        "Gain On Sale Of Security": 20000000.0,
        "Net Non Operating Interest Income Expense": -1263000000.0,
        "Interest Expense Non Operating": 1263000000.0,
        "Operating Income": 3360000000.0,
        "Operating Expense": 4417000000.0,
        "Other Operating Expenses": 1126000000.0,
        "Depreciation Amortization Depletion Income Statement": 2176000000.0,
        "Depreciation And Amortization In Income Statement": 2176000000.0,
        "Selling General And Administration": 1115000000.0,
        "Selling And Marketing Expense": 958000000.0,
        "General And Administrative Expense": 157000000.0,
        "Salaries And Wages": 157000000.0,
        "Gross Profit": 7777000000.0,
        "Cost Of Revenue": 5989000000.0,
        "Total Revenue": 13766000000.0,
        "Operating Revenue": 12927000000.0
    },
    "2025-09-30": {
        "Tax Effect Of Unusual Items": -43873125.720877,
        "Tax Rate For Calcs": 0.241061,
        "Normalized EBITDA": 5344000000.0,
        "Total Unusual Items": -182000000.0,
        "Total Unusual Items Excluding Goodwill": -182000000.0,
        "Net Income From Continuing Operation Net Minority Interest": 1137000000.0,
        "Reconciled Depreciation": 2160000000.0,
        "Reconciled Cost Of Revenue": 6003000000.0,
        "EBITDA": 5162000000.0,
        "EBIT": 3002000000.0,
        "Net Interest Income": -1268000000.0,
        "Interest Expense": 1268000000.0,
        "Normalized Income": 1275126874.279123,
        "Net Income From Continuing And Discontinued Operation": 1137000000.0,
        "Total Expenses": 10422000000.0,
        "Total Operating Income As Reported": 3131000000.0,
        "Diluted Average Shares": 136395133.0,
        "Basic Average Shares": 133763886.0,
        "Diluted EPS": 8.34,
        "Basic EPS": 8.5,
        "Diluted NI Availto Com Stockholders": 1137000000.0,
        "Net Income Common Stockholders": 1137000000.0,
        "Net Income": 1137000000.0,
        "Minority Interests": -179000000.0,
        "Net Income Including Noncontrolling Interests": 1316000000.0,
        "Net Income Continuous Operations": 1316000000.0,
        "Tax Provision": 418000000.0,
        "Pretax Income": 1734000000.0,
        "Other Income Expense": -248000000.0,
        "Other Non Operating Income Expenses": 12000000.0,
        "Special Income Charges": -147000000.0,
        "Gain On Sale Of Ppe": -19000000.0,
        "Other Special Charges": 107000000.0,
        "Restructuring And Mergern Acquisition": 21000000.0,
        "Earnings From Equity Interest": -78000000.0,
        "Gain On Sale Of Security": -35000000.0,
        "Net Non Operating Interest Income Expense": -1268000000.0,
        "Interest Expense Non Operating": 1268000000.0,
        "Operating Income": 3250000000.0,
        "Operating Expense": 4419000000.0,
        "Other Operating Expenses": 1132000000.0,
        "Depreciation Amortization Depletion Income Statement": 2160000000.0,
        "Depreciation And Amortization In Income Statement": 2160000000.0,
        "Selling General And Administration": 1127000000.0,
        "Selling And Marketing Expense": 976000000.0,
        "General And Administrative Expense": 151000000.0,
        "Salaries And Wages": 151000000.0,
        "Gross Profit": 7669000000.0,
        "Cost Of Revenue": 6003000000.0,
        "Total Revenue": 13672000000.0,
        "Operating Revenue": 12836000000.0
    },
    "2025-12-31": {
        "Tax Effect Of Unusual Items": -8465068.842427,
        "Tax Rate For Calcs": 0.211627,
        "Normalized EBITDA": 5465000000.0,
        "Total Unusual Items": -40000000.0,
        "Total Unusual Items Excluding Goodwill": -40000000.0,
        "Net Income From Continuing Operation Net Minority Interest": 1332000000.0,
        "Reconciled Depreciation": 2194000000.0,
        "Reconciled Cost Of Revenue": 5852000000.0,
        "EBITDA": 5425000000.0,
        "EBIT": 3231000000.0,
        "Net Interest Income": -1270000000.0,
        "Interest Expense": 1270000000.0,
        "Normalized Income": 1363534931.157573,
        "Net Income From Continuing And Discontinued Operation": 1332000000.0,
        "Total Expenses": 10247000000.0,
        "Total Operating Income As Reported": 3261000000.0,
        "Diluted Average Shares": 128927643.0,
        "Basic Average Shares": 127233218.0,
        "Diluted EPS": 10.34,
        "Basic EPS": 10.47,
        "Diluted NI Availto Com Stockholders": 1332000000.0,
        "Net Income Common Stockholders": 1332000000.0,
        "Net Income": 1332000000.0,
        "Minority Interests": -214000000.0,
        "Net Income Including Noncontrolling Interests": 1546000000.0,
        "Net Income Continuous Operations": 1546000000.0,
        "Tax Provision": 415000000.0,
        "Pretax Income": 1961000000.0,
        "Other Income Expense": -123000000.0,
        "Other Non Operating Income Expenses": -8000000.0,
        "Special Income Charges": -93000000.0,
        "Gain On Sale Of Ppe": -11000000.0,
        "Other Special Charges": 18000000.0,
        "Restructuring And Mergern Acquisition": 64000000.0,
        "Earnings From Equity Interest": -75000000.0,
        "Gain On Sale Of Security": 53000000.0,
        "Net Non Operating Interest Income Expense": -1270000000.0,
        "Interest Expense Non Operating": 1270000000.0,
        "Operating Income": 3354000000.0,
        "Operating Expense": 4395000000.0,
        "Other Operating Expenses": 1159000000.0,
        "Depreciation Amortization Depletion Income Statement": 2194000000.0,
        "Depreciation And Amortization In Income Statement": 2194000000.0,
        "Selling General And Administration": 1042000000.0,
        "Selling And Marketing Expense": 899000000.0,
        "General And Administrative Expense": 143000000.0,
        "Salaries And Wages": 143000000.0,
        "Gross Profit": 7749000000.0,
        "Cost Of Revenue": 5852000000.0,
        "Total Revenue": 13601000000.0,
        "Operating Revenue": 12658000000.0
    }
}