{
    "2023-04-30": {
        "Tax Effect Of Unusual Items": NaN,
        "Tax Rate For Calcs": NaN,
        "Normalized EBITDA": NaN,
        "Total Unusual Items": NaN,
        "Total Unusual Items Excluding Goodwill": NaN,
        "Net Income From Continuing Operation Net Minority Interest": NaN,
        "Reconciled Depreciation": NaN,
        "Reconciled Cost Of Revenue": NaN,
        "EBITDA": NaN,
        "EBIT": NaN,
        "Net Interest Income": NaN,
        "Interest Expense": NaN,
        "Interest Income": NaN,
        "Normalized Income": NaN,
        "Net Income From Continuing And Discontinued Operation": NaN,
        "Total Expenses": NaN,
        "Total Operating Income As Reported": NaN,
        "Diluted Average Shares": 430471000.0,
        "Basic Average Shares": 426852000.0,
        "Diluted EPS": 0.05,
        "Basic EPS": 0.05,
        "Diluted NI Availto Com Stockholders": NaN,
        "Net Income Common Stockholders": NaN,
        "Net Income": NaN,
        "Net Income Including Noncontrolling Interests": NaN,
        "Net Income Continuous Operations": NaN,
        "Tax Provision": NaN,
        "Pretax Income": NaN,
        "Other Income Expense": NaN,
        "Other Non Operating Income Expenses": NaN,
        "Gain On Sale Of Security": NaN,
        "Net Non Operating Interest Income Expense": NaN,
        "Interest Expense Non Operating": NaN,
        "Interest Income Non Operating": NaN,
        "Operating Income": NaN,
        "Operating Expense": NaN,
        "Selling General And Administration": NaN,
        "Selling And Marketing Expense": NaN,
        "General And Administrative Expense": NaN,
        "Other Gand A": NaN,
        "Gross Profit": NaN,
        "Cost Of Revenue": NaN,
        "Total Revenue": NaN,
        "Operating Revenue": NaN
    },
    "2023-01-31": {
        "Tax Effect Of Unusual Items": NaN,
        "Tax Rate For Calcs": NaN,
        "Normalized EBITDA": NaN,
        "Total Unusual Items": NaN,
        "Total Unusual Items Excluding Goodwill": NaN,
        "Net Income From Continuing Operation Net Minority Interest": NaN,
        "Reconciled Depreciation": NaN,
        "Reconciled Cost Of Revenue": NaN,
        "EBITDA": NaN,
        "EBIT": NaN,
        "Net Interest Income": NaN,
        "Interest Expense": NaN,
        "Interest Income": NaN,
        "Normalized Income": NaN,
        "Net Income From Continuing And Discontinued Operation": NaN,
        "Total Expenses": NaN,
        "Total Operating Income As Reported": NaN,
        "Diluted Average Shares": NaN,
        "Basic Average Shares": NaN,
        "Diluted EPS": NaN,
        "Basic EPS": NaN,
        "Diluted NI Availto Com Stockholders": NaN,
        "Net Income Common Stockholders": NaN,
        "Net Income": NaN,
        "Net Income Including Noncontrolling Interests": NaN,
        "Net Income Continuous Operations": NaN,
        "Tax Provision": NaN,
        "Pretax Income": NaN,
        "Other Income Expense": NaN,
        "Other Non Operating Income Expenses": NaN,
        "Gain On Sale Of Security": NaN,
        "Net Non Operating Interest Income Expense": NaN,
        "Total Other Finance Cost": -6200000.0,
        "Interest Expense Non Operating": NaN,
        "Interest Income Non Operating": NaN,
        "Operating Income": NaN,
        "Operating Expense": NaN,
        "Selling General And Administration": NaN,
        "Selling And Marketing Expense": NaN,
        "General And Administrative Expense": NaN,
        "Other Gand A": NaN,
        "Gross Profit": NaN,
        "Cost Of Revenue": NaN,
        "Total Revenue": NaN,
        "Operating Revenue": NaN
    },
    "2022-10-31": {
        "Tax Effect Of Unusual Items": NaN,
        "Tax Rate For Calcs": NaN,
        "Normalized EBITDA": NaN,
        "Total Unusual Items": NaN,
        "Total Unusual Items Excluding Goodwill": NaN,
        "Net Income From Continuing Operation Net Minority Interest": NaN,
        "Reconciled Depreciation": NaN,
        "Reconciled Cost Of Revenue": NaN,
        "EBITDA": NaN,
        "EBIT": NaN,
        "Net Interest Income": NaN,
        "Interest Expense": NaN,
        "Interest Income": NaN,
        "Normalized Income": NaN,
        "Net Income From Continuing And Discontinued Operation": NaN,
        "Total Expenses": NaN,
        "Total Operating Income As Reported": NaN,
        "Diluted Average Shares": 428125000.0,
        "Basic Average Shares": 422898000.0,
        "Diluted EPS": 0.01,
        "Basic EPS": 0.01,
        "Diluted NI Availto Com Stockholders": NaN,
        "Net Income Common Stockholders": NaN,
        "Net Income": NaN,
        "Net Income Including Noncontrolling Interests": NaN,
        "Net Income Continuous Operations": NaN,
        "Tax Provision": NaN,
        "Pretax Income": NaN,
        "Other Income Expense": NaN,
        "Other Non Operating Income Expenses": NaN,
        "Gain On Sale Of Security": NaN,
        "Net Non Operating Interest Income Expense": NaN,
        "Total Other Finance Cost": -2745000.0,
        "Interest Expense Non Operating": NaN,
        "Interest Income Non Operating": NaN,
        "Operating Income": NaN,
        "Operating Expense": NaN,
        "Selling General And Administration": NaN,
        "Selling And Marketing Expense": NaN,
        "General And Administrative Expense": NaN,
        "Other Gand A": NaN,
        "Gross Profit": NaN,
        "Cost Of Revenue": NaN,
        "Total Revenue": NaN,
        "Operating Revenue": NaN
    },
    "2022-07-31": {
        "Tax Effect Of Unusual Items": 0.0,
        "Tax Rate For Calcs": 0.0,
        "Normalized EBITDA": 41993000.0,
        "Total Unusual Items": NaN,
        "Total Unusual Items Excluding Goodwill": NaN,
        "Net Income From Continuing Operation Net Minority Interest": 22345000.0,
        "Reconciled Depreciation": 20338000.0,
        "Reconciled Cost Of Revenue": 1748214000.0,
        "EBITDA": 41993000.0,
        "EBIT": 21655000.0,
        "Net Interest Income": 690000.0,
        "Interest Expense": NaN,
        "Interest Income": NaN,
        "Normalized Income": 22345000.0,
        "Net Income From Continuing And Discontinued Operation": 22345000.0,
        "Total Expenses": 2409356000.0,
        "Total Operating Income As Reported": 21655000.0,
        "Diluted Average Shares": 426833000.0,
        "Basic Average Shares": 421690000.0,
        "Diluted EPS": 0.05,
        "Basic EPS": 0.05,
        "Diluted NI Availto Com Stockholders": 22345000.0,
        "Net Income Common Stockholders": 22345000.0,
        "Net Income": 22345000.0,
        "Net Income Including Noncontrolling Interests": 22345000.0,
        "Net Income Continuous Operations": 22345000.0,
        "Tax Provision": 0.0,
        "Pretax Income": 22345000.0,
        "Other Income Expense": NaN,
        "Gain On Sale Of Security": NaN,
        "Net Non Operating Interest Income Expense": 690000.0,
        "Total Other Finance Cost": -690000.0,
        "Interest Expense Non Operating": NaN,
        "Interest Income Non Operating": NaN,
        "Operating Income": 21655000.0,
        "Operating Expense": 661142000.0,
        "Selling General And Administration": 661142000.0,
        "Selling And Marketing Expense": 144159000.0,
        "General And Administrative Expense": 516983000.0,
        "Other Gand A": 516983000.0,
        "Gross Profit": 682797000.0,
        "Cost Of Revenue": 1748214000.0,
        "Total Revenue": 2431011000.0,
        "Operating Revenue": 2003636000.0
    },
    "2022-04-30": {
        "Diluted EPS": 0.04,
        "Total Revenue": NaN,
        "Gross Profit": 668,
        "Operating Income": 19,
        "EBIT": 36,
        "Net Income": 18
    },
    "2022-01-31": {
        "Diluted EPS": -0.15,
        "Total Revenue": NaN,
        "Gross Profit": 606,
        "Operating Income": -63,
        "EBIT": -46,
        "Net Income": -64
    },
    "2021-10-31": {
        "Diluted EPS": -0.08,
        "Total Revenue": NaN,
        "Gross Profit": 585,
        "Operating Income": -32,
        "EBIT": -18,
        "Net Income": -32
    },
    "2021-07-31": {
        "Diluted EPS": -0.04,
        "Total Revenue": NaN,
        "Gross Profit": 593,
        "Operating Income": -16,
        "EBIT": -3,
        "Net Income": -17
    },
    "2021-04-30": {
        "Diluted EPS": 0.09,
        "Total Revenue": NaN,
        "Gross Profit": 590,
        "Operating Income": 39,
        "EBIT": 51,
        "Net Income": 39
    },
    "2021-01-31": {
        "Diluted EPS": 0.05,
        "Total Revenue": NaN,
        "Gross Profit": 554,
        "Operating Income": 22,
        "EBIT": 33,
        "Net Income": 21
    },
    "2020-10-31": {
        "Diluted EPS": -0.08,
        "Total Revenue": NaN,
        "Gross Profit": 455,
        "Operating Income": -32,
        "EBIT": -23,
        "Net Income": -33
    },
    "2020-07-31": {
        "Diluted EPS": -0.08,
        "Total Revenue": NaN,
        "Gross Profit": 433,
        "Operating Income": -32,
        "EBIT": -24,
        "Net Income": -33
    },
    "2020-04-30": {
        "Diluted EPS": -0.12,
        "Total Revenue": NaN,
        "Gross Profit": 379,
        "Operating Income": -47,
        "EBIT": -40,
        "Net Income": -48
    },
    "2020-01-31": {
        "Diluted EPS": -0.14,
        "Total Revenue": NaN,
        "Gross Profit": 326,
        "Operating Income": -61,
        "EBIT": -53,
        "Net Income": -61
    },
    "2019-10-31": {
        "Diluted EPS": -0.2,
        "Total Revenue": NaN,
        "Gross Profit": 292,
        "Operating Income": -79,
        "EBIT": -71,
        "Net Income": -79
    },
    "2019-07-31": {
        "Diluted EPS": -0.21,
        "Total Revenue": NaN,
        "Gross Profit": 272,
        "Operating Income": -83,
        "EBIT": -75,
        "Net Income": -83
    },
    "2019-04-30": {
        "Diluted EPS": -0.08,
        "Total Revenue": NaN,
        "Gross Profit": 254,
        "Operating Income": -30,
        "EBIT": -23,
        "Net Income": -30
    },
    "2019-01-31": {
        "Diluted EPS": -0.17,
        "Total Revenue": NaN,
        "Gross Profit": 227,
        "Operating Income": -66,
        "EBIT": -57,
        "Net Income": -66
    },
    "2018-10-31": {
        "Diluted EPS": -0.2,
        "Total Revenue": 876,
        "Gross Profit": 172,
        "Operating Income": -78,
        "EBIT": -70,
        "Net Income": -79
    },
    "2018-07-31": {
        "Diluted EPS": -0.16,
        "Total Revenue": 806,
        "Gross Profit": 166,
        "Operating Income": -63,
        "EBIT": -55,
        "Net Income": -63
    },
    "2018-04-30": {
        "Diluted EPS": -0.15,
        "Total Revenue": 763,
        "Gross Profit": 150,
        "Operating Income": -60,
        "EBIT": -53,
        "Net Income": -60
    },
    "2018-01-31": {
        "Diluted EPS": 0.0,
        "Total Revenue": NaN,
        "Gross Profit": NaN,
        "Operating Income": NaN,
        "EBIT": NaN,
        "Net Income": NaN
    },
    "2023-07-31": {
        "Tax Effect Of Unusual Items": NaN,
        "Tax Rate For Calcs": NaN,
        "Normalized EBITDA": NaN,
        "Total Unusual Items": NaN,
        "Total Unusual Items Excluding Goodwill": NaN,
        "Net Income From Continuing Operation Net Minority Interest": NaN,
        "Reconciled Depreciation": NaN,
        "Reconciled Cost Of Revenue": NaN,
        "EBITDA": NaN,
        "EBIT": NaN,
        "Net Interest Income": NaN,
        "Interest Expense": NaN,
        "Interest Income": NaN,
        "Normalized Income": NaN,
        "Net Income From Continuing And Discontinued Operation": NaN,
        "Total Expenses": NaN,
        "Total Operating Income As Reported": NaN,
        "Diluted Average Shares": 431576000.0,
        "Basic Average Shares": 428618000.0,
        "Diluted EPS": 0.05,
        "Basic EPS": 0.05,
        "Diluted NI Availto Com Stockholders": NaN,
        "Net Income Common Stockholders": NaN,
        "Net Income": NaN,
        "Net Income Including Noncontrolling Interests": NaN,
        "Net Income Continuous Operations": NaN,
        "Tax Provision": NaN,
        "Pretax Income": NaN,
        "Other Income Expense": NaN,
        "Other Non Operating Income Expenses": NaN,
        "Gain On Sale Of Security": NaN,
        "Net Non Operating Interest Income Expense": NaN,
        "Interest Expense Non Operating": NaN,
        "Interest Income Non Operating": NaN,
        "Operating Income": NaN,
        "Operating Expense": NaN,
        "Selling General And Administration": NaN,
        "Selling And Marketing Expense": NaN,
        "General And Administrative Expense": NaN,
        "Other Gand A": NaN,
        "Gross Profit": NaN,
        "Cost Of Revenue": NaN,
        "Total Revenue": NaN,
        "Operating Revenue": NaN
    },
    "2023-10-31": {
        "Tax Effect Of Unusual Items": NaN,
        "Tax Rate For Calcs": NaN,
        "Normalized EBITDA": NaN,
        "Total Unusual Items": NaN,
        "Total Unusual Items Excluding Goodwill": NaN,
        "Net Income From Continuing Operation Net Minority Interest": NaN,
        "Reconciled Depreciation": NaN,
        "Reconciled Cost Of Revenue": NaN,
        "EBITDA": NaN,
        "EBIT": NaN,
        "Net Interest Income": NaN,
        "Interest Expense": NaN,
        "Interest Income": NaN,
        "Normalized Income": NaN,
        "Net Income From Continuing And Discontinued Operation": NaN,
        "Total Expenses": NaN,
        "Total Operating Income As Reported": NaN,
        "Diluted Average Shares": 430758000.0,
        "Basic Average Shares": 430758000.0,
        "Diluted EPS": -0.08,
        "Basic EPS": -0.08,
        "Diluted NI Availto Com Stockholders": NaN,
        "Net Income Common Stockholders": NaN,
        "Net Income": NaN,
        "Net Income Including Noncontrolling Interests": NaN,
        "Net Income Continuous Operations": NaN,
        "Tax Provision": NaN,
        "Pretax Income": NaN,
        "Other Income Expense": NaN,
        "Other Non Operating Income Expenses": NaN,
        "Gain On Sale Of Security": NaN,
        "Net Non Operating Interest Income Expense": NaN,
        "Interest Expense Non Operating": NaN,
        "Interest Income Non Operating": NaN,
        "Operating Income": NaN,
        "Operating Expense": NaN,
        "Selling General And Administration": NaN,
        "Selling And Marketing Expense": NaN,
        "General And Administrative Expense": NaN,
        "Other Gand A": NaN,
        "Gross Profit": NaN,
        "Cost Of Revenue": NaN,
        "Total Revenue": NaN,
        "Operating Revenue": NaN
    },
    "2024-01-31": {
        "Tax Effect Of Unusual Items": 3234254.228574,
        "Tax Rate For Calcs": 0.119248,
        "Normalized EBITDA": 40225000.0,
        "Total Unusual Items": 27122000.0,
        "Total Unusual Items Excluding Goodwill": 27122000.0,
        "Net Income From Continuing Operation Net Minority Interest": 34263000.0,
        "Reconciled Depreciation": 27498000.0,
        "Reconciled Cost Of Revenue": 2044136000.0,
        "EBITDA": 67347000.0,
        "EBIT": 39849000.0,
        "Net Interest Income": 31384000.0,
        "Interest Expense": 947000.0,
        "Interest Income": 32331000.0,
        "Normalized Income": 10375254.228574,
        "Net Income From Continuing And Discontinued Operation": 34263000.0,
        "Total Expenses": 2866269000.0,
        "Total Operating Income As Reported": -19604000.0,
        "Diluted Average Shares": NaN,
        "Basic Average Shares": NaN,
        "Diluted EPS": NaN,
        "Basic EPS": NaN,
        "Diluted NI Availto Com Stockholders": 34263000.0,
        "Net Income Common Stockholders": 34263000.0,
        "Net Income": 34263000.0,
        "Net Income Including Noncontrolling Interests": 34263000.0,
        "Net Income Continuous Operations": 34263000.0,
        "Tax Provision": 4639000.0,
        "Pretax Income": 38902000.0,
        "Other Income Expense": 27122000.0,
        "Other Non Operating Income Expenses": NaN,
        "Gain On Sale Of Security": 27122000.0,
        "Net Non Operating Interest Income Expense": 31384000.0,
        "Interest Expense Non Operating": 947000.0,
        "Interest Income Non Operating": 32331000.0,
        "Operating Income": -19604000.0,
        "Operating Expense": 822133000.0,
        "Selling General And Administration": 822133000.0,
        "Selling And Marketing Expense": 194036000.0,
        "General And Administrative Expense": 628097000.0,
        "Other Gand A": 628097000.0,
        "Gross Profit": 802529000.0,
        "Cost Of Revenue": 2044136000.0,
        "Total Revenue": 2846665000.0,
        "Operating Revenue": 2336816000.0
    },
    "2024-04-30": {
        "Tax Effect Of Unusual Items": NaN,
        "Tax Rate For Calcs": NaN,
        "Normalized EBITDA": NaN,
        "Total Unusual Items": NaN,
        "Total Unusual Items Excluding Goodwill": NaN,
        "Net Income From Continuing Operation Net Minority Interest": NaN,
        "Reconciled Depreciation": NaN,
        "Reconciled Cost Of Revenue": NaN,
        "EBITDA": NaN,
        "EBIT": NaN,
        "Net Interest Income": NaN,
        "Interest Expense": NaN,
        "Interest Income": NaN,
        "Normalized Income": NaN,
        "Net Income From Continuing And Discontinued Operation": NaN,
        "Total Expenses": NaN,
        "Total Operating Income As Reported": NaN,
        "Diluted Average Shares": NaN,
        "Basic Average Shares": NaN,
        "Diluted EPS": NaN,
        "Basic EPS": NaN,
        "Diluted NI Availto Com Stockholders": NaN,
        "Net Income Common Stockholders": NaN,
        "Net Income": NaN,
        "Net Income Including Noncontrolling Interests": NaN,
        "Net Income Continuous Operations": NaN,
        "Tax Provision": NaN,
        "Pretax Income": NaN,
        "Other Income Expense": NaN,
        "Other Non Operating Income Expenses": 500000.0,
        "Gain On Sale Of Security": NaN,
        "Net Non Operating Interest Income Expense": NaN,
        "Interest Expense Non Operating": NaN,
        "Interest Income Non Operating": NaN,
        "Operating Income": NaN,
        "Operating Expense": NaN,
        "Selling General And Administration": NaN,
        "Selling And Marketing Expense": NaN,
        "General And Administrative Expense": NaN,
        "Other Gand A": NaN,
        "Gross Profit": NaN,
        "Cost Of Revenue": NaN,
        "Total Revenue": NaN,
        "Operating Revenue": NaN
    },
    "2024-07-31": {
        "Tax Effect Of Unusual Items": NaN,
        "Tax Rate For Calcs": NaN,
        "Normalized EBITDA": NaN,
        "Total Unusual Items": 1500000.0,
        "Total Unusual Items Excluding Goodwill": 1500000.0,
        "Net Income From Continuing Operation Net Minority Interest": NaN,
        "Reconciled Depreciation": NaN,
        "Reconciled Cost Of Revenue": NaN,
        "EBITDA": NaN,
        "EBIT": NaN,
        "Net Interest Income": NaN,
        "Interest Expense": NaN,
        "Interest Income": NaN,
        "Normalized Income": NaN,
        "Net Income From Continuing And Discontinued Operation": NaN,
        "Total Expenses": NaN,
        "Total Operating Income As Reported": NaN,
        "Diluted Average Shares": NaN,
        "Basic Average Shares": NaN,
        "Diluted EPS": NaN,
        "Basic EPS": NaN,
        "Diluted NI Availto Com Stockholders": NaN,
        "Net Income Common Stockholders": NaN,
        "Net Income": NaN,
        "Net Income Including Noncontrolling Interests": NaN,
        "Net Income Continuous Operations": NaN,
        "Tax Provision": NaN,
        "Pretax Income": NaN,
        "Other Income Expense": NaN,
        "Other Non Operating Income Expenses": 504000.0,
        "Gain On Sale Of Security": 1500000.0,
        "Net Non Operating Interest Income Expense": NaN,
        "Interest Expense Non Operating": NaN,
        "Interest Income Non Operating": NaN,
        "Operating Income": NaN,
        "Operating Expense": NaN,
        "Selling General And Administration": NaN,
        "Selling And Marketing Expense": NaN,
        "General And Administrative Expense": NaN,
        "Other Gand A": NaN,
        "Gross Profit": NaN,
        "Cost Of Revenue": NaN,
        "Total Revenue": NaN,
        "Operating Revenue": NaN
    },
    "2024-10-31": {
        "Tax Effect Of Unusual Items": -105000.0,
        "Tax Rate For Calcs": 0.21,
        "Normalized EBITDA": 60200000.0,
        "Total Unusual Items": -500000.0,
        "Total Unusual Items Excluding Goodwill": -500000.0,
        "Net Income From Continuing Operation Net Minority Interest": 3900000.0,
        "Reconciled Depreciation": 28900000.0,
        "Reconciled Cost Of Revenue": 2033700000.0,
        "EBITDA": 59700000.0,
        "EBIT": 30800000.0,
        "Net Interest Income": 3900000.0,
        "Interest Expense": 1300000.0,
        "Interest Income": 5200000.0,
        "Normalized Income": 4295000.0,
        "Net Income From Continuing And Discontinued Operation": 3900000.0,
        "Total Expenses": 2852000000.0,
        "Total Operating Income As Reported": 25600000.0,
        "Diluted Average Shares": 426600000.0,
        "Basic Average Shares": 414400000.0,
        "Diluted EPS": 0.01,
        "Basic EPS": 0.01,
        "Diluted NI Availto Com Stockholders": 3900000.0,
        "Net Income Common Stockholders": 3900000.0,
        "Net Income": 3900000.0,
        "Net Income Including Noncontrolling Interests": 3900000.0,
        "Net Income Continuous Operations": 3900000.0,
        "Tax Provision": 25600000.0,
        "Pretax Income": 29500000.0,
        "Other Income Expense": -36000.0,
        "Other Non Operating Income Expenses": 500000.0,
        "Gain On Sale Of Security": -500000.0,
        "Net Non Operating Interest Income Expense": 3900000.0,
        "Interest Expense Non Operating": 1300000.0,
        "Interest Income Non Operating": 5200000.0,
        "Operating Income": 25600000.0,
        "Operating Expense": 818300000.0,
        "Selling General And Administration": 818300000.0,
        "Selling And Marketing Expense": 191800000.0,
        "General And Administrative Expense": 626500000.0,
        "Other Gand A": 626500000.0,
        "Gross Profit": 843900000.0,
        "Cost Of Revenue": 2033700000.0,
        "Total Revenue": 2877600000.0,
        "Operating Revenue": 2339700000.0
    },
    "2025-01-31": {
        "Tax Effect Of Unusual Items": 580020.0,
        "Tax Rate For Calcs": 0.21,
        "Normalized EBITDA": 24985000.0,
        "Total Unusual Items": 2762000.0,
        "Total Unusual Items Excluding Goodwill": 2762000.0,
        "Net Income From Continuing Operation Net Minority Interest": 22792000.0,
        "Reconciled Depreciation": 29121000.0,
        "Reconciled Cost Of Revenue": 2321383000.0,
        "EBITDA": 27747000.0,
        "EBIT": -1374000.0,
        "Net Interest Income": 3723000.0,
        "Interest Expense": 1323000.0,
        "Interest Income": 5046000.0,
        "Normalized Income": 20610020.0,
        "Net Income From Continuing And Discontinued Operation": 22792000.0,
        "Total Expenses": 3257098000.0,
        "Total Operating Income As Reported": -9712000.0,
        "Diluted Average Shares": 424125000.0,
        "Basic Average Shares": 407834000.0,
        "Diluted EPS": 0.05,
        "Basic EPS": 0.06,
        "Diluted NI Availto Com Stockholders": 22792000.0,
        "Net Income Common Stockholders": 22792000.0,
        "Net Income": 22792000.0,
        "Net Income Including Noncontrolling Interests": 22792000.0,
        "Net Income Continuous Operations": 22792000.0,
        "Tax Provision": -25489000.0,
        "Pretax Income": -2697000.0,
        "Other Income Expense": 3292000.0,
        "Other Non Operating Income Expenses": 530000.0,
        "Gain On Sale Of Security": 2762000.0,
        "Net Non Operating Interest Income Expense": 3723000.0,
        "Interest Expense Non Operating": 1323000.0,
        "Interest Income Non Operating": 5046000.0,
        "Operating Income": -9712000.0,
        "Operating Expense": 935715000.0,
        "Selling General And Administration": 935715000.0,
        "Selling And Marketing Expense": 235010000.0,
        "General And Administrative Expense": 700705000.0,
        "Other Gand A": 700705000.0,
        "Gross Profit": 926003000.0,
        "Cost Of Revenue": 2321383000.0,
        "Total Revenue": 3247386000.0,
        "Operating Revenue": 2655128000.0
    },
    "2025-04-30": {
        "Tax Effect Of Unusual Items": -537227.214377,
        "Tax Rate For Calcs": 0.198973,
        "Normalized EBITDA": 111900000.0,
        "Total Unusual Items": -2700000.0,
        "Total Unusual Items Excluding Goodwill": -2700000.0,
        "Net Income From Continuing Operation Net Minority Interest": 62400000.0,
        "Reconciled Depreciation": 30000000.0,
        "Reconciled Cost Of Revenue": 2192200000.0,
        "EBITDA": 109200000.0,
        "EBIT": 79200000.0,
        "Net Interest Income": 3200000.0,
        "Interest Expense": 1300000.0,
        "Interest Income": 4500000.0,
        "Normalized Income": 64562772.785623,
        "Net Income From Continuing And Discontinued Operation": 62400000.0,
        "Total Expenses": 3039100000.0,
        "Total Operating Income As Reported": 76900000.0,
        "Diluted Average Shares": 425300000.0,
        "Basic Average Shares": 413700000.0,
        "Diluted EPS": 0.15,
        "Basic EPS": 0.15,
        "Diluted NI Availto Com Stockholders": 62400000.0,
        "Net Income Common Stockholders": 62400000.0,
        "Net Income": 62400000.0,
        "Net Income Including Noncontrolling Interests": 62400000.0,
        "Net Income Continuous Operations": 62400000.0,
        "Tax Provision": 15500000.0,
        "Pretax Income": 77900000.0,
        "Other Income Expense": -2200000.0,
        "Other Non Operating Income Expenses": 500000.0,
        "Gain On Sale Of Security": -2700000.0,
        "Net Non Operating Interest Income Expense": 3200000.0,
        "Interest Expense Non Operating": 1300000.0,
        "Interest Income Non Operating": 4500000.0,
        "Operating Income": 76900000.0,
        "Operating Expense": 846900000.0,
        "Selling General And Administration": 846900000.0,
        "Selling And Marketing Expense": 193800000.0,
        "General And Administrative Expense": 653100000.0,
        "Other Gand A": 653100000.0,
        "Gross Profit": 923800000.0,
        "Cost Of Revenue": 2192200000.0,
        "Total Revenue": 3116000000.0,
        "Operating Revenue": 2520100000.0
    },
    "2025-07-31": {
        "Tax Effect Of Unusual Items": 64864.864865,
        "Tax Rate For Calcs": 0.162162,
        "Normalized EBITDA": 107100000.0,
        "Total Unusual Items": 400000.0,
        "Total Unusual Items Excluding Goodwill": 400000.0,
        "Net Income From Continuing Operation Net Minority Interest": 62000000.0,
        "Reconciled Depreciation": 32100000.0,
        "Reconciled Cost Of Revenue": 2162000000.0,
        "EBITDA": 107500000.0,
        "EBIT": 75400000.0,
        "Net Interest Income": 3900000.0,
        "Interest Expense": 1400000.0,
        "Interest Income": 5300000.0,
        "Normalized Income": 61664864.864865,
        "Net Income From Continuing And Discontinued Operation": 62000000.0,
        "Total Expenses": 3034500000.0,
        "Total Operating Income As Reported": 69700000.0,
        "Diluted Average Shares": 428400000.0,
        "Basic Average Shares": 414200000.0,
        "Diluted EPS": 0.14,
        "Basic EPS": 0.15,
        "Diluted NI Availto Com Stockholders": 62000000.0,
        "Net Income Common Stockholders": 62000000.0,
        "Net Income": 62000000.0,
        "Net Income Including Noncontrolling Interests": 62000000.0,
        "Net Income Continuous Operations": 62000000.0,
        "Tax Provision": 12000000.0,
        "Pretax Income": 74000000.0,
        "Other Income Expense": 400000.0,
        "Other Non Operating Income Expenses": NaN,
        "Gain On Sale Of Security": 400000.0,
        "Net Non Operating Interest Income Expense": 3900000.0,
        "Interest Expense Non Operating": 1400000.0,
        "Interest Income Non Operating": 5300000.0,
        "Operating Income": 69700000.0,
        "Operating Expense": 872500000.0,
        "Selling General And Administration": 872500000.0,
        "Selling And Marketing Expense": 200600000.0,
        "General And Administrative Expense": 671900000.0,
        "Other Gand A": 671900000.0,
        "Gross Profit": 942200000.0,
        "Cost Of Revenue": 2162000000.0,
        "Total Revenue": 3104200000.0,
        "Operating Revenue": 2495500000.0
    },
    "2025-10-31": {
        "Tax Effect Of Unusual Items": 0.0,
        "Tax Rate For Calcs": 0.145743,
        "Normalized EBITDA": 103500000.0,
        "Total Unusual Items": NaN,
        "Total Unusual Items Excluding Goodwill": NaN,
        "Net Income From Continuing Operation Net Minority Interest": 59200000.0,
        "Reconciled Depreciation": 32800000.0,
        "Reconciled Cost Of Revenue": 2188400000.0,
        "EBITDA": 103500000.0,
        "EBIT": 70700000.0,
        "Net Interest Income": 3500000.0,
        "Interest Expense": 1400000.0,
        "Interest Income": 4900000.0,
        "Normalized Income": 59200000.0,
        "Net Income From Continuing And Discontinued Operation": 59200000.0,
        "Total Expenses": 3051400000.0,
        "Total Operating Income As Reported": 65200000.0,
        "Diluted Average Shares": 425500000.0,
        "Basic Average Shares": 414200000.0,
        "Diluted EPS": 0.14,
        "Basic EPS": 0.14,
        "Diluted NI Availto Com Stockholders": 59200000.0,
        "Net Income Common Stockholders": 59200000.0,
        "Net Income": 59200000.0,
        "Net Income Including Noncontrolling Interests": 59200000.0,
        "Net Income Continuous Operations": 59200000.0,
        "Tax Provision": 10100000.0,
        "Pretax Income": 69300000.0,
        "Other Income Expense": 600000.0,
        "Other Non Operating Income Expenses": 600000.0,
        "Gain On Sale Of Security": NaN,
        "Net Non Operating Interest Income Expense": 3500000.0,
        "Interest Expense Non Operating": 1400000.0,
        "Interest Income Non Operating": 4900000.0,
        "Operating Income": 65200000.0,
        "Operating Expense": 863000000.0,
        "Selling General And Administration": 863000000.0,
        "Selling And Marketing Expense": 197900000.0,
        "General And Administrative Expense": 665100000.0,
        "Other Gand A": 665100000.0,
        "Gross Profit": 928200000.0,
        "Cost Of Revenue": 2188400000.0,
        "Total Revenue": 3116600000.0,
        "Operating Revenue": 2524500000.0
    }
}