{
    "2023-03-31": {
        "Tax Effect Of Unusual Items": NaN,
        "Tax Rate For Calcs": NaN,
        "Total Unusual Items": NaN,
        "Total Unusual Items Excluding Goodwill": NaN,
        "Net Income From Continuing Operation Net Minority Interest": NaN,
        "Reconciled Depreciation": NaN,
        "Net Interest Income": NaN,
        "Interest Expense": NaN,
        "Interest Income": NaN,
        "Normalized Income": NaN,
        "Net Income From Continuing And Discontinued Operation": NaN,
        "Diluted Average Shares": NaN,
        "Basic Average Shares": NaN,
        "Diluted EPS": NaN,
        "Basic EPS": NaN,
        "Diluted NI Availto Com Stockholders": NaN,
        "Net Income Common Stockholders": NaN,
        "Preferred Stock Dividends": 799136000000.0,
        "Net Income": NaN,
        "Minority Interests": NaN,
        "Net Income Including Noncontrolling Interests": NaN,
        "Net Income Continuous Operations": NaN,
        "Tax Provision": NaN,
        "Pretax Income": NaN,
        "Special Income Charges": NaN,
        "Other Special Charges": -3290000000.0,
        "Write Off": NaN,
        "Gain On Sale Of Security": NaN,
        "Depreciation Amortization Depletion Income Statement": 249021000000.0,
        "Depreciation And Amortization In Income Statement": 249021000000.0,
        "Amortization": 45680000000.0,
        "Amortization Of Intangibles Income Statement": 45680000000.0,
        "Depreciation Income Statement": 203341000000.0,
        "Selling General And Administration": NaN,
        "Selling And Marketing Expense": 27596000000.0,
        "General And Administrative Expense": NaN,
        "Other Gand A": NaN,
        "Insurance And Claims": 184198000000.0,
        "Salaries And Wages": NaN,
        "Total Revenue": NaN,
        "Operating Revenue": NaN,
        "Other Non Interest Expense": NaN
    },
    "2022-12-31": {
        "Tax Effect Of Unusual Items": NaN,
        "Tax Rate For Calcs": NaN,
        "Total Unusual Items": NaN,
        "Total Unusual Items Excluding Goodwill": NaN,
        "Net Income From Continuing Operation Net Minority Interest": NaN,
        "Reconciled Depreciation": NaN,
        "Net Interest Income": NaN,
        "Interest Expense": NaN,
        "Interest Income": NaN,
        "Normalized Income": NaN,
        "Net Income From Continuing And Discontinued Operation": NaN,
        "Diluted Average Shares": 240456750.0,
        "Basic Average Shares": 240456750.0,
        "Diluted EPS": NaN,
        "Basic EPS": NaN,
        "Diluted NI Availto Com Stockholders": NaN,
        "Net Income Common Stockholders": NaN,
        "Preferred Stock Dividends": NaN,
        "Net Income": NaN,
        "Minority Interests": NaN,
        "Net Income Including Noncontrolling Interests": NaN,
        "Net Income Continuous Operations": NaN,
        "Tax Provision": NaN,
        "Pretax Income": NaN,
        "Special Income Charges": NaN,
        "Other Special Charges": NaN,
        "Write Off": NaN,
        "Gain On Sale Of Security": NaN,
        "Depreciation Amortization Depletion Income Statement": NaN,
        "Depreciation And Amortization In Income Statement": NaN,
        "Amortization": NaN,
        "Amortization Of Intangibles Income Statement": NaN,
        "Depreciation Income Statement": NaN,
        "Selling General And Administration": NaN,
        "Selling And Marketing Expense": NaN,
        "General And Administrative Expense": NaN,
        "Other Gand A": NaN,
        "Insurance And Claims": NaN,
        "Salaries And Wages": NaN,
        "Total Revenue": NaN,
        "Operating Revenue": NaN,
        "Other Non Interest Expense": NaN
    },
    "2022-09-30": {
        "Tax Effect Of Unusual Items": -78226825838.96002,
        "Tax Rate For Calcs": 0.334943,
        "Total Unusual Items": -233553000000.0,
        "Total Unusual Items Excluding Goodwill": -233553000000.0,
        "Net Income From Continuing Operation Net Minority Interest": 1629245000000.0,
        "Net Interest Income": 4455983000000.0,
        "Interest Expense": 2371478000000.0,
        "Interest Income": 6827461000000.0,
        "Normalized Income": 1784571174161.04,
        "Net Income From Continuing And Discontinued Operation": 1629245000000.0,
        "Diluted Average Shares": 240456750.0,
        "Basic Average Shares": 240456750.0,
        "Diluted EPS": 6775.62597,
        "Basic EPS": 6775.62597,
        "Diluted NI Availto Com Stockholders": 1629245000000.0,
        "Net Income Common Stockholders": 1629245000000.0,
        "Net Income": 1629245000000.0,
        "Minority Interests": -32606000000.0,
        "Net Income Including Noncontrolling Interests": 1661851000000.0,
        "Net Income Continuous Operations": 1661851000000.0,
        "Tax Provision": 836957000000.0,
        "Pretax Income": 2498808000000.0,
        "Special Income Charges": -267383000000.0,
        "Write Off": 267383000000.0,
        "Gain On Sale Of Security": 586488000000.0,
        "Selling General And Administration": 2211077000000.0,
        "General And Administrative Expense": 2211077000000.0,
        "Other Gand A": 1097306000000.0,
        "Salaries And Wages": 1113771000000.0,
        "Total Revenue": 6329105000000.0,
        "Operating Revenue": 6329105000000.0
    },
    "2022-06-30": {
        "Tax Effect Of Unusual Items": -56881347086.849,
        "Tax Rate For Calcs": 0.297307,
        "Total Unusual Items": -191322000000.0,
        "Total Unusual Items Excluding Goodwill": -191322000000.0,
        "Net Income From Continuing Operation Net Minority Interest": 1779695000000.0,
        "Net Interest Income": 3967848000000.0,
        "Interest Expense": 1639837000000.0,
        "Interest Income": 5607685000000.0,
        "Normalized Income": 1914135652913.1511,
        "Net Income From Continuing And Discontinued Operation": 1779695000000.0,
        "Diluted Average Shares": 240456750.0,
        "Basic Average Shares": 240456750.0,
        "Diluted EPS": 7401.310215,
        "Basic EPS": 7401.310215,
        "Diluted NI Availto Com Stockholders": 1779695000000.0,
        "Net Income Common Stockholders": 1779695000000.0,
        "Net Income": 1779695000000.0,
        "Minority Interests": -75145000000.0,
        "Net Income Including Noncontrolling Interests": 1854840000000.0,
        "Net Income Continuous Operations": 1854840000000.0,
        "Tax Provision": 784776000000.0,
        "Pretax Income": 2639616000000.0,
        "Special Income Charges": -223451000000.0,
        "Write Off": 223451000000.0,
        "Gain On Sale Of Security": 512724000000.0,
        "Selling General And Administration": 2084738000000.0,
        "General And Administrative Expense": 2084738000000.0,
        "Other Gand A": 1034220000000.0,
        "Salaries And Wages": 1050518000000.0,
        "Total Revenue": 5722347000000.0,
        "Operating Revenue": 5722347000000.0
    },
    "2022-03-31": {
        "Diluted EPS": 0.0,
        "Total Revenue": NaN,
        "Gross Profit": NaN,
        "Operating Income": 789,
        "EBIT": NaN,
        "Net Income": 520
    },
    "2021-12-31": {
        "Diluted EPS": 0.0,
        "Total Revenue": NaN,
        "Gross Profit": NaN,
        "Operating Income": 675,
        "EBIT": NaN,
        "Net Income": -134
    },
    "2021-09-30": {
        "Diluted EPS": 0.0,
        "Total Revenue": NaN,
        "Gross Profit": NaN,
        "Operating Income": 431,
        "EBIT": NaN,
        "Net Income": 283
    },
    "2021-06-30": {
        "Diluted EPS": 0.0,
        "Total Revenue": NaN,
        "Gross Profit": NaN,
        "Operating Income": 458,
        "EBIT": NaN,
        "Net Income": 347
    },
    "2021-03-31": {
        "Diluted EPS": 0.0,
        "Total Revenue": NaN,
        "Gross Profit": NaN,
        "Operating Income": 232,
        "EBIT": NaN,
        "Net Income": 163
    },
    "2020-12-31": {
        "Diluted EPS": 0.0,
        "Total Revenue": NaN,
        "Gross Profit": NaN,
        "Operating Income": -70,
        "EBIT": NaN,
        "Net Income": -110
    },
    "2020-09-30": {
        "Diluted EPS": 0.0,
        "Total Revenue": NaN,
        "Gross Profit": NaN,
        "Operating Income": 81,
        "EBIT": NaN,
        "Net Income": 84
    },
    "2020-06-30": {
        "Diluted EPS": 0.0,
        "Total Revenue": NaN,
        "Gross Profit": NaN,
        "Operating Income": -63,
        "EBIT": NaN,
        "Net Income": -22
    },
    "2020-03-31": {
        "Diluted EPS": 0.0,
        "Total Revenue": NaN,
        "Gross Profit": NaN,
        "Operating Income": 145,
        "EBIT": NaN,
        "Net Income": 101
    },
    "2019-12-31": {
        "Diluted EPS": 0.0,
        "Total Revenue": NaN,
        "Gross Profit": NaN,
        "Operating Income": 217,
        "EBIT": NaN,
        "Net Income": -290
    },
    "2019-09-30": {
        "Diluted EPS": 0.0,
        "Total Revenue": NaN,
        "Gross Profit": NaN,
        "Operating Income": 360,
        "EBIT": NaN,
        "Net Income": 264
    },
    "2019-06-30": {
        "Diluted EPS": 0.0,
        "Total Revenue": NaN,
        "Gross Profit": NaN,
        "Operating Income": 386,
        "EBIT": NaN,
        "Net Income": 281
    },
    "2019-03-31": {
        "Diluted EPS": 0.0,
        "Total Revenue": NaN,
        "Gross Profit": NaN,
        "Operating Income": 380,
        "EBIT": NaN,
        "Net Income": 250
    },
    "2018-12-31": {
        "Diluted EPS": 0.0,
        "Total Revenue": 747,
        "Gross Profit": 599,
        "Operating Income": 363,
        "EBIT": NaN,
        "Net Income": -176
    },
    "2018-09-30": {
        "Diluted EPS": 0.0,
        "Total Revenue": NaN,
        "Gross Profit": NaN,
        "Operating Income": 240,
        "EBIT": NaN,
        "Net Income": 163
    },
    "2018-06-30": {
        "Diluted EPS": 0.0,
        "Total Revenue": NaN,
        "Gross Profit": NaN,
        "Operating Income": 327,
        "EBIT": NaN,
        "Net Income": 237
    },
    "2018-03-31": {
        "Diluted EPS": 0.0,
        "Total Revenue": NaN,
        "Gross Profit": NaN,
        "Operating Income": 342,
        "EBIT": NaN,
        "Net Income": 209
    },
    "2017-12-31": {
        "Diluted EPS": 0.0,
        "Total Revenue": NaN,
        "Gross Profit": NaN,
        "Operating Income": 394,
        "EBIT": NaN,
        "Net Income": 271
    },
    "2017-09-30": {
        "Diluted EPS": 0.0,
        "Total Revenue": NaN,
        "Gross Profit": NaN,
        "Operating Income": 214,
        "EBIT": NaN,
        "Net Income": 135
    },
    "2017-06-30": {
        "Diluted EPS": 0.0,
        "Total Revenue": NaN,
        "Gross Profit": NaN,
        "Operating Income": 290,
        "EBIT": NaN,
        "Net Income": 196
    },
    "2017-03-31": {
        "Diluted EPS": 0.0,
        "Total Revenue": NaN,
        "Gross Profit": NaN,
        "Operating Income": 300,
        "EBIT": NaN,
        "Net Income": 183
    },
    "2016-12-31": {
        "Diluted EPS": 0.0,
        "Total Revenue": NaN,
        "Gross Profit": NaN,
        "Operating Income": 257,
        "EBIT": NaN,
        "Net Income": -55
    },
    "2016-09-30": {
        "Diluted EPS": 0.0,
        "Total Revenue": NaN,
        "Gross Profit": 979,
        "Operating Income": 308,
        "EBIT": NaN,
        "Net Income": 181
    },
    "2016-06-30": {
        "Diluted EPS": 0.0,
        "Total Revenue": NaN,
        "Gross Profit": NaN,
        "Operating Income": 332,
        "EBIT": NaN,
        "Net Income": 220
    },
    "2016-03-31": {
        "Diluted EPS": 0.0,
        "Total Revenue": NaN,
        "Gross Profit": 995,
        "Operating Income": 294,
        "EBIT": NaN,
        "Net Income": 119
    },
    "2015-12-31": {
        "Diluted EPS": 0.82,
        "Total Revenue": NaN,
        "Gross Profit": 325,
        "Operating Income": NaN,
        "EBIT": NaN,
        "Net Income": 197
    },
    "2015-09-30": {
        "Diluted EPS": 0.0,
        "Total Revenue": NaN,
        "Gross Profit": 846,
        "Operating Income": 213,
        "Net Income": 187
    },
    "2015-06-30": {
        "Diluted EPS": 1.12,
        "Total Revenue": NaN,
        "Gross Profit": NaN,
        "Operating Income": 429,
        "EBIT": NaN,
        "Net Income": 278
    },
    "2015-03-31": {
        "Diluted EPS": 1.04,
        "Total Revenue": NaN,
        "Gross Profit": 973,
        "Operating Income": 515,
        "EBIT": NaN,
        "Net Income": 250
    },
    "2014-12-31": {
        "Diluted EPS": 0.85,
        "Total Revenue": NaN,
        "Gross Profit": NaN,
        "Operating Income": 951,
        "EBIT": NaN,
        "Net Income": 205
    },
    "2014-09-30": {
        "Diluted EPS": 0.85,
        "Total Revenue": NaN,
        "Gross Profit": 994,
        "Operating Income": 133,
        "EBIT": NaN,
        "Net Income": 197
    },
    "2014-06-30": {
        "Diluted EPS": 1.08,
        "Total Revenue": NaN,
        "Gross Profit": NaN,
        "Operating Income": 364,
        "EBIT": NaN,
        "Net Income": 247
    },
    "2014-03-31": {
        "Diluted EPS": 1.18,
        "Total Revenue": NaN,
        "Gross Profit": NaN,
        "Operating Income": NaN,
        "EBIT": NaN,
        "Net Income": 264
    },
    "2013-12-31": {
        "Diluted EPS": 1.19,
        "Total Revenue": NaN,
        "Gross Profit": NaN,
        "Operating Income": 392,
        "EBIT": NaN,
        "Net Income": 264
    },
    "2013-09-30": {
        "Diluted EPS": 0.8,
        "Total Revenue": NaN,
        "Gross Profit": 985,
        "Operating Income": 234,
        "EBIT": NaN,
        "Net Income": 169
    },
    "2013-06-30": {
        "Diluted EPS": 0.52,
        "Total Revenue": NaN,
        "Gross Profit": 847,
        "Operating Income": 19,
        "EBIT": NaN,
        "Net Income": 111
    },
    "2013-03-31": {
        "Diluted EPS": 1.26,
        "Total Revenue": NaN,
        "Gross Profit": NaN,
        "Operating Income": 343,
        "EBIT": NaN,
        "Net Income": 270
    },
    "2012-12-31": {
        "Diluted EPS": 1.24,
        "Total Revenue": 931,
        "Gross Profit": 493,
        "Operating Income": 302,
        "EBIT": NaN,
        "Net Income": 257
    },
    "2012-09-30": {
        "Diluted EPS": 1.13,
        "Total Revenue": NaN,
        "Gross Profit": 940,
        "Operating Income": 155,
        "EBIT": NaN,
        "Net Income": 239
    },
    "2012-06-30": {
        "Diluted EPS": 0.93,
        "Total Revenue": NaN,
        "Gross Profit": 996,
        "Operating Income": 214,
        "EBIT": NaN,
        "Net Income": 199
    },
    "2012-03-31": {
        "Diluted EPS": 1.17,
        "Total Revenue": NaN,
        "Gross Profit": NaN,
        "Operating Income": 344,
        "EBIT": NaN,
        "Net Income": 253
    },
    "2011-12-31": {
        "Diluted EPS": 1.32,
        "Total Revenue": NaN,
        "Gross Profit": 744,
        "Operating Income": 171,
        "EBIT": NaN,
        "Net Income": 283
    },
    "2011-09-30": {
        "Diluted EPS": 1.12,
        "Total Revenue": NaN,
        "Gross Profit": 897,
        "Operating Income": 246,
        "EBIT": NaN,
        "Net Income": 223
    },
    "2011-06-30": {
        "Diluted EPS": 1.1,
        "Total Revenue": NaN,
        "Gross Profit": NaN,
        "Operating Income": NaN,
        "EBIT": NaN,
        "Net Income": 217
    },
    "2011-03-31": {
        "Diluted EPS": 0.95,
        "Total Revenue": 880,
        "Gross Profit": 660,
        "Operating Income": 98,
        "EBIT": NaN,
        "Net Income": 265
    },
    "2010-12-31": {
        "Diluted EPS": 1.14,
        "Total Revenue": 909,
        "Gross Profit": 748,
        "Operating Income": 438,
        "EBIT": NaN,
        "Net Income": 227
    },
    "2010-09-30": {
        "Diluted EPS": 1.06,
        "Total Revenue": 991,
        "Gross Profit": 778,
        "Operating Income": 257,
        "EBIT": NaN,
        "Net Income": 203
    },
    "2010-06-30": {
        "Diluted EPS": 0.77,
        "Total Revenue": 922,
        "Gross Profit": 723,
        "Operating Income": 212,
        "EBIT": NaN,
        "Net Income": 151
    },
    "2010-03-31": {
        "Diluted EPS": 0.62,
        "Total Revenue": NaN,
        "Gross Profit": 966,
        "Operating Income": 485,
        "EBIT": NaN,
        "Net Income": 156
    },
    "2009-12-31": {
        "Diluted EPS": 0.92,
        "Total Revenue": 916,
        "Gross Profit": 569,
        "Operating Income": -81,
        "EBIT": NaN,
        "Net Income": 189
    },
    "2009-09-30": {
        "Diluted EPS": 0.85,
        "Total Revenue": NaN,
        "Gross Profit": 723,
        "Operating Income": 265,
        "EBIT": NaN,
        "Net Income": 161
    },
    "2009-06-30": {
        "Diluted EPS": 0.6,
        "Total Revenue": 944,
        "Gross Profit": 617,
        "Operating Income": 130,
        "EBIT": NaN,
        "Net Income": 124
    },
    "2009-03-31": {
        "Diluted EPS": 0.62,
        "Total Revenue": 926,
        "Gross Profit": 588,
        "Operating Income": 121,
        "EBIT": NaN,
        "Net Income": 122
    },
    "2023-06-30": {
        "Tax Effect Of Unusual Items": NaN,
        "Tax Rate For Calcs": NaN,
        "Total Unusual Items": NaN,
        "Total Unusual Items Excluding Goodwill": NaN,
        "Net Income From Continuing Operation Net Minority Interest": NaN,
        "Reconciled Depreciation": NaN,
        "Net Interest Income": NaN,
        "Interest Expense": NaN,
        "Interest Income": NaN,
        "Normalized Income": NaN,
        "Net Income From Continuing And Discontinued Operation": NaN,
        "Diluted Average Shares": NaN,
        "Basic Average Shares": NaN,
        "Diluted EPS": NaN,
        "Basic EPS": NaN,
        "Diluted NI Availto Com Stockholders": NaN,
        "Net Income Common Stockholders": NaN,
        "Preferred Stock Dividends": 679208000000.0,
        "Net Income": NaN,
        "Minority Interests": NaN,
        "Net Income Including Noncontrolling Interests": NaN,
        "Net Income Continuous Operations": NaN,
        "Tax Provision": NaN,
        "Pretax Income": NaN,
        "Special Income Charges": NaN,
        "Other Special Charges": -4641000000.0,
        "Write Off": NaN,
        "Gain On Sale Of Security": NaN,
        "Depreciation Amortization Depletion Income Statement": 261312000000.0,
        "Depreciation And Amortization In Income Statement": 261312000000.0,
        "Amortization": 49627000000.0,
        "Amortization Of Intangibles Income Statement": 49627000000.0,
        "Depreciation Income Statement": 211685000000.0,
        "Selling General And Administration": NaN,
        "Selling And Marketing Expense": 39964000000.0,
        "General And Administrative Expense": NaN,
        "Other Gand A": NaN,
        "Insurance And Claims": 181403000000.0,
        "Salaries And Wages": NaN,
        "Total Revenue": NaN,
        "Operating Revenue": NaN,
        "Other Non Interest Expense": NaN
    },
    "2023-09-30": {
        "Tax Effect Of Unusual Items": NaN,
        "Tax Rate For Calcs": NaN,
        "Total Unusual Items": NaN,
        "Total Unusual Items Excluding Goodwill": NaN,
        "Net Income From Continuing Operation Net Minority Interest": NaN,
        "Reconciled Depreciation": NaN,
        "Net Interest Income": NaN,
        "Interest Expense": NaN,
        "Interest Income": NaN,
        "Normalized Income": NaN,
        "Net Income From Continuing And Discontinued Operation": NaN,
        "Diluted Average Shares": 240456750.0,
        "Basic Average Shares": 240456750.0,
        "Diluted EPS": 6203.855787,
        "Basic EPS": 6203.855787,
        "Diluted NI Availto Com Stockholders": NaN,
        "Net Income Common Stockholders": NaN,
        "Preferred Stock Dividends": NaN,
        "Net Income": NaN,
        "Minority Interests": NaN,
        "Net Income Including Noncontrolling Interests": NaN,
        "Net Income Continuous Operations": NaN,
        "Tax Provision": NaN,
        "Pretax Income": NaN,
        "Special Income Charges": NaN,
        "Other Special Charges": NaN,
        "Write Off": NaN,
        "Gain On Sale Of Security": NaN,
        "Depreciation Amortization Depletion Income Statement": NaN,
        "Depreciation And Amortization In Income Statement": NaN,
        "Amortization": NaN,
        "Amortization Of Intangibles Income Statement": NaN,
        "Depreciation Income Statement": NaN,
        "Selling General And Administration": NaN,
        "Selling And Marketing Expense": NaN,
        "General And Administrative Expense": NaN,
        "Other Gand A": NaN,
        "Insurance And Claims": NaN,
        "Salaries And Wages": NaN,
        "Total Revenue": NaN,
        "Operating Revenue": NaN,
        "Occupancy And Equipment": NaN,
        "Other Non Interest Expense": NaN
    },
    "2023-12-31": {
        "Tax Effect Of Unusual Items": NaN,
        "Tax Rate For Calcs": NaN,
        "Total Unusual Items": NaN,
        "Total Unusual Items Excluding Goodwill": NaN,
        "Net Income From Continuing Operation Net Minority Interest": NaN,
        "Reconciled Depreciation": 304785000000.0,
        "Net Interest Income": NaN,
        "Interest Expense": NaN,
        "Interest Income": NaN,
        "Normalized Income": NaN,
        "Net Income From Continuing And Discontinued Operation": NaN,
        "Diluted Average Shares": NaN,
        "Basic Average Shares": NaN,
        "Diluted EPS": NaN,
        "Basic EPS": NaN,
        "Diluted NI Availto Com Stockholders": NaN,
        "Net Income Common Stockholders": NaN,
        "Preferred Stock Dividends": NaN,
        "Net Income": NaN,
        "Minority Interests": NaN,
        "Net Income Including Noncontrolling Interests": NaN,
        "Net Income Continuous Operations": NaN,
        "Tax Provision": NaN,
        "Pretax Income": NaN,
        "Special Income Charges": NaN,
        "Other Special Charges": NaN,
        "Write Off": NaN,
        "Gain On Sale Of Security": NaN,
        "Depreciation Amortization Depletion Income Statement": NaN,
        "Depreciation And Amortization In Income Statement": NaN,
        "Amortization": NaN,
        "Amortization Of Intangibles Income Statement": NaN,
        "Depreciation Income Statement": NaN,
        "Selling General And Administration": NaN,
        "Selling And Marketing Expense": NaN,
        "General And Administrative Expense": NaN,
        "Other Gand A": NaN,
        "Insurance And Claims": NaN,
        "Salaries And Wages": NaN,
        "Total Revenue": NaN,
        "Operating Revenue": NaN,
        "Occupancy And Equipment": NaN,
        "Other Non Interest Expense": NaN
    },
    "2024-03-31": {
        "Tax Effect Of Unusual Items": NaN,
        "Tax Rate For Calcs": NaN,
        "Total Unusual Items": NaN,
        "Total Unusual Items Excluding Goodwill": NaN,
        "Net Income From Continuing Operation Net Minority Interest": NaN,
        "Reconciled Depreciation": NaN,
        "Net Interest Income": NaN,
        "Interest Expense": NaN,
        "Interest Income": NaN,
        "Normalized Income": NaN,
        "Net Income From Continuing And Discontinued Operation": NaN,
        "Diluted Average Shares": NaN,
        "Basic Average Shares": NaN,
        "Diluted EPS": NaN,
        "Basic EPS": NaN,
        "Diluted NI Availto Com Stockholders": NaN,
        "Net Income Common Stockholders": NaN,
        "Otherunder Preferred Stock Dividend": 389240000000.0,
        "Preferred Stock Dividends": NaN,
        "Net Income": NaN,
        "Minority Interests": NaN,
        "Net Income Including Noncontrolling Interests": NaN,
        "Net Income Continuous Operations": NaN,
        "Tax Provision": NaN,
        "Pretax Income": NaN,
        "Special Income Charges": NaN,
        "Other Special Charges": -2682000000.0,
        "Write Off": NaN,
        "Gain On Sale Of Security": NaN,
        "Depreciation Amortization Depletion Income Statement": NaN,
        "Depreciation And Amortization In Income Statement": NaN,
        "Amortization": 34126000000.0,
        "Amortization Of Intangibles Income Statement": 34126000000.0,
        "Depreciation Income Statement": 214617000000.0,
        "Selling General And Administration": NaN,
        "Selling And Marketing Expense": 26234000000.0,
        "General And Administrative Expense": NaN,
        "Other Gand A": NaN,
        "Insurance And Claims": 183020000000.0,
        "Salaries And Wages": NaN,
        "Total Revenue": NaN,
        "Operating Revenue": NaN,
        "Occupancy And Equipment": 228011000000.0,
        "Professional Expense And Contract Services Expense": 2506000000.0,
        "Other Non Interest Expense": NaN
    },
    "2024-06-30": {
        "Tax Effect Of Unusual Items": NaN,
        "Tax Rate For Calcs": NaN,
        "Total Unusual Items": -525371000000.0,
        "Total Unusual Items Excluding Goodwill": -525371000000.0,
        "Net Income From Continuing Operation Net Minority Interest": NaN,
        "Reconciled Depreciation": NaN,
        "Net Interest Income": NaN,
        "Interest Expense": NaN,
        "Interest Income": NaN,
        "Normalized Income": NaN,
        "Net Income From Continuing And Discontinued Operation": NaN,
        "Diluted Average Shares": NaN,
        "Basic Average Shares": NaN,
        "Diluted EPS": NaN,
        "Basic EPS": NaN,
        "Diluted NI Availto Com Stockholders": NaN,
        "Net Income Common Stockholders": NaN,
        "Otherunder Preferred Stock Dividend": 283606000000.0,
        "Preferred Stock Dividends": 385864000000.0,
        "Net Income": NaN,
        "Minority Interests": NaN,
        "Net Income Including Noncontrolling Interests": NaN,
        "Net Income Continuous Operations": NaN,
        "Tax Provision": NaN,
        "Pretax Income": NaN,
        "Special Income Charges": -584462000000.0,
        "Other Special Charges": -2304000000.0,
        "Write Off": 586766000000.0,
        "Gain On Sale Of Security": NaN,
        "Depreciation Amortization Depletion Income Statement": 264557000000.0,
        "Depreciation And Amortization In Income Statement": 264557000000.0,
        "Amortization": 53881000000.0,
        "Amortization Of Intangibles Income Statement": 53881000000.0,
        "Depreciation Income Statement": 210676000000.0,
        "Selling General And Administration": NaN,
        "Selling And Marketing Expense": 41442000000.0,
        "General And Administrative Expense": NaN,
        "Other Gand A": NaN,
        "Insurance And Claims": 177577000000.0,
        "Salaries And Wages": NaN,
        "Total Revenue": NaN,
        "Operating Revenue": NaN,
        "Occupancy And Equipment": 228343000000.0,
        "Professional Expense And Contract Services Expense": NaN,
        "Other Non Interest Expense": NaN
    },
    "2024-09-30": {
        "Tax Effect Of Unusual Items": 0.0,
        "Tax Rate For Calcs": 0.279755,
        "Total Unusual Items": 10844000000.0,
        "Total Unusual Items Excluding Goodwill": 10844000000.0,
        "Net Income From Continuing Operation Net Minority Interest": 1501194000000.0,
        "Reconciled Depreciation": 252761000000.0,
        "Net Interest Income": 4624796000000.0,
        "Interest Expense": 3702518000000.0,
        "Interest Income": 8327314000000.0,
        "Normalized Income": 1501194000000.0,
        "Net Income From Continuing And Discontinued Operation": 1501194000000.0,
        "Diluted Average Shares": 240456750.0,
        "Basic Average Shares": 240456750.0,
        "Diluted EPS": 6243.093612,
        "Basic EPS": 6243.093612,
        "Diluted NI Availto Com Stockholders": 1501194000000.0,
        "Net Income Common Stockholders": 1501194000000.0,
        "Otherunder Preferred Stock Dividend": NaN,
        "Preferred Stock Dividends": 698069000000.0,
        "Net Income": 1501194000000.0,
        "Minority Interests": -18291000000.0,
        "Net Income Including Noncontrolling Interests": 1519485000000.0,
        "Net Income Continuous Operations": 1519485000000.0,
        "Tax Provision": 590192000000.0,
        "Pretax Income": 2109677000000.0,
        "Special Income Charges": -17801000000.0,
        "Other Special Charges": NaN,
        "Write Off": 17801000000.0,
        "Gain On Sale Of Security": 466239000000.0,
        "Depreciation Amortization Depletion Income Statement": 270562000000.0,
        "Depreciation And Amortization In Income Statement": 270562000000.0,
        "Amortization": 44247000000.0,
        "Amortization Of Intangibles Income Statement": 44247000000.0,
        "Depreciation Income Statement": 208514000000.0,
        "Selling General And Administration": 2731890000000.0,
        "Selling And Marketing Expense": 38582000000.0,
        "General And Administrative Expense": 2731890000000.0,
        "Other Gand A": 1320342000000.0,
        "Insurance And Claims": 184029000000.0,
        "Salaries And Wages": 1411548000000.0,
        "Total Revenue": 6983693000000.0,
        "Operating Revenue": 6983693000000.0,
        "Occupancy And Equipment": 252042000000.0,
        "Professional Expense And Contract Services Expense": NaN,
        "Other Non Interest Expense": 344293000000.0
    },
    "2024-12-31": {
        "Tax Effect Of Unusual Items": -35389745614.89674,
        "Tax Rate For Calcs": 0.304486,
        "Total Unusual Items": -116228000000.0,
        "Total Unusual Items Excluding Goodwill": -116228000000.0,
        "Net Income From Continuing Operation Net Minority Interest": 1663304000000.0,
        "Reconciled Depreciation": 261645000000.0,
        "Net Interest Income": 4502922000000.0,
        "Interest Expense": 3625428000000.0,
        "Interest Income": 8128350000000.0,
        "Normalized Income": 1744142254385.1033,
        "Net Income From Continuing And Discontinued Operation": 1663304000000.0,
        "Diluted Average Shares": 240456750.0,
        "Basic Average Shares": 240456750.0,
        "Diluted EPS": 6917.268906,
        "Basic EPS": 6917.268906,
        "Diluted NI Availto Com Stockholders": 1663304000000.0,
        "Net Income Common Stockholders": 1663304000000.0,
        "Otherunder Preferred Stock Dividend": NaN,
        "Preferred Stock Dividends": 774058000000.0,
        "Net Income": 1663304000000.0,
        "Minority Interests": -36027000000.0,
        "Net Income Including Noncontrolling Interests": 1699331000000.0,
        "Net Income Continuous Operations": 1699331000000.0,
        "Tax Provision": 743941000000.0,
        "Pretax Income": 2443272000000.0,
        "Special Income Charges": -358325000000.0,
        "Other Special Charges": NaN,
        "Write Off": 366277000000.0,
        "Gain On Sale Of Security": 349749000000.0,
        "Depreciation Amortization Depletion Income Statement": 261645000000.0,
        "Depreciation And Amortization In Income Statement": 261645000000.0,
        "Amortization": 54137000000.0,
        "Amortization Of Intangibles Income Statement": 54137000000.0,
        "Depreciation Income Statement": 207508000000.0,
        "Selling General And Administration": 2858856000000.0,
        "Selling And Marketing Expense": 72864000000.0,
        "General And Administrative Expense": 2785992000000.0,
        "Other Gand A": 1045760000000.0,
        "Insurance And Claims": 189732000000.0,
        "Salaries And Wages": 1533167000000.0,
        "Total Revenue": 7382207000000.0,
        "Operating Revenue": 7382207000000.0,
        "Occupancy And Equipment": 293740000000.0,
        "Professional Expense And Contract Services Expense": NaN,
        "Other Non Interest Expense": 317392000000.0
    },
    "2025-03-31": {
        "Tax Effect Of Unusual Items": 17817144414.85465,
        "Tax Rate For Calcs": 0.283685,
        "Total Unusual Items": 62806000000.0,
        "Total Unusual Items Excluding Goodwill": 62806000000.0,
        "Net Income From Continuing Operation Net Minority Interest": 1737664000000.0,
        "Reconciled Depreciation": 256600000000.0,
        "Net Interest Income": 4698848000000.0,
        "Interest Expense": 3349459000000.0,
        "Interest Income": 8048307000000.0,
        "Normalized Income": 1692675144414.8547,
        "Net Income From Continuing And Discontinued Operation": 1737664000000.0,
        "Diluted Average Shares": 127500000.0,
        "Basic Average Shares": 127500000.0,
        "Diluted EPS": 7288.0,
        "Basic EPS": 7288.0,
        "Diluted NI Availto Com Stockholders": 928710000000.0,
        "Net Income Common Stockholders": 928710000000.0,
        "Otherunder Preferred Stock Dividend": 382972000000.0,
        "Preferred Stock Dividends": 425982000000.0,
        "Net Income": 1737664000000.0,
        "Minority Interests": -27111000000.0,
        "Net Income Including Noncontrolling Interests": 1764775000000.0,
        "Net Income Continuous Operations": 1764775000000.0,
        "Tax Provision": 698912000000.0,
        "Pretax Income": 2463687000000.0,
        "Special Income Charges": -9657000000.0,
        "Other Special Charges": NaN,
        "Write Off": 9657000000.0,
        "Gain On Sale Of Security": 369127000000.0,
        "Depreciation Amortization Depletion Income Statement": 256600000000.0,
        "Depreciation And Amortization In Income Statement": 256600000000.0,
        "Amortization": 43212000000.0,
        "Amortization Of Intangibles Income Statement": 43212000000.0,
        "Depreciation Income Statement": 213388000000.0,
        "Selling General And Administration": 2614302000000.0,
        "Selling And Marketing Expense": 34839000000.0,
        "General And Administrative Expense": 2579463000000.0,
        "Other Gand A": 853170000000.0,
        "Insurance And Claims": 195769000000.0,
        "Salaries And Wages": 1530524000000.0,
        "Total Revenue": 6937177000000.0,
        "Operating Revenue": 6937177000000.0,
        "Occupancy And Equipment": 262776000000.0,
        "Professional Expense And Contract Services Expense": 2523000000.0,
        "Other Non Interest Expense": 356466000000.0
    },
    "2025-06-30": {
        "Tax Effect Of Unusual Items": -39466826053.665146,
        "Tax Rate For Calcs": 0.263708,
        "Total Unusual Items": -149661000000.0,
        "Total Unusual Items Excluding Goodwill": -149661000000.0,
        "Net Income From Continuing Operation Net Minority Interest": 1791303000000.0,
        "Reconciled Depreciation": 253606000000.0,
        "Net Interest Income": 4793101000000.0,
        "Interest Expense": 3393009000000.0,
        "Interest Income": 8186110000000.0,
        "Normalized Income": 1901497173946.335,
        "Net Income From Continuing And Discontinued Operation": 1791303000000.0,
        "Diluted Average Shares": 127500000.0,
        "Basic Average Shares": 127500000.0,
        "Diluted EPS": 7508.0,
        "Basic EPS": 7508.0,
        "Diluted NI Availto Com Stockholders": 956591000000.0,
        "Net Income Common Stockholders": 956591000000.0,
        "Otherunder Preferred Stock Dividend": 266643000000.0,
        "Preferred Stock Dividends": 568069000000.0,
        "Net Income": 1791303000000.0,
        "Minority Interests": -37643000000.0,
        "Net Income Including Noncontrolling Interests": 1828946000000.0,
        "Net Income Continuous Operations": 1828946000000.0,
        "Tax Provision": 655050000000.0,
        "Pretax Income": 2483996000000.0,
        "Special Income Charges": -267421000000.0,
        "Other Special Charges": -1123000000.0,
        "Write Off": 268544000000.0,
        "Gain On Sale Of Security": 395583000000.0,
        "Depreciation Amortization Depletion Income Statement": NaN,
        "Depreciation And Amortization In Income Statement": NaN,
        "Amortization": NaN,
        "Amortization Of Intangibles Income Statement": NaN,
        "Depreciation Income Statement": NaN,
        "Selling General And Administration": 3032063000000.0,
        "Selling And Marketing Expense": NaN,
        "General And Administrative Expense": 3032063000000.0,
        "Other Gand A": 1456909000000.0,
        "Insurance And Claims": NaN,
        "Salaries And Wages": 1575154000000.0,
        "Total Revenue": 7136437000000.0,
        "Operating Revenue": 7136437000000.0,
        "Occupancy And Equipment": NaN,
        "Professional Expense And Contract Services Expense": NaN,
        "Other Non Interest Expense": 389937000000.0
    },
    "2025-09-30": {
        "Tax Effect Of Unusual Items": 0.0,
        "Tax Rate For Calcs": 0.281003,
        "Total Unusual Items": NaN,
        "Total Unusual Items Excluding Goodwill": NaN,
        "Net Income From Continuing Operation Net Minority Interest": 2144103000000.0,
        "Reconciled Depreciation": 266522000000.0,
        "Net Interest Income": 4786923000000.0,
        "Interest Expense": 3313913000000.0,
        "Interest Income": 8100836000000.0,
        "Normalized Income": 2144103000000.0,
        "Net Income From Continuing And Discontinued Operation": 2144103000000.0,
        "Diluted Average Shares": 238643702.0,
        "Basic Average Shares": 238643702.0,
        "Diluted EPS": 8984.536286,
        "Basic EPS": 8984.536286,
        "Diluted NI Availto Com Stockholders": 2144103000000.0,
        "Net Income Common Stockholders": 2144103000000.0,
        "Otherunder Preferred Stock Dividend": NaN,
        "Preferred Stock Dividends": NaN,
        "Net Income": 2144103000000.0,
        "Minority Interests": -12223000000.0,
        "Net Income Including Noncontrolling Interests": 2156326000000.0,
        "Net Income Continuous Operations": 2156326000000.0,
        "Tax Provision": 842750000000.0,
        "Pretax Income": 2999076000000.0,
        "Special Income Charges": NaN,
        "Other Special Charges": NaN,
        "Write Off": NaN,
        "Gain On Sale Of Security": 575006000000.0,
        "Depreciation Amortization Depletion Income Statement": 266522000000.0,
        "Depreciation And Amortization In Income Statement": 266522000000.0,
        "Amortization": NaN,
        "Amortization Of Intangibles Income Statement": NaN,
        "Depreciation Income Statement": NaN,
        "Selling General And Administration": 2958289000000.0,
        "Selling And Marketing Expense": NaN,
        "General And Administrative Expense": 2958289000000.0,
        "Other Gand A": 1409124000000.0,
        "Insurance And Claims": NaN,
        "Salaries And Wages": 1549165000000.0,
        "Total Revenue": 7488181000000.0,
        "Operating Revenue": 7488181000000.0,
        "Occupancy And Equipment": NaN,
        "Professional Expense And Contract Services Expense": NaN,
        "Other Non Interest Expense": 376173000000.0
    }
}