{
    "2023-03-31": {
        "Tax Effect Of Unusual Items": NaN,
        "Tax Rate For Calcs": NaN,
        "Normalized EBITDA": NaN,
        "Total Unusual Items": NaN,
        "Total Unusual Items Excluding Goodwill": NaN,
        "Net Income From Continuing Operation Net Minority Interest": NaN,
        "Reconciled Depreciation": NaN,
        "Reconciled Cost Of Revenue": NaN,
        "EBITDA": NaN,
        "EBIT": NaN,
        "Net Interest Income": NaN,
        "Interest Expense": NaN,
        "Interest Income": NaN,
        "Normalized Income": NaN,
        "Net Income From Continuing And Discontinued Operation": NaN,
        "Total Expenses": NaN,
        "Total Operating Income As Reported": NaN,
        "Diluted Average Shares": 248654082.0,
        "Basic Average Shares": 248654082.0,
        "Diluted EPS": -0.03,
        "Basic EPS": -0.03,
        "Diluted NI Availto Com Stockholders": NaN,
        "Net Income Common Stockholders": NaN,
        "Net Income": NaN,
        "Net Income Including Noncontrolling Interests": NaN,
        "Net Income Continuous Operations": NaN,
        "Tax Provision": NaN,
        "Pretax Income": NaN,
        "Other Income Expense": NaN,
        "Other Non Operating Income Expenses": NaN,
        "Special Income Charges": -1805000.0,
        "Write Off": 1805000.0,
        "Earnings From Equity Interest": -750000.0,
        "Gain On Sale Of Security": NaN,
        "Net Non Operating Interest Income Expense": NaN,
        "Interest Expense Non Operating": NaN,
        "Interest Income Non Operating": NaN,
        "Operating Income": NaN,
        "Operating Expense": NaN,
        "Other Operating Expenses": NaN,
        "Depreciation Amortization Depletion Income Statement": NaN,
        "Depreciation And Amortization In Income Statement": NaN,
        "Depreciation Income Statement": 11655000.0,
        "Selling General And Administration": NaN,
        "General And Administrative Expense": NaN,
        "Other Gand A": NaN,
        "Gross Profit": NaN,
        "Cost Of Revenue": NaN,
        "Total Revenue": NaN,
        "Operating Revenue": NaN
    },
    "2022-12-31": {
        "Tax Effect Of Unusual Items": NaN,
        "Tax Rate For Calcs": NaN,
        "Normalized EBITDA": NaN,
        "Total Unusual Items": NaN,
        "Total Unusual Items Excluding Goodwill": NaN,
        "Net Income From Continuing Operation Net Minority Interest": NaN,
        "Reconciled Depreciation": NaN,
        "Reconciled Cost Of Revenue": NaN,
        "EBITDA": NaN,
        "EBIT": NaN,
        "Net Interest Income": NaN,
        "Interest Expense": NaN,
        "Interest Income": NaN,
        "Normalized Income": NaN,
        "Net Income From Continuing And Discontinued Operation": NaN,
        "Total Expenses": NaN,
        "Total Operating Income As Reported": NaN,
        "Diluted Average Shares": NaN,
        "Basic Average Shares": NaN,
        "Diluted EPS": NaN,
        "Basic EPS": NaN,
        "Diluted NI Availto Com Stockholders": NaN,
        "Net Income Common Stockholders": NaN,
        "Net Income": NaN,
        "Net Income Including Noncontrolling Interests": NaN,
        "Net Income Continuous Operations": NaN,
        "Tax Provision": NaN,
        "Pretax Income": NaN,
        "Other Income Expense": NaN,
        "Other Non Operating Income Expenses": NaN,
        "Special Income Charges": -608000.0,
        "Write Off": 608000.0,
        "Earnings From Equity Interest": -16395000.0,
        "Gain On Sale Of Security": NaN,
        "Net Non Operating Interest Income Expense": NaN,
        "Interest Expense Non Operating": NaN,
        "Interest Income Non Operating": NaN,
        "Operating Income": NaN,
        "Operating Expense": NaN,
        "Other Operating Expenses": NaN,
        "Depreciation Amortization Depletion Income Statement": NaN,
        "Depreciation And Amortization In Income Statement": NaN,
        "Depreciation Income Statement": 4352000.0,
        "Selling General And Administration": NaN,
        "General And Administrative Expense": NaN,
        "Other Gand A": NaN,
        "Gross Profit": NaN,
        "Cost Of Revenue": NaN,
        "Total Revenue": NaN,
        "Operating Revenue": NaN
    },
    "2022-09-30": {
        "Tax Effect Of Unusual Items": NaN,
        "Tax Rate For Calcs": NaN,
        "Normalized EBITDA": NaN,
        "Total Unusual Items": NaN,
        "Total Unusual Items Excluding Goodwill": NaN,
        "Net Income From Continuing Operation Net Minority Interest": NaN,
        "Reconciled Depreciation": NaN,
        "Reconciled Cost Of Revenue": NaN,
        "EBITDA": NaN,
        "EBIT": NaN,
        "Net Interest Income": NaN,
        "Interest Expense": NaN,
        "Interest Income": NaN,
        "Normalized Income": NaN,
        "Net Income From Continuing And Discontinued Operation": NaN,
        "Total Expenses": NaN,
        "Total Operating Income As Reported": NaN,
        "Diluted Average Shares": 248342200.0,
        "Basic Average Shares": 247508745.0,
        "Diluted EPS": 0.24,
        "Basic EPS": 0.24,
        "Diluted NI Availto Com Stockholders": NaN,
        "Net Income Common Stockholders": NaN,
        "Net Income": NaN,
        "Net Income Including Noncontrolling Interests": NaN,
        "Net Income Continuous Operations": NaN,
        "Tax Provision": NaN,
        "Pretax Income": NaN,
        "Other Income Expense": NaN,
        "Other Non Operating Income Expenses": NaN,
        "Special Income Charges": NaN,
        "Write Off": NaN,
        "Earnings From Equity Interest": -8345000.0,
        "Gain On Sale Of Security": NaN,
        "Net Non Operating Interest Income Expense": NaN,
        "Interest Expense Non Operating": NaN,
        "Interest Income Non Operating": NaN,
        "Operating Income": NaN,
        "Operating Expense": NaN,
        "Other Operating Expenses": NaN,
        "Depreciation Amortization Depletion Income Statement": NaN,
        "Depreciation And Amortization In Income Statement": NaN,
        "Depreciation Income Statement": 11000.0,
        "Selling General And Administration": NaN,
        "General And Administrative Expense": NaN,
        "Other Gand A": NaN,
        "Gross Profit": NaN,
        "Cost Of Revenue": NaN,
        "Total Revenue": NaN,
        "Operating Revenue": NaN
    },
    "2022-06-30": {
        "Tax Effect Of Unusual Items": 0.0,
        "Tax Rate For Calcs": 0.0,
        "Normalized EBITDA": -28532000.0,
        "Total Unusual Items": -472000.0,
        "Total Unusual Items Excluding Goodwill": -472000.0,
        "Net Income From Continuing Operation Net Minority Interest": -29219000.0,
        "Reconciled Depreciation": 215000.0,
        "Reconciled Cost Of Revenue": NaN,
        "EBITDA": -29004000.0,
        "EBIT": -29219000.0,
        "Net Interest Income": 44000.0,
        "Interest Expense": 0.0,
        "Interest Income": 44000.0,
        "Normalized Income": -28747000.0,
        "Net Income From Continuing And Discontinued Operation": -29219000.0,
        "Total Expenses": 16712000.0,
        "Total Operating Income As Reported": -29326000.0,
        "Diluted Average Shares": 247730410.0,
        "Basic Average Shares": 247730410.0,
        "Diluted EPS": -0.12,
        "Basic EPS": -0.12,
        "Diluted NI Availto Com Stockholders": -29219000.0,
        "Net Income Common Stockholders": -29219000.0,
        "Net Income": -29219000.0,
        "Net Income Including Noncontrolling Interests": -29219000.0,
        "Net Income Continuous Operations": -29219000.0,
        "Tax Provision": NaN,
        "Pretax Income": -29219000.0,
        "Other Income Expense": -12551000.0,
        "Other Non Operating Income Expenses": NaN,
        "Special Income Charges": -535000.0,
        "Write Off": 535000.0,
        "Earnings From Equity Interest": -12079000.0,
        "Gain On Sale Of Security": 63000.0,
        "Net Non Operating Interest Income Expense": 44000.0,
        "Interest Expense Non Operating": 0.0,
        "Interest Income Non Operating": 44000.0,
        "Operating Income": -16712000.0,
        "Operating Expense": 16712000.0,
        "Other Operating Expenses": NaN,
        "Depreciation Amortization Depletion Income Statement": 8000.0,
        "Depreciation And Amortization In Income Statement": 8000.0,
        "Depreciation Income Statement": 8000.0,
        "Selling General And Administration": 16704000.0,
        "General And Administrative Expense": 16704000.0,
        "Other Gand A": 16704000.0,
        "Gross Profit": NaN,
        "Cost Of Revenue": NaN,
        "Total Revenue": 0.0,
        "Operating Revenue": 0.0
    },
    "2022-03-31": {
        "Diluted EPS": -0.07,
        "Total Revenue": NaN,
        "Gross Profit": NaN,
        "Operating Income": -18,
        "EBIT": -17,
        "Net Income": -17
    },
    "2021-12-31": {
        "Diluted EPS": -0.32,
        "Total Revenue": NaN,
        "Gross Profit": NaN,
        "Operating Income": -69,
        "EBIT": -69,
        "Net Income": -69
    },
    "2021-09-30": {
        "Diluted EPS": -0.01,
        "Total Revenue": NaN,
        "Gross Profit": NaN,
        "Operating Income": -2,
        "EBIT": -2,
        "Net Income": -2
    },
    "2021-06-30": {
        "Diluted EPS": -0.0,
        "Total Revenue": NaN,
        "Gross Profit": NaN,
        "Operating Income": -1,
        "EBIT": -1,
        "Net Income": -1
    },
    "2021-03-31": {
        "Diluted EPS": -0.0,
        "Total Revenue": NaN,
        "Gross Profit": NaN,
        "Operating Income": 0,
        "EBIT": 0,
        "Net Income": 0
    },
    "2020-12-31": {
        "Diluted EPS": 0.0,
        "Total Revenue": NaN,
        "Gross Profit": NaN,
        "Operating Income": NaN,
        "EBIT": NaN,
        "Net Income": NaN
    },
    "2020-09-30": {
        "Diluted EPS": 0.0,
        "Total Revenue": NaN,
        "Gross Profit": NaN,
        "Operating Income": 0,
        "EBIT": 0,
        "Net Income": 0
    },
    "2020-06-30": {
        "Diluted EPS": 0.0,
        "Total Revenue": NaN,
        "Gross Profit": NaN,
        "Operating Income": 0,
        "EBIT": 0,
        "Net Income": 0
    },
    "2023-06-30": {
        "Tax Effect Of Unusual Items": NaN,
        "Tax Rate For Calcs": NaN,
        "Normalized EBITDA": NaN,
        "Total Unusual Items": NaN,
        "Total Unusual Items Excluding Goodwill": NaN,
        "Net Income From Continuing Operation Net Minority Interest": NaN,
        "Reconciled Depreciation": NaN,
        "Reconciled Cost Of Revenue": NaN,
        "EBITDA": NaN,
        "EBIT": NaN,
        "Net Interest Income": NaN,
        "Interest Expense": NaN,
        "Interest Income": NaN,
        "Normalized Income": NaN,
        "Net Income From Continuing And Discontinued Operation": NaN,
        "Total Expenses": NaN,
        "Total Operating Income As Reported": NaN,
        "Diluted Average Shares": 249127664.0,
        "Basic Average Shares": 249127664.0,
        "Diluted EPS": -0.052977,
        "Basic EPS": -0.05,
        "Diluted NI Availto Com Stockholders": NaN,
        "Net Income Common Stockholders": NaN,
        "Net Income": NaN,
        "Net Income Including Noncontrolling Interests": NaN,
        "Net Income Continuous Operations": NaN,
        "Tax Provision": NaN,
        "Pretax Income": NaN,
        "Other Income Expense": NaN,
        "Other Non Operating Income Expenses": NaN,
        "Special Income Charges": -2828000.0,
        "Write Off": 2828000.0,
        "Earnings From Equity Interest": NaN,
        "Gain On Sale Of Security": NaN,
        "Net Non Operating Interest Income Expense": NaN,
        "Interest Expense Non Operating": NaN,
        "Interest Income Non Operating": NaN,
        "Operating Income": NaN,
        "Operating Expense": NaN,
        "Other Operating Expenses": NaN,
        "Depreciation Amortization Depletion Income Statement": NaN,
        "Depreciation And Amortization In Income Statement": NaN,
        "Depreciation Income Statement": 14412000.0,
        "Selling General And Administration": NaN,
        "General And Administrative Expense": NaN,
        "Other Gand A": NaN,
        "Gross Profit": NaN,
        "Cost Of Revenue": NaN,
        "Total Revenue": NaN,
        "Operating Revenue": NaN
    },
    "2023-09-30": {
        "Tax Effect Of Unusual Items": NaN,
        "Tax Rate For Calcs": NaN,
        "Normalized EBITDA": NaN,
        "Total Unusual Items": NaN,
        "Total Unusual Items Excluding Goodwill": NaN,
        "Net Income From Continuing Operation Net Minority Interest": NaN,
        "Reconciled Depreciation": NaN,
        "Reconciled Cost Of Revenue": NaN,
        "EBITDA": NaN,
        "EBIT": NaN,
        "Net Interest Income": NaN,
        "Interest Expense": NaN,
        "Interest Income": NaN,
        "Normalized Income": NaN,
        "Net Income From Continuing And Discontinued Operation": NaN,
        "Total Expenses": NaN,
        "Total Operating Income As Reported": NaN,
        "Diluted Average Shares": 251789350.0,
        "Basic Average Shares": 251789350.0,
        "Diluted EPS": -0.07,
        "Basic EPS": -0.07,
        "Diluted NI Availto Com Stockholders": NaN,
        "Net Income Common Stockholders": NaN,
        "Net Income": NaN,
        "Net Income Including Noncontrolling Interests": NaN,
        "Net Income Continuous Operations": NaN,
        "Tax Provision": NaN,
        "Pretax Income": NaN,
        "Other Income Expense": NaN,
        "Other Non Operating Income Expenses": NaN,
        "Special Income Charges": -3443000.0,
        "Write Off": 3443000.0,
        "Earnings From Equity Interest": NaN,
        "Gain On Sale Of Security": NaN,
        "Net Non Operating Interest Income Expense": NaN,
        "Interest Expense Non Operating": NaN,
        "Interest Income Non Operating": NaN,
        "Operating Income": NaN,
        "Operating Expense": NaN,
        "Other Operating Expenses": NaN,
        "Depreciation Amortization Depletion Income Statement": NaN,
        "Depreciation And Amortization In Income Statement": NaN,
        "Depreciation Income Statement": 16217000.0,
        "Selling General And Administration": NaN,
        "General And Administrative Expense": NaN,
        "Other Gand A": NaN,
        "Gross Profit": NaN,
        "Cost Of Revenue": NaN,
        "Total Revenue": NaN,
        "Operating Revenue": NaN
    },
    "2023-12-31": {
        "Tax Effect Of Unusual Items": NaN,
        "Tax Rate For Calcs": NaN,
        "Normalized EBITDA": NaN,
        "Total Unusual Items": NaN,
        "Total Unusual Items Excluding Goodwill": NaN,
        "Net Income From Continuing Operation Net Minority Interest": NaN,
        "Reconciled Depreciation": NaN,
        "Reconciled Cost Of Revenue": NaN,
        "EBITDA": NaN,
        "EBIT": NaN,
        "Net Interest Income": NaN,
        "Interest Expense": NaN,
        "Interest Income": NaN,
        "Normalized Income": NaN,
        "Net Income From Continuing And Discontinued Operation": NaN,
        "Total Expenses": NaN,
        "Total Operating Income As Reported": NaN,
        "Diluted Average Shares": NaN,
        "Basic Average Shares": NaN,
        "Diluted EPS": NaN,
        "Basic EPS": NaN,
        "Diluted NI Availto Com Stockholders": NaN,
        "Net Income Common Stockholders": NaN,
        "Net Income": NaN,
        "Net Income Including Noncontrolling Interests": NaN,
        "Net Income Continuous Operations": NaN,
        "Tax Provision": NaN,
        "Pretax Income": NaN,
        "Other Income Expense": NaN,
        "Other Non Operating Income Expenses": NaN,
        "Special Income Charges": 8076000.0,
        "Write Off": -8076000.0,
        "Earnings From Equity Interest": NaN,
        "Gain On Sale Of Security": NaN,
        "Net Non Operating Interest Income Expense": NaN,
        "Interest Expense Non Operating": NaN,
        "Interest Income Non Operating": NaN,
        "Operating Income": NaN,
        "Operating Expense": NaN,
        "Other Operating Expenses": NaN,
        "Depreciation Amortization Depletion Income Statement": NaN,
        "Depreciation And Amortization In Income Statement": NaN,
        "Selling General And Administration": NaN,
        "General And Administrative Expense": NaN,
        "Other Gand A": NaN,
        "Gross Profit": NaN,
        "Cost Of Revenue": NaN,
        "Total Revenue": NaN,
        "Operating Revenue": NaN
    },
    "2024-03-31": {
        "Tax Effect Of Unusual Items": NaN,
        "Tax Rate For Calcs": NaN,
        "Normalized EBITDA": NaN,
        "Total Unusual Items": NaN,
        "Total Unusual Items Excluding Goodwill": NaN,
        "Net Income From Continuing Operation Net Minority Interest": NaN,
        "Reconciled Depreciation": NaN,
        "Reconciled Cost Of Revenue": NaN,
        "EBITDA": NaN,
        "EBIT": NaN,
        "Net Interest Income": NaN,
        "Interest Expense": NaN,
        "Interest Income": NaN,
        "Normalized Income": NaN,
        "Net Income From Continuing And Discontinued Operation": NaN,
        "Total Expenses": NaN,
        "Total Operating Income As Reported": NaN,
        "Diluted Average Shares": 304397979.0,
        "Basic Average Shares": 296641499.0,
        "Diluted EPS": 0.13,
        "Basic EPS": 0.13,
        "Diluted NI Availto Com Stockholders": NaN,
        "Net Income Common Stockholders": NaN,
        "Net Income": NaN,
        "Net Income Including Noncontrolling Interests": NaN,
        "Net Income Continuous Operations": NaN,
        "Tax Provision": NaN,
        "Pretax Income": NaN,
        "Other Income Expense": NaN,
        "Other Non Operating Income Expenses": NaN,
        "Earnings From Equity Interest": NaN,
        "Gain On Sale Of Security": NaN,
        "Net Non Operating Interest Income Expense": NaN,
        "Interest Expense Non Operating": NaN,
        "Interest Income Non Operating": NaN,
        "Operating Income": NaN,
        "Operating Expense": NaN,
        "Other Operating Expenses": NaN,
        "Depreciation Amortization Depletion Income Statement": NaN,
        "Depreciation And Amortization In Income Statement": NaN,
        "Selling General And Administration": NaN,
        "General And Administrative Expense": NaN,
        "Other Gand A": NaN,
        "Gross Profit": NaN,
        "Cost Of Revenue": NaN,
        "Total Revenue": NaN,
        "Operating Revenue": NaN
    },
    "2024-06-30": {
        "Tax Effect Of Unusual Items": NaN,
        "Tax Rate For Calcs": NaN,
        "Normalized EBITDA": NaN,
        "Total Unusual Items": NaN,
        "Total Unusual Items Excluding Goodwill": NaN,
        "Net Income From Continuing Operation Net Minority Interest": NaN,
        "Reconciled Depreciation": NaN,
        "Reconciled Cost Of Revenue": NaN,
        "EBITDA": NaN,
        "EBIT": NaN,
        "Net Interest Income": NaN,
        "Interest Expense": NaN,
        "Interest Income": NaN,
        "Normalized Income": NaN,
        "Net Income From Continuing And Discontinued Operation": NaN,
        "Total Expenses": NaN,
        "Total Operating Income As Reported": NaN,
        "Diluted Average Shares": 314353742.0,
        "Basic Average Shares": 314353742.0,
        "Diluted EPS": -0.05,
        "Basic EPS": -0.05,
        "Diluted NI Availto Com Stockholders": NaN,
        "Net Income Common Stockholders": NaN,
        "Net Income": NaN,
        "Net Income Including Noncontrolling Interests": NaN,
        "Net Income Continuous Operations": NaN,
        "Tax Provision": NaN,
        "Pretax Income": NaN,
        "Other Income Expense": NaN,
        "Other Non Operating Income Expenses": NaN,
        "Earnings From Equity Interest": NaN,
        "Gain On Sale Of Security": NaN,
        "Net Non Operating Interest Income Expense": NaN,
        "Interest Expense Non Operating": NaN,
        "Interest Income Non Operating": NaN,
        "Operating Income": NaN,
        "Operating Expense": NaN,
        "Other Operating Expenses": NaN,
        "Depreciation Amortization Depletion Income Statement": NaN,
        "Depreciation And Amortization In Income Statement": NaN,
        "Selling General And Administration": NaN,
        "General And Administrative Expense": NaN,
        "Other Gand A": NaN,
        "Gross Profit": NaN,
        "Cost Of Revenue": NaN,
        "Total Revenue": NaN,
        "Operating Revenue": NaN
    },
    "2024-09-30": {
        "Tax Effect Of Unusual Items": -2117349.065771,
        "Tax Rate For Calcs": 0.041985,
        "Normalized EBITDA": -10820000.0,
        "Total Unusual Items": -50431000.0,
        "Total Unusual Items Excluding Goodwill": -50431000.0,
        "Net Income From Continuing Operation Net Minority Interest": -86754000.0,
        "Reconciled Depreciation": 28959000.0,
        "Reconciled Cost Of Revenue": 29478000.0,
        "EBITDA": -61251000.0,
        "EBIT": -90210000.0,
        "Net Interest Income": 842000.0,
        "Interest Expense": 346000.0,
        "Interest Income": 1188000.0,
        "Normalized Income": -38440349.065771,
        "Net Income From Continuing And Discontinued Operation": -86754000.0,
        "Total Expenses": 65912000.0,
        "Total Operating Income As Reported": -91394000.0,
        "Diluted Average Shares": 332680037.0,
        "Basic Average Shares": 332680037.0,
        "Diluted EPS": -0.26,
        "Basic EPS": -0.26,
        "Diluted NI Availto Com Stockholders": -86754000.0,
        "Net Income Common Stockholders": -86754000.0,
        "Net Income": -86754000.0,
        "Net Income Including Noncontrolling Interests": -86754000.0,
        "Net Income Continuous Operations": -86754000.0,
        "Tax Provision": -3802000.0,
        "Pretax Income": -90556000.0,
        "Other Income Expense": -49588000.0,
        "Other Non Operating Income Expenses": -4000.0,
        "Earnings From Equity Interest": 847000.0,
        "Gain On Sale Of Security": -50431000.0,
        "Net Non Operating Interest Income Expense": 842000.0,
        "Interest Expense Non Operating": 346000.0,
        "Interest Income Non Operating": 1188000.0,
        "Operating Income": -41810000.0,
        "Operating Expense": 36111000.0,
        "Other Operating Expenses": -1444000.0,
        "Depreciation Amortization Depletion Income Statement": 28636000.0,
        "Depreciation And Amortization In Income Statement": 28636000.0,
        "Selling General And Administration": 8919000.0,
        "General And Administrative Expense": 8919000.0,
        "Other Gand A": 8919000.0,
        "Gross Profit": -5699000.0,
        "Cost Of Revenue": 29801000.0,
        "Total Revenue": 24102000.0,
        "Operating Revenue": 24102000.0
    },
    "2024-12-31": {
        "Tax Effect Of Unusual Items": 10874850.0,
        "Tax Rate For Calcs": 0.21,
        "Normalized EBITDA": 1021000.0,
        "Total Unusual Items": 51785000.0,
        "Total Unusual Items Excluding Goodwill": 51785000.0,
        "Net Income From Continuing Operation Net Minority Interest": 17510000.0,
        "Reconciled Depreciation": 36678000.0,
        "Reconciled Cost Of Revenue": 34577000.0,
        "EBITDA": 52806000.0,
        "EBIT": 16128000.0,
        "Net Interest Income": -233000.0,
        "Interest Expense": 590000.0,
        "Interest Income": 357000.0,
        "Normalized Income": -23400150.0,
        "Net Income From Continuing And Discontinued Operation": 17510000.0,
        "Total Expenses": 75536000.0,
        "Total Operating Income As Reported": 17080000.0,
        "Diluted Average Shares": NaN,
        "Basic Average Shares": NaN,
        "Diluted EPS": NaN,
        "Basic EPS": NaN,
        "Diluted NI Availto Com Stockholders": 17510000.0,
        "Net Income Common Stockholders": 17510000.0,
        "Net Income": 17510000.0,
        "Net Income Including Noncontrolling Interests": 17510000.0,
        "Net Income Continuous Operations": 17510000.0,
        "Tax Provision": -1972000.0,
        "Pretax Income": 15538000.0,
        "Other Income Expense": 49084000.0,
        "Other Non Operating Income Expenses": -1309000.0,
        "Earnings From Equity Interest": -1392000.0,
        "Gain On Sale Of Security": 51785000.0,
        "Net Non Operating Interest Income Expense": -233000.0,
        "Interest Expense Non Operating": 590000.0,
        "Interest Income Non Operating": 357000.0,
        "Operating Income": -33313000.0,
        "Operating Expense": 40598000.0,
        "Other Operating Expenses": -5012000.0,
        "Depreciation Amortization Depletion Income Statement": 36317000.0,
        "Depreciation And Amortization In Income Statement": 36317000.0,
        "Selling General And Administration": 9293000.0,
        "General And Administrative Expense": 9293000.0,
        "Other Gand A": 9293000.0,
        "Gross Profit": 7285000.0,
        "Cost Of Revenue": 34938000.0,
        "Total Revenue": 42223000.0,
        "Operating Revenue": 42223000.0
    },
    "2025-03-31": {
        "Tax Effect Of Unusual Items": -136920.0,
        "Tax Rate For Calcs": 0.21,
        "Normalized EBITDA": 6433000.0,
        "Total Unusual Items": -652000.0,
        "Total Unusual Items Excluding Goodwill": -652000.0,
        "Net Income From Continuing Operation Net Minority Interest": -38975000.0,
        "Reconciled Depreciation": 43835000.0,
        "Reconciled Cost Of Revenue": 28829000.0,
        "EBITDA": 5781000.0,
        "EBIT": -38054000.0,
        "Net Interest Income": -587000.0,
        "Interest Expense": 777000.0,
        "Interest Income": 190000.0,
        "Normalized Income": -38459920.0,
        "Net Income From Continuing And Discontinued Operation": -38975000.0,
        "Total Expenses": 81103000.0,
        "Total Operating Income As Reported": -38088000.0,
        "Diluted Average Shares": 360514620.0,
        "Basic Average Shares": 360514620.0,
        "Diluted EPS": -0.11,
        "Basic EPS": -0.11,
        "Diluted NI Availto Com Stockholders": -38975000.0,
        "Net Income Common Stockholders": -38975000.0,
        "Net Income": -38975000.0,
        "Net Income Including Noncontrolling Interests": -38975000.0,
        "Net Income Continuous Operations": -38975000.0,
        "Tax Provision": 144000.0,
        "Pretax Income": -38831000.0,
        "Other Income Expense": -6100000.0,
        "Other Non Operating Income Expenses": -156000.0,
        "Earnings From Equity Interest": -5292000.0,
        "Gain On Sale Of Security": -652000.0,
        "Net Non Operating Interest Income Expense": -587000.0,
        "Interest Expense Non Operating": 777000.0,
        "Interest Income Non Operating": 190000.0,
        "Operating Income": -32144000.0,
        "Operating Expense": 51906000.0,
        "Other Operating Expenses": -512000.0,
        "Depreciation Amortization Depletion Income Statement": 43467000.0,
        "Depreciation And Amortization In Income Statement": 43467000.0,
        "Selling General And Administration": 8951000.0,
        "General And Administrative Expense": 8951000.0,
        "Other Gand A": 8951000.0,
        "Gross Profit": 19762000.0,
        "Cost Of Revenue": 29197000.0,
        "Total Revenue": 48959000.0,
        "Operating Revenue": 48959000.0
    },
    "2025-06-30": {
        "Tax Effect Of Unusual Items": -414960.0,
        "Tax Rate For Calcs": 0.21,
        "Normalized EBITDA": 2733000.0,
        "Total Unusual Items": -1976000.0,
        "Total Unusual Items Excluding Goodwill": -1976000.0,
        "Net Income From Continuing Operation Net Minority Interest": -45781000.0,
        "Reconciled Depreciation": 44484000.0,
        "Reconciled Cost Of Revenue": 30591000.0,
        "EBITDA": 757000.0,
        "EBIT": -43727000.0,
        "Net Interest Income": -841000.0,
        "Interest Expense": 1137000.0,
        "Interest Income": 296000.0,
        "Normalized Income": -44219960.0,
        "Net Income From Continuing And Discontinued Operation": -45781000.0,
        "Total Expenses": 85131000.0,
        "Total Operating Income As Reported": -45243000.0,
        "Diluted Average Shares": 375052248.0,
        "Basic Average Shares": 375052248.0,
        "Diluted EPS": -0.12,
        "Basic EPS": -0.12,
        "Diluted NI Availto Com Stockholders": -45781000.0,
        "Net Income Common Stockholders": -45781000.0,
        "Net Income": -45781000.0,
        "Net Income Including Noncontrolling Interests": -45781000.0,
        "Net Income Continuous Operations": -45781000.0,
        "Tax Provision": 917000.0,
        "Pretax Income": -44864000.0,
        "Other Income Expense": -2457000.0,
        "Other Non Operating Income Expenses": 1220000.0,
        "Earnings From Equity Interest": -1701000.0,
        "Gain On Sale Of Security": -1976000.0,
        "Net Non Operating Interest Income Expense": -841000.0,
        "Interest Expense Non Operating": 1137000.0,
        "Interest Income Non Operating": 296000.0,
        "Operating Income": -41566000.0,
        "Operating Expense": 54142000.0,
        "Other Operating Expenses": 978000.0,
        "Depreciation Amortization Depletion Income Statement": 44086000.0,
        "Depreciation And Amortization In Income Statement": 44086000.0,
        "Selling General And Administration": 9078000.0,
        "General And Administrative Expense": 9078000.0,
        "Other Gand A": 9078000.0,
        "Gross Profit": 12576000.0,
        "Cost Of Revenue": 30989000.0,
        "Total Revenue": 43565000.0,
        "Operating Revenue": 43565000.0
    },
    "2025-09-30": {
        "Tax Effect Of Unusual Items": 2574824.037925,
        "Tax Rate For Calcs": 0.084495,
        "Normalized EBITDA": 27215000.0,
        "Total Unusual Items": 30473000.0,
        "Total Unusual Items Excluding Goodwill": 30473000.0,
        "Net Income From Continuing Operation Net Minority Interest": -3283000.0,
        "Reconciled Depreciation": 59988000.0,
        "Reconciled Cost Of Revenue": 40739000.0,
        "EBITDA": 57688000.0,
        "EBIT": -2300000.0,
        "Net Interest Income": -829000.0,
        "Interest Expense": 1286000.0,
        "Interest Income": 457000.0,
        "Normalized Income": -31181175.962075,
        "Net Income From Continuing And Discontinued Operation": -3283000.0,
        "Total Expenses": 106458000.0,
        "Total Operating Income As Reported": -37617000.0,
        "Diluted Average Shares": 393191623.0,
        "Basic Average Shares": 393191623.0,
        "Diluted EPS": -0.01,
        "Basic EPS": -0.01,
        "Diluted NI Availto Com Stockholders": -3283000.0,
        "Net Income Common Stockholders": -3283000.0,
        "Net Income": -3283000.0,
        "Net Income Including Noncontrolling Interests": -3283000.0,
        "Net Income Continuous Operations": -3283000.0,
        "Tax Provision": -303000.0,
        "Pretax Income": -3586000.0,
        "Other Income Expense": 31994000.0,
        "Other Non Operating Income Expenses": 3000000.0,
        "Earnings From Equity Interest": -1479000.0,
        "Gain On Sale Of Security": 30473000.0,
        "Net Non Operating Interest Income Expense": -829000.0,
        "Interest Expense Non Operating": 1286000.0,
        "Interest Income Non Operating": 457000.0,
        "Operating Income": -34751000.0,
        "Operating Expense": 65280000.0,
        "Other Operating Expenses": -2436000.0,
        "Depreciation Amortization Depletion Income Statement": 59549000.0,
        "Depreciation And Amortization In Income Statement": 59549000.0,
        "Selling General And Administration": 8167000.0,
        "General And Administrative Expense": 8167000.0,
        "Other Gand A": 8167000.0,
        "Gross Profit": 30529000.0,
        "Cost Of Revenue": 41178000.0,
        "Total Revenue": 71707000.0,
        "Operating Revenue": 71707000.0
    }
}