{
    "2023-03-31": {
        "Tax Effect Of Unusual Items": NaN,
        "Tax Rate For Calcs": NaN,
        "Normalized EBITDA": NaN,
        "Total Unusual Items": NaN,
        "Total Unusual Items Excluding Goodwill": NaN,
        "Net Income From Continuing Operation Net Minority Interest": NaN,
        "Reconciled Depreciation": NaN,
        "Reconciled Cost Of Revenue": NaN,
        "EBITDA": NaN,
        "EBIT": NaN,
        "Net Interest Income": NaN,
        "Interest Expense": NaN,
        "Interest Income": 329784000.0,
        "Normalized Income": NaN,
        "Net Income From Continuing And Discontinued Operation": NaN,
        "Total Expenses": NaN,
        "Total Operating Income As Reported": NaN,
        "Diluted Average Shares": NaN,
        "Basic Average Shares": NaN,
        "Diluted EPS": NaN,
        "Basic EPS": NaN,
        "Diluted NI Availto Com Stockholders": NaN,
        "Net Income Common Stockholders": NaN,
        "Net Income": NaN,
        "Minority Interests": NaN,
        "Net Income Including Noncontrolling Interests": NaN,
        "Net Income Continuous Operations": NaN,
        "Tax Provision": NaN,
        "Pretax Income": NaN,
        "Other Income Expense": NaN,
        "Other Non Operating Income Expenses": -113000000.0,
        "Special Income Charges": NaN,
        "Gain On Sale Of Ppe": 0.0,
        "Gain On Sale Of Business": NaN,
        "Write Off": NaN,
        "Earnings From Equity Interest": NaN,
        "Gain On Sale Of Security": 30487000.0,
        "Net Non Operating Interest Income Expense": NaN,
        "Total Other Finance Cost": 10000000.0,
        "Interest Expense Non Operating": NaN,
        "Interest Income Non Operating": 329784000.0,
        "Operating Income": NaN,
        "Operating Expense": NaN,
        "Other Operating Expenses": NaN,
        "Other Taxes": 43000000.0,
        "Provision For Doubtful Accounts": NaN,
        "Depreciation Amortization Depletion Income Statement": NaN,
        "Depreciation And Amortization In Income Statement": NaN,
        "Selling General And Administration": NaN,
        "General And Administrative Expense": NaN,
        "Other Gand A": NaN,
        "Salaries And Wages": NaN,
        "Gross Profit": NaN,
        "Cost Of Revenue": NaN,
        "Total Revenue": NaN,
        "Excise Taxes": 2221289000.0,
        "Operating Revenue": NaN
    },
    "2022-12-31": {
        "Tax Effect Of Unusual Items": NaN,
        "Tax Rate For Calcs": NaN,
        "Normalized EBITDA": NaN,
        "Total Unusual Items": NaN,
        "Total Unusual Items Excluding Goodwill": NaN,
        "Net Income From Continuing Operation Net Minority Interest": NaN,
        "Reconciled Depreciation": NaN,
        "Reconciled Cost Of Revenue": NaN,
        "EBITDA": NaN,
        "EBIT": NaN,
        "Net Interest Income": NaN,
        "Interest Expense": NaN,
        "Interest Income": 443772000.0,
        "Normalized Income": NaN,
        "Net Income From Continuing And Discontinued Operation": NaN,
        "Total Expenses": NaN,
        "Total Operating Income As Reported": NaN,
        "Diluted Average Shares": NaN,
        "Basic Average Shares": NaN,
        "Diluted EPS": NaN,
        "Basic EPS": NaN,
        "Diluted NI Availto Com Stockholders": NaN,
        "Net Income Common Stockholders": NaN,
        "Net Income": NaN,
        "Minority Interests": NaN,
        "Net Income Including Noncontrolling Interests": NaN,
        "Net Income Continuous Operations": NaN,
        "Tax Provision": NaN,
        "Pretax Income": NaN,
        "Other Income Expense": NaN,
        "Other Non Operating Income Expenses": NaN,
        "Special Income Charges": NaN,
        "Gain On Sale Of Ppe": NaN,
        "Gain On Sale Of Business": NaN,
        "Write Off": NaN,
        "Earnings From Equity Interest": NaN,
        "Gain On Sale Of Security": 166161000.0,
        "Net Non Operating Interest Income Expense": NaN,
        "Total Other Finance Cost": 292126000.0,
        "Interest Expense Non Operating": NaN,
        "Interest Income Non Operating": 443772000.0,
        "Operating Income": NaN,
        "Operating Expense": NaN,
        "Other Operating Expenses": NaN,
        "Other Taxes": NaN,
        "Provision For Doubtful Accounts": NaN,
        "Depreciation Amortization Depletion Income Statement": NaN,
        "Depreciation And Amortization In Income Statement": NaN,
        "Selling General And Administration": NaN,
        "General And Administrative Expense": NaN,
        "Other Gand A": NaN,
        "Salaries And Wages": NaN,
        "Gross Profit": NaN,
        "Cost Of Revenue": NaN,
        "Total Revenue": NaN,
        "Excise Taxes": -718509000.0,
        "Operating Revenue": NaN
    },
    "2022-09-30": {
        "Tax Effect Of Unusual Items": NaN,
        "Tax Rate For Calcs": NaN,
        "Normalized EBITDA": NaN,
        "Total Unusual Items": NaN,
        "Total Unusual Items Excluding Goodwill": NaN,
        "Net Income From Continuing Operation Net Minority Interest": NaN,
        "Reconciled Depreciation": NaN,
        "Reconciled Cost Of Revenue": NaN,
        "EBITDA": NaN,
        "EBIT": NaN,
        "Net Interest Income": NaN,
        "Interest Expense": NaN,
        "Interest Income": 70000000.0,
        "Normalized Income": NaN,
        "Net Income From Continuing And Discontinued Operation": NaN,
        "Total Expenses": NaN,
        "Total Operating Income As Reported": 1502000000.0,
        "Diluted Average Shares": NaN,
        "Basic Average Shares": NaN,
        "Diluted EPS": NaN,
        "Basic EPS": NaN,
        "Diluted NI Availto Com Stockholders": NaN,
        "Net Income Common Stockholders": NaN,
        "Net Income": NaN,
        "Minority Interests": -485000.0,
        "Net Income Including Noncontrolling Interests": NaN,
        "Net Income Continuous Operations": NaN,
        "Tax Provision": NaN,
        "Pretax Income": NaN,
        "Other Income Expense": NaN,
        "Other Non Operating Income Expenses": NaN,
        "Special Income Charges": NaN,
        "Gain On Sale Of Ppe": 8641000.0,
        "Gain On Sale Of Business": NaN,
        "Write Off": 37686000.0,
        "Restructuring And Mergern Acquisition": -9000000.0,
        "Earnings From Equity Interest": NaN,
        "Gain On Sale Of Security": NaN,
        "Net Non Operating Interest Income Expense": NaN,
        "Total Other Finance Cost": NaN,
        "Interest Expense Non Operating": NaN,
        "Interest Income Non Operating": 70000000.0,
        "Operating Income": NaN,
        "Operating Expense": NaN,
        "Other Operating Expenses": 179158000.0,
        "Other Taxes": NaN,
        "Provision For Doubtful Accounts": -85356000.0,
        "Depreciation Amortization Depletion Income Statement": 297607000.0,
        "Depreciation And Amortization In Income Statement": 297607000.0,
        "Selling General And Administration": 388852000.0,
        "General And Administrative Expense": 388852000.0,
        "Other Gand A": 123605000.0,
        "Salaries And Wages": 388852000.0,
        "Gross Profit": NaN,
        "Cost Of Revenue": NaN,
        "Total Revenue": NaN,
        "Excise Taxes": 2909994000.0,
        "Operating Revenue": NaN
    },
    "2022-06-30": {
        "Tax Effect Of Unusual Items": -133277200.0,
        "Tax Rate For Calcs": 0.4,
        "Normalized EBITDA": -236137000.0,
        "Total Unusual Items": -333193000.0,
        "Total Unusual Items Excluding Goodwill": -333193000.0,
        "Net Income From Continuing Operation Net Minority Interest": 49520000.0,
        "Reconciled Depreciation": 288929000.0,
        "Reconciled Cost Of Revenue": 7789561000.0,
        "EBITDA": -569330000.0,
        "EBIT": -569330000.0,
        "Net Interest Income": -531112000.0,
        "Interest Expense": 235945000.0,
        "Interest Income": 102853000.0,
        "Normalized Income": 249435800.0,
        "Net Income From Continuing And Discontinued Operation": 49520000.0,
        "Total Expenses": 8490818000.0,
        "Total Operating Income As Reported": NaN,
        "Diluted Average Shares": 2476000000.0,
        "Basic Average Shares": 2476000000.0,
        "Diluted EPS": 0.02,
        "Basic EPS": 0.02,
        "Diluted NI Availto Com Stockholders": 49520000.0,
        "Net Income Common Stockholders": 49520000.0,
        "Net Income": 49520000.0,
        "Minority Interests": -356000.0,
        "Net Income Including Noncontrolling Interests": 49876000.0,
        "Net Income Continuous Operations": 49876000.0,
        "Tax Provision": -855151000.0,
        "Pretax Income": -805275000.0,
        "Other Income Expense": 3275000.0,
        "Other Non Operating Income Expenses": NaN,
        "Special Income Charges": 6644000.0,
        "Gain On Sale Of Ppe": 6644000.0,
        "Write Off": NaN,
        "Restructuring And Mergern Acquisition": NaN,
        "Earnings From Equity Interest": 336468000.0,
        "Gain On Sale Of Security": -339837000.0,
        "Net Non Operating Interest Income Expense": -531112000.0,
        "Total Other Finance Cost": 398020000.0,
        "Interest Expense Non Operating": 235945000.0,
        "Interest Income Non Operating": 102853000.0,
        "Operating Income": -277438000.0,
        "Operating Expense": 701257000.0,
        "Other Operating Expenses": 340164000.0,
        "Other Taxes": 0.0,
        "Provision For Doubtful Accounts": NaN,
        "Depreciation Amortization Depletion Income Statement": NaN,
        "Depreciation And Amortization In Income Statement": NaN,
        "Selling General And Administration": 361093000.0,
        "Selling And Marketing Expense": 90366000.0,
        "General And Administrative Expense": 270727000.0,
        "Other Gand A": 270727000.0,
        "Salaries And Wages": NaN,
        "Gross Profit": 423819000.0,
        "Cost Of Revenue": 7789561000.0,
        "Total Revenue": 8213380000.0,
        "Excise Taxes": NaN,
        "Operating Revenue": 11082591000.0
    },
    "2022-03-31": {
        "Diluted EPS": 0.13,
        "Total Revenue": NaN,
        "Gross Profit": 377,
        "Operating Income": 277,
        "EBIT": 332,
        "Net Income": 279
    },
    "2021-12-31": {
        "Diluted EPS": 0.08,
        "Total Revenue": NaN,
        "Gross Profit": 325,
        "Operating Income": 292,
        "EBIT": 341,
        "Net Income": 170
    },
    "2021-09-30": {
        "Diluted EPS": 0.04,
        "Total Revenue": NaN,
        "Gross Profit": 319,
        "Operating Income": 233,
        "EBIT": 288,
        "Net Income": 81
    },
    "2021-06-30": {
        "Diluted EPS": 0.17,
        "Total Revenue": NaN,
        "Gross Profit": 275,
        "Operating Income": 226,
        "EBIT": 273,
        "Net Income": 367
    },
    "2021-03-31": {
        "Diluted EPS": 0.03,
        "Total Revenue": NaN,
        "Gross Profit": 326,
        "Operating Income": 251,
        "EBIT": 295,
        "Net Income": 77
    },
    "2020-12-31": {
        "Diluted EPS": 0.09,
        "Total Revenue": NaN,
        "Gross Profit": 262,
        "Operating Income": 87,
        "EBIT": 143,
        "Net Income": 272
    },
    "2020-09-30": {
        "Diluted EPS": 0.04,
        "Total Revenue": NaN,
        "Gross Profit": 270,
        "Operating Income": 226,
        "EBIT": 272,
        "Net Income": 101
    },
    "2020-06-30": {
        "Diluted EPS": 0.09,
        "Total Revenue": NaN,
        "Gross Profit": 264,
        "Operating Income": 188,
        "EBIT": 224,
        "Net Income": 195
    },
    "2020-03-31": {
        "Diluted EPS": 0.0,
        "Total Revenue": NaN,
        "Gross Profit": 247,
        "Operating Income": 235,
        "EBIT": 290,
        "Net Income": -13
    },
    "2019-12-31": {
        "Diluted EPS": 0.26,
        "Total Revenue": NaN,
        "Gross Profit": 247,
        "Operating Income": 144,
        "EBIT": 144,
        "Net Income": 112
    },
    "2019-09-30": {
        "Diluted EPS": 0.0,
        "Total Revenue": NaN,
        "Gross Profit": 246,
        "Operating Income": -105,
        "EBIT": 77,
        "Net Income": -71
    },
    "2019-06-30": {
        "Diluted EPS": 0.0,
        "Total Revenue": NaN,
        "Gross Profit": 622,
        "Operating Income": 390,
        "EBIT": 329,
        "Net Income": 540
    },
    "2019-03-31": {
        "Diluted EPS": 0.1,
        "Total Revenue": NaN,
        "Gross Profit": 352,
        "Operating Income": 309,
        "EBIT": 370,
        "Net Income": 212
    },
    "2018-12-31": {
        "Diluted EPS": 0.13,
        "Total Revenue": NaN,
        "Gross Profit": 468,
        "Operating Income": 178,
        "EBIT": 246,
        "Net Income": 288
    },
    "2018-09-30": {
        "Diluted EPS": 0.03,
        "Total Revenue": NaN,
        "Gross Profit": 287,
        "Operating Income": 185,
        "EBIT": 235,
        "Net Income": 62
    },
    "2018-06-30": {
        "Diluted EPS": -0.01,
        "Total Revenue": NaN,
        "Gross Profit": 212,
        "Operating Income": 188,
        "EBIT": 237,
        "Net Income": -17
    },
    "2018-03-31": {
        "Diluted EPS": 0.07,
        "Total Revenue": NaN,
        "Gross Profit": 289,
        "Operating Income": 227,
        "EBIT": 293,
        "Net Income": 143
    },
    "2017-12-31": {
        "Diluted EPS": 0.08,
        "Total Revenue": NaN,
        "Gross Profit": 868,
        "Operating Income": 482,
        "EBIT": 553,
        "Net Income": 188
    },
    "2017-09-30": {
        "Diluted EPS": -0.01,
        "Total Revenue": NaN,
        "Gross Profit": -8,
        "Operating Income": -8,
        "EBIT": 59,
        "Net Income": -27
    },
    "2017-06-30": {
        "Diluted EPS": 0.02,
        "Total Revenue": NaN,
        "Gross Profit": 156,
        "Operating Income": 156,
        "EBIT": 220,
        "Net Income": 43
    },
    "2017-03-31": {
        "Diluted EPS": 0.06,
        "Total Revenue": NaN,
        "Gross Profit": 307,
        "Operating Income": 277,
        "EBIT": 341,
        "Net Income": 109
    },
    "2016-12-31": {
        "Diluted EPS": -0.05,
        "Total Revenue": NaN,
        "Gross Profit": 632,
        "Operating Income": 283,
        "EBIT": 336,
        "Net Income": -97
    },
    "2016-09-30": {
        "Diluted EPS": 0.07,
        "Total Revenue": NaN,
        "Gross Profit": 336,
        "Operating Income": 295,
        "EBIT": 367,
        "Net Income": 134
    },
    "2016-06-30": {
        "Diluted EPS": 0.03,
        "Total Revenue": NaN,
        "Gross Profit": 148,
        "Operating Income": 116,
        "EBIT": 178,
        "Net Income": 58
    },
    "2016-03-31": {
        "Diluted EPS": 0.0,
        "Total Revenue": NaN,
        "Gross Profit": 129,
        "Operating Income": 129,
        "EBIT": 180,
        "Net Income": 1
    },
    "2015-12-31": {
        "Diluted EPS": 0.0,
        "Total Revenue": NaN,
        "Gross Profit": -456,
        "Operating Income": -19,
        "EBIT": 57,
        "Net Income": 10
    },
    "2015-09-30": {
        "Diluted EPS": 0.03,
        "Total Revenue": NaN,
        "Gross Profit": 399,
        "Operating Income": 82,
        "EBIT": 122,
        "Net Income": 48
    },
    "2015-06-30": {
        "Diluted EPS": 0.09,
        "Total Revenue": NaN,
        "Gross Profit": 648,
        "Operating Income": 313,
        "EBIT": 366,
        "Net Income": 174
    },
    "2015-03-31": {
        "Diluted EPS": 0.0,
        "Total Revenue": NaN,
        "Gross Profit": NaN,
        "Operating Income": 531,
        "EBIT": 618,
        "Net Income": 523
    },
    "2014-12-31": {
        "Diluted EPS": 0.0,
        "Total Revenue": NaN,
        "Gross Profit": 27,
        "Operating Income": 373,
        "EBIT": 373,
        "Net Income": 797
    },
    "2014-09-30": {
        "Diluted EPS": 0.01,
        "Total Revenue": NaN,
        "Gross Profit": 450,
        "Operating Income": 30,
        "EBIT": 30,
        "Net Income": 11
    },
    "2014-06-30": {
        "Diluted EPS": 0.17,
        "Total Revenue": NaN,
        "Gross Profit": NaN,
        "Operating Income": 764,
        "EBIT": 764,
        "Net Income": 333
    },
    "2014-03-31": {
        "Diluted EPS": 0.0,
        "Total Revenue": NaN,
        "Gross Profit": 893,
        "Operating Income": 768,
        "EBIT": 846,
        "Net Income": 530
    },
    "2013-12-31": {
        "Diluted EPS": 0.0,
        "Total Revenue": NaN,
        "Gross Profit": NaN,
        "Operating Income": 425,
        "EBIT": 557,
        "Net Income": 562
    },
    "2013-09-30": {
        "Diluted EPS": 0.16,
        "Total Revenue": NaN,
        "Gross Profit": NaN,
        "Operating Income": NaN,
        "EBIT": NaN,
        "Net Income": 346
    },
    "2013-06-30": {
        "Diluted EPS": 0.14,
        "Total Revenue": NaN,
        "Gross Profit": 664,
        "Operating Income": 206,
        "EBIT": 292,
        "Net Income": 269
    },
    "2013-03-31": {
        "Diluted EPS": 0.25,
        "Total Revenue": NaN,
        "Gross Profit": 927,
        "Operating Income": 585,
        "EBIT": 686,
        "Net Income": 427
    },
    "2012-12-31": {
        "Diluted EPS": 0.59,
        "Total Revenue": NaN,
        "Gross Profit": -11,
        "Operating Income": 83,
        "EBIT": 246,
        "Net Income": NaN
    },
    "2012-09-30": {
        "Diluted EPS": 0.0,
        "Total Revenue": NaN,
        "Gross Profit": NaN,
        "Operating Income": 625,
        "EBIT": 729,
        "Net Income": 463
    },
    "2012-06-30": {
        "Diluted EPS": 0.19,
        "Total Revenue": NaN,
        "Gross Profit": NaN,
        "Operating Income": 683,
        "EBIT": 796,
        "Net Income": 310
    },
    "2012-03-31": {
        "Diluted EPS": 0.0,
        "Total Revenue": NaN,
        "Gross Profit": 919,
        "Operating Income": 682,
        "EBIT": 817,
        "Net Income": 358
    },
    "2011-12-31": {
        "Diluted EPS": 0.24,
        "Total Revenue": NaN,
        "Gross Profit": 532,
        "Operating Income": 224,
        "EBIT": 224,
        "Net Income": 361
    },
    "2011-09-30": {
        "Diluted EPS": 0.0,
        "Total Revenue": NaN,
        "Gross Profit": 779,
        "Operating Income": 779,
        "EBIT": 779,
        "Net Income": 405
    },
    "2011-06-30": {
        "Diluted EPS": 0.0,
        "Total Revenue": NaN,
        "Gross Profit": 651,
        "Operating Income": 651,
        "EBIT": 801,
        "Net Income": 328
    },
    "2011-03-31": {
        "Diluted EPS": 0.21,
        "Total Revenue": NaN,
        "Gross Profit": NaN,
        "Operating Income": 637,
        "EBIT": 777,
        "Net Income": 316
    },
    "2010-12-31": {
        "Diluted EPS": 0.0,
        "Total Revenue": NaN,
        "Gross Profit": -616,
        "Operating Income": 725,
        "EBIT": 855,
        "Net Income": 575
    },
    "2010-09-30": {
        "Diluted EPS": 0.17,
        "Total Revenue": NaN,
        "Gross Profit": 596,
        "Operating Income": 596,
        "EBIT": 596,
        "Net Income": 324
    },
    "2010-06-30": {
        "Diluted EPS": 0.09,
        "Total Revenue": NaN,
        "Gross Profit": NaN,
        "Operating Income": 381,
        "EBIT": 381,
        "Net Income": 164
    },
    "2010-03-31": {
        "Diluted EPS": 0.13,
        "Total Revenue": NaN,
        "Gross Profit": NaN,
        "Operating Income": 437,
        "EBIT": 543,
        "Net Income": 236
    },
    "2009-12-31": {
        "Diluted EPS": 0.13,
        "Total Revenue": NaN,
        "Gross Profit": NaN,
        "Operating Income": NaN,
        "EBIT": NaN,
        "Net Income": 222
    },
    "2009-09-30": {
        "Diluted EPS": 0.19,
        "Total Revenue": NaN,
        "Gross Profit": 691,
        "Operating Income": 610,
        "EBIT": 731,
        "Net Income": 329
    },
    "2009-06-30": {
        "Diluted EPS": 0.14,
        "Total Revenue": NaN,
        "Gross Profit": 881,
        "Operating Income": 515,
        "EBIT": 607,
        "Net Income": 283
    },
    "2009-03-31": {
        "Diluted EPS": 0.11,
        "Total Revenue": NaN,
        "Gross Profit": NaN,
        "Operating Income": NaN,
        "EBIT": NaN,
        "Net Income": 161
    },
    "2023-06-30": {
        "Tax Effect Of Unusual Items": NaN,
        "Tax Rate For Calcs": NaN,
        "Normalized EBITDA": NaN,
        "Total Unusual Items": NaN,
        "Total Unusual Items Excluding Goodwill": NaN,
        "Net Income From Continuing Operation Net Minority Interest": NaN,
        "Reconciled Depreciation": NaN,
        "Reconciled Cost Of Revenue": NaN,
        "EBITDA": NaN,
        "EBIT": NaN,
        "Net Interest Income": NaN,
        "Interest Expense": 472321000.0,
        "Interest Income": 512131000.0,
        "Normalized Income": NaN,
        "Net Income From Continuing And Discontinued Operation": NaN,
        "Total Expenses": NaN,
        "Total Operating Income As Reported": 1575671000.0,
        "Diluted Average Shares": NaN,
        "Basic Average Shares": NaN,
        "Diluted EPS": NaN,
        "Basic EPS": NaN,
        "Diluted NI Availto Com Stockholders": NaN,
        "Net Income Common Stockholders": NaN,
        "Net Income": NaN,
        "Minority Interests": -699000.0,
        "Net Income Including Noncontrolling Interests": NaN,
        "Net Income Continuous Operations": NaN,
        "Tax Provision": NaN,
        "Pretax Income": NaN,
        "Other Income Expense": NaN,
        "Other Non Operating Income Expenses": 483000.0,
        "Special Income Charges": NaN,
        "Gain On Sale Of Ppe": NaN,
        "Gain On Sale Of Business": 0.0,
        "Write Off": NaN,
        "Earnings From Equity Interest": NaN,
        "Gain On Sale Of Security": 164702000.0,
        "Net Non Operating Interest Income Expense": NaN,
        "Total Other Finance Cost": 77416000.0,
        "Interest Expense Non Operating": 472321000.0,
        "Interest Income Non Operating": 512131000.0,
        "Operating Income": NaN,
        "Operating Expense": NaN,
        "Other Operating Expenses": NaN,
        "Provision For Doubtful Accounts": 21266000.0,
        "Depreciation Amortization Depletion Income Statement": NaN,
        "Depreciation And Amortization In Income Statement": NaN,
        "Selling General And Administration": NaN,
        "General And Administrative Expense": NaN,
        "Other Gand A": 62334000.0,
        "Salaries And Wages": NaN,
        "Gross Profit": NaN,
        "Cost Of Revenue": NaN,
        "Total Revenue": NaN,
        "Excise Taxes": NaN,
        "Operating Revenue": NaN
    },
    "2023-09-30": {
        "Tax Effect Of Unusual Items": NaN,
        "Tax Rate For Calcs": NaN,
        "Normalized EBITDA": NaN,
        "Total Unusual Items": NaN,
        "Total Unusual Items Excluding Goodwill": NaN,
        "Net Income From Continuing Operation Net Minority Interest": NaN,
        "Reconciled Depreciation": NaN,
        "Reconciled Cost Of Revenue": NaN,
        "EBITDA": NaN,
        "EBIT": NaN,
        "Net Interest Income": NaN,
        "Interest Expense": NaN,
        "Interest Income": 345678000.0,
        "Normalized Income": NaN,
        "Net Income From Continuing And Discontinued Operation": NaN,
        "Total Expenses": NaN,
        "Diluted Average Shares": 2860681881.0,
        "Basic Average Shares": 2860681881.0,
        "Diluted EPS": 0.432522,
        "Basic EPS": 0.432522,
        "Diluted NI Availto Com Stockholders": NaN,
        "Net Income Common Stockholders": NaN,
        "Net Income": NaN,
        "Minority Interests": NaN,
        "Net Income Including Noncontrolling Interests": NaN,
        "Net Income Continuous Operations": NaN,
        "Tax Provision": NaN,
        "Pretax Income": NaN,
        "Other Income Expense": NaN,
        "Other Non Operating Income Expenses": NaN,
        "Special Income Charges": NaN,
        "Gain On Sale Of Ppe": 0.0,
        "Write Off": NaN,
        "Earnings From Equity Interest": NaN,
        "Gain On Sale Of Security": 80000000.0,
        "Net Non Operating Interest Income Expense": NaN,
        "Total Other Finance Cost": 70916000000.0,
        "Interest Expense Non Operating": NaN,
        "Interest Income Non Operating": 345678000.0,
        "Operating Income": NaN,
        "Operating Expense": NaN,
        "Other Operating Expenses": NaN,
        "Other Taxes": 0.0,
        "Provision For Doubtful Accounts": NaN,
        "Depreciation Amortization Depletion Income Statement": NaN,
        "Depreciation And Amortization In Income Statement": NaN,
        "Selling General And Administration": NaN,
        "General And Administrative Expense": NaN,
        "Other Gand A": NaN,
        "Salaries And Wages": NaN,
        "Gross Profit": NaN,
        "Cost Of Revenue": NaN,
        "Total Revenue": NaN,
        "Excise Taxes": 3078467000.0,
        "Operating Revenue": NaN
    },
    "2023-12-31": {
        "Tax Effect Of Unusual Items": 21797423.280785,
        "Tax Rate For Calcs": 0.058117,
        "Normalized EBITDA": 1529017000.0,
        "Total Unusual Items": 375059000.0,
        "Total Unusual Items Excluding Goodwill": 375059000.0,
        "Net Income From Continuing Operation Net Minority Interest": 1884472000.0,
        "Reconciled Depreciation": -256698000.0,
        "Reconciled Cost Of Revenue": 8299594000.0,
        "EBITDA": 1904076000.0,
        "EBIT": 2160774000.0,
        "Net Interest Income": -321096000.0,
        "Interest Expense": 158290000.0,
        "Interest Income": NaN,
        "Normalized Income": 1531210423.280785,
        "Net Income From Continuing And Discontinued Operation": 1884472000.0,
        "Total Expenses": 8147010000.0,
        "Diluted Average Shares": 2860681881.0,
        "Basic Average Shares": 2860681881.0,
        "Diluted EPS": 0.659283,
        "Basic EPS": 0.659283,
        "Diluted NI Availto Com Stockholders": 1884472000.0,
        "Net Income Common Stockholders": 1884472000.0,
        "Net Income": 1884472000.0,
        "Minority Interests": NaN,
        "Net Income Including Noncontrolling Interests": 1886105000.0,
        "Net Income Continuous Operations": 1886105000.0,
        "Tax Provision": 116379000.0,
        "Pretax Income": 2002484000.0,
        "Other Income Expense": 513821000.0,
        "Other Non Operating Income Expenses": NaN,
        "Special Income Charges": -45791000.0,
        "Gain On Sale Of Ppe": NaN,
        "Write Off": 45791000.0,
        "Earnings From Equity Interest": 138762000.0,
        "Gain On Sale Of Security": 420850000.0,
        "Net Non Operating Interest Income Expense": -321096000.0,
        "Total Other Finance Cost": 112894000.0,
        "Interest Expense Non Operating": 158290000.0,
        "Interest Income Non Operating": NaN,
        "Operating Income": 1809907000.0,
        "Operating Expense": -192930000.0,
        "Other Operating Expenses": -67654000.0,
        "Other Taxes": -99863000.0,
        "Provision For Doubtful Accounts": 57414000.0,
        "Depreciation Amortization Depletion Income Statement": -297044000.0,
        "Depreciation And Amortization In Income Statement": -297044000.0,
        "Selling General And Administration": 214217000.0,
        "General And Administrative Expense": 214217000.0,
        "Other Gand A": NaN,
        "Salaries And Wages": 47803000.0,
        "Gross Profit": 1616977000.0,
        "Cost Of Revenue": 8339940000.0,
        "Total Revenue": 9956917000.0,
        "Excise Taxes": NaN,
        "Operating Revenue": 12007625000.0
    },
    "2024-03-31": {
        "Tax Effect Of Unusual Items": 4652783.743955,
        "Tax Rate For Calcs": 0.232279,
        "Normalized EBITDA": 2209906000.0,
        "Total Unusual Items": 20031000.0,
        "Total Unusual Items Excluding Goodwill": 20031000.0,
        "Net Income From Continuing Operation Net Minority Interest": 1152891000.0,
        "Reconciled Depreciation": 329000000.0,
        "Reconciled Cost Of Revenue": 5813524000.0,
        "EBITDA": 2229937000.0,
        "EBIT": 1900937000.0,
        "Net Interest Income": -180986000.0,
        "Interest Expense": 399231000.0,
        "Interest Income": 218245000.0,
        "Normalized Income": 1137512783.743955,
        "Net Income From Continuing And Discontinued Operation": 1152891000.0,
        "Total Expenses": 7357082000.0,
        "Diluted Average Shares": 2860681881.0,
        "Basic Average Shares": 2860681881.0,
        "Diluted EPS": 0.403013,
        "Basic EPS": 0.403013,
        "Diluted NI Availto Com Stockholders": 1152891000.0,
        "Net Income Common Stockholders": 1152891000.0,
        "Net Income": 1152891000.0,
        "Minority Interests": NaN,
        "Net Income Including Noncontrolling Interests": 1152891000.0,
        "Net Income Continuous Operations": 1152891000.0,
        "Tax Provision": 348815000.0,
        "Pretax Income": 1501706000.0,
        "Other Income Expense": 110532000.0,
        "Other Non Operating Income Expenses": NaN,
        "Special Income Charges": 20031000.0,
        "Gain On Sale Of Ppe": 42989000.0,
        "Write Off": 22958000.0,
        "Earnings From Equity Interest": 90501000.0,
        "Gain On Sale Of Security": NaN,
        "Net Non Operating Interest Income Expense": -180986000.0,
        "Total Other Finance Cost": NaN,
        "Interest Expense Non Operating": 399231000.0,
        "Interest Income Non Operating": 218245000.0,
        "Operating Income": 1572160000.0,
        "Operating Expense": 1543100000.0,
        "Other Operating Expenses": 633130000.0,
        "Other Taxes": NaN,
        "Provision For Doubtful Accounts": 75853000.0,
        "Depreciation Amortization Depletion Income Statement": 328542000.0,
        "Depreciation And Amortization In Income Statement": 328542000.0,
        "Selling General And Administration": 505575000.0,
        "General And Administrative Expense": 505575000.0,
        "Other Gand A": NaN,
        "Salaries And Wages": 505575000.0,
        "Gross Profit": 3115260000.0,
        "Cost Of Revenue": 5813982000.0,
        "Total Revenue": 8929242000.0,
        "Excise Taxes": 3113468000.0,
        "Operating Revenue": 11379975000.0
    },
    "2024-06-30": {
        "Tax Effect Of Unusual Items": -8681542.339266,
        "Tax Rate For Calcs": 0.214948,
        "Normalized EBITDA": 2832192000.0,
        "Total Unusual Items": -40389000.0,
        "Total Unusual Items Excluding Goodwill": -40389000.0,
        "Net Income From Continuing Operation Net Minority Interest": 1687993000.0,
        "Reconciled Depreciation": 338452000.0,
        "Reconciled Cost Of Revenue": 6599421000.0,
        "EBITDA": 2791803000.0,
        "EBIT": 2453351000.0,
        "Net Interest Income": 202994000.0,
        "Interest Expense": 302428000.0,
        "Interest Income": 97069000.0,
        "Normalized Income": 1719700457.660734,
        "Net Income From Continuing And Discontinued Operation": 1687993000.0,
        "Total Expenses": 6907802000.0,
        "Diluted Average Shares": 2860519844.0,
        "Basic Average Shares": 2860519844.0,
        "Diluted EPS": 0.59,
        "Basic EPS": 0.59,
        "Diluted NI Availto Com Stockholders": 1687993000.0,
        "Net Income Common Stockholders": 1687993000.0,
        "Net Income": 1687993000.0,
        "Minority Interests": -593000.0,
        "Net Income Including Noncontrolling Interests": 1688586000.0,
        "Net Income Continuous Operations": 1688586000.0,
        "Tax Provision": 462337000.0,
        "Pretax Income": 2150923000.0,
        "Other Income Expense": -1678000.0,
        "Other Non Operating Income Expenses": 1278000.0,
        "Special Income Charges": -4438000.0,
        "Gain On Sale Of Ppe": NaN,
        "Write Off": 4438000.0,
        "Earnings From Equity Interest": 38711000.0,
        "Gain On Sale Of Security": -35951000.0,
        "Net Non Operating Interest Income Expense": 202994000.0,
        "Total Other Finance Cost": -408353000.0,
        "Interest Expense Non Operating": 302428000.0,
        "Interest Income Non Operating": 97069000.0,
        "Operating Income": 1949607000.0,
        "Operating Expense": -24502000.0,
        "Other Operating Expenses": -477818000.0,
        "Other Taxes": 48924000.0,
        "Provision For Doubtful Accounts": 77300000.0,
        "Depreciation Amortization Depletion Income Statement": 5569000.0,
        "Depreciation And Amortization In Income Statement": 5569000.0,
        "Selling General And Administration": 321523000.0,
        "General And Administrative Expense": 321523000.0,
        "Other Gand A": 70203000.0,
        "Salaries And Wages": 251320000.0,
        "Gross Profit": 1925105000.0,
        "Cost Of Revenue": 6932304000.0,
        "Total Revenue": 8857409000.0,
        "Excise Taxes": 2320847000.0,
        "Operating Revenue": 11983292000.0
    },
    "2024-09-30": {
        "Tax Effect Of Unusual Items": 450702180.0,
        "Tax Rate For Calcs": 0.279,
        "Normalized EBITDA": 4271310000.0,
        "Total Unusual Items": 1615420000.0,
        "Total Unusual Items Excluding Goodwill": 1615420000.0,
        "Net Income From Continuing Operation Net Minority Interest": 3280197000.0,
        "Reconciled Depreciation": 1012000000.0,
        "Reconciled Cost Of Revenue": 6620604000.0,
        "EBITDA": 5886730000.0,
        "EBIT": 4874730000.0,
        "Net Interest Income": -61545000.0,
        "Interest Expense": 324110000.0,
        "Interest Income": 262565000.0,
        "Normalized Income": 2115479180.0,
        "Net Income From Continuing And Discontinued Operation": 3280197000.0,
        "Total Expenses": 8640737000.0,
        "Diluted Average Shares": 2860681883.0,
        "Basic Average Shares": 2860681883.0,
        "Diluted EPS": 1.146649,
        "Basic EPS": 1.146649,
        "Diluted NI Availto Com Stockholders": 3280197000.0,
        "Net Income Common Stockholders": 3280197000.0,
        "Net Income": 3280197000.0,
        "Minority Interests": NaN,
        "Net Income Including Noncontrolling Interests": 3280197000.0,
        "Net Income Continuous Operations": 3280197000.0,
        "Tax Provision": 1270423000.0,
        "Pretax Income": 4550620000.0,
        "Other Income Expense": 3197708000.0,
        "Other Non Operating Income Expenses": 1520631000.0,
        "Special Income Charges": -1491000.0,
        "Gain On Sale Of Ppe": NaN,
        "Write Off": 1491000.0,
        "Earnings From Equity Interest": 61657000.0,
        "Gain On Sale Of Security": 1616911000.0,
        "Net Non Operating Interest Income Expense": -61545000.0,
        "Total Other Finance Cost": 61657000000.0,
        "Interest Expense Non Operating": 324110000.0,
        "Interest Income Non Operating": 262565000.0,
        "Operating Income": 1414457000.0,
        "Operating Expense": 1353875000.0,
        "Other Operating Expenses": 583707000.0,
        "Other Taxes": -14136000.0,
        "Provision For Doubtful Accounts": -50556000.0,
        "Depreciation Amortization Depletion Income Statement": 345742000.0,
        "Depreciation And Amortization In Income Statement": 345742000.0,
        "Selling General And Administration": 489118000.0,
        "General And Administrative Expense": 489118000.0,
        "Other Gand A": NaN,
        "Salaries And Wages": 489118000.0,
        "Gross Profit": 2768332000.0,
        "Cost Of Revenue": 7286862000.0,
        "Total Revenue": 10055194000.0,
        "Excise Taxes": 3491294000.0,
        "Operating Revenue": 12512629000.0
    },
    "2024-12-31": {
        "Tax Effect Of Unusual Items": 9477119.937545,
        "Tax Rate For Calcs": 0.136328,
        "Normalized EBITDA": 882561000.0,
        "Total Unusual Items": 69517000.0,
        "Total Unusual Items Excluding Goodwill": 69517000.0,
        "Net Income From Continuing Operation Net Minority Interest": 996422000.0,
        "Reconciled Depreciation": -303452000.0,
        "Reconciled Cost Of Revenue": 15393493000.0,
        "EBITDA": 952078000.0,
        "EBIT": 1255530000.0,
        "Net Interest Income": -349177000.0,
        "Interest Expense": 100779000.0,
        "Interest Income": -192872000.0,
        "Normalized Income": 936382119.937545,
        "Net Income From Continuing And Discontinued Operation": 996422000.0,
        "Total Expenses": 14385968000.0,
        "Diluted Average Shares": NaN,
        "Basic Average Shares": NaN,
        "Diluted EPS": NaN,
        "Basic EPS": NaN,
        "Diluted NI Availto Com Stockholders": 996422000.0,
        "Net Income Common Stockholders": 996422000.0,
        "Net Income": 996422000.0,
        "Minority Interests": NaN,
        "Net Income Including Noncontrolling Interests": 997326000.0,
        "Net Income Continuous Operations": 997326000.0,
        "Tax Provision": 157425000.0,
        "Pretax Income": 1154751000.0,
        "Other Income Expense": -1417983000.0,
        "Other Non Operating Income Expenses": NaN,
        "Special Income Charges": -3102000.0,
        "Gain On Sale Of Ppe": NaN,
        "Write Off": 17113000.0,
        "Earnings From Equity Interest": 33131000.0,
        "Gain On Sale Of Security": 72619000.0,
        "Net Non Operating Interest Income Expense": -349177000.0,
        "Total Other Finance Cost": NaN,
        "Interest Expense Non Operating": 100779000.0,
        "Interest Income Non Operating": -192872000.0,
        "Operating Income": -2083089000.0,
        "Operating Expense": -1036459000.0,
        "Other Operating Expenses": 490200000.0,
        "Other Taxes": -1391923000.0,
        "Provision For Doubtful Accounts": 72403000.0,
        "Depreciation Amortization Depletion Income Statement": -332386000.0,
        "Depreciation And Amortization In Income Statement": -332386000.0,
        "Selling General And Administration": 125247000.0,
        "General And Administrative Expense": 125247000.0,
        "Other Gand A": NaN,
        "Salaries And Wages": -147518000.0,
        "Gross Profit": -3119548000.0,
        "Cost Of Revenue": 15422427000.0,
        "Total Revenue": 12302879000.0,
        "Excise Taxes": -8621313000.0,
        "Operating Revenue": 13555397000.0
    }
}