{
    "2023-03-31": {
        "Tax Effect Of Unusual Items": NaN,
        "Tax Rate For Calcs": NaN,
        "Normalized EBITDA": NaN,
        "Total Unusual Items": NaN,
        "Total Unusual Items Excluding Goodwill": NaN,
        "Net Income From Continuing Operation Net Minority Interest": NaN,
        "Reconciled Depreciation": NaN,
        "Reconciled Cost Of Revenue": NaN,
        "EBITDA": NaN,
        "EBIT": NaN,
        "Net Interest Income": NaN,
        "Interest Expense": NaN,
        "Interest Income": 43000.0,
        "Normalized Income": NaN,
        "Net Income From Continuing And Discontinued Operation": NaN,
        "Total Expenses": NaN,
        "Total Operating Income As Reported": NaN,
        "Diluted Average Shares": NaN,
        "Basic Average Shares": NaN,
        "Diluted EPS": NaN,
        "Basic EPS": NaN,
        "Diluted NI Availto Com Stockholders": NaN,
        "Net Income Common Stockholders": NaN,
        "Net Income": NaN,
        "Net Income Including Noncontrolling Interests": NaN,
        "Net Income Continuous Operations": NaN,
        "Tax Provision": NaN,
        "Pretax Income": NaN,
        "Other Income Expense": NaN,
        "Special Income Charges": NaN,
        "Write Off": NaN,
        "Gain On Sale Of Security": NaN,
        "Net Non Operating Interest Income Expense": NaN,
        "Total Other Finance Cost": NaN,
        "Interest Expense Non Operating": NaN,
        "Interest Income Non Operating": 43000.0,
        "Operating Income": NaN,
        "Operating Expense": NaN,
        "Other Operating Expenses": NaN,
        "Selling General And Administration": NaN,
        "Selling And Marketing Expense": NaN,
        "General And Administrative Expense": NaN,
        "Other Gand A": NaN,
        "Gross Profit": NaN,
        "Cost Of Revenue": NaN,
        "Total Revenue": NaN,
        "Operating Revenue": NaN
    },
    "2022-12-31": {
        "Tax Effect Of Unusual Items": NaN,
        "Tax Rate For Calcs": NaN,
        "Normalized EBITDA": NaN,
        "Total Unusual Items": NaN,
        "Total Unusual Items Excluding Goodwill": NaN,
        "Net Income From Continuing Operation Net Minority Interest": NaN,
        "Reconciled Depreciation": NaN,
        "Reconciled Cost Of Revenue": NaN,
        "EBITDA": NaN,
        "EBIT": NaN,
        "Net Interest Income": NaN,
        "Interest Expense": NaN,
        "Interest Income": 584000.0,
        "Normalized Income": NaN,
        "Net Income From Continuing And Discontinued Operation": NaN,
        "Total Expenses": NaN,
        "Total Operating Income As Reported": NaN,
        "Diluted Average Shares": NaN,
        "Basic Average Shares": NaN,
        "Diluted EPS": NaN,
        "Basic EPS": NaN,
        "Diluted NI Availto Com Stockholders": NaN,
        "Net Income Common Stockholders": NaN,
        "Net Income": NaN,
        "Net Income Including Noncontrolling Interests": NaN,
        "Net Income Continuous Operations": NaN,
        "Tax Provision": NaN,
        "Pretax Income": NaN,
        "Other Income Expense": NaN,
        "Special Income Charges": NaN,
        "Write Off": NaN,
        "Gain On Sale Of Security": NaN,
        "Net Non Operating Interest Income Expense": NaN,
        "Total Other Finance Cost": NaN,
        "Interest Expense Non Operating": NaN,
        "Interest Income Non Operating": 584000.0,
        "Operating Income": NaN,
        "Operating Expense": NaN,
        "Other Operating Expenses": NaN,
        "Research And Development": 0.0,
        "Selling General And Administration": NaN,
        "Selling And Marketing Expense": NaN,
        "General And Administrative Expense": NaN,
        "Other Gand A": NaN,
        "Gross Profit": NaN,
        "Cost Of Revenue": NaN,
        "Total Revenue": NaN,
        "Operating Revenue": NaN
    },
    "2022-09-30": {
        "Tax Effect Of Unusual Items": NaN,
        "Tax Rate For Calcs": NaN,
        "Normalized EBITDA": NaN,
        "Total Unusual Items": NaN,
        "Total Unusual Items Excluding Goodwill": NaN,
        "Net Income From Continuing Operation Net Minority Interest": NaN,
        "Reconciled Depreciation": NaN,
        "Reconciled Cost Of Revenue": NaN,
        "EBITDA": NaN,
        "EBIT": NaN,
        "Net Interest Income": NaN,
        "Interest Expense": NaN,
        "Interest Income": 1144000.0,
        "Normalized Income": NaN,
        "Net Income From Continuing And Discontinued Operation": NaN,
        "Total Expenses": NaN,
        "Total Operating Income As Reported": NaN,
        "Diluted Average Shares": NaN,
        "Basic Average Shares": NaN,
        "Diluted EPS": NaN,
        "Basic EPS": NaN,
        "Diluted NI Availto Com Stockholders": NaN,
        "Net Income Common Stockholders": NaN,
        "Net Income": NaN,
        "Net Income Including Noncontrolling Interests": NaN,
        "Net Income Continuous Operations": NaN,
        "Tax Provision": NaN,
        "Pretax Income": NaN,
        "Other Income Expense": NaN,
        "Special Income Charges": NaN,
        "Write Off": NaN,
        "Gain On Sale Of Security": NaN,
        "Net Non Operating Interest Income Expense": NaN,
        "Total Other Finance Cost": NaN,
        "Interest Expense Non Operating": NaN,
        "Interest Income Non Operating": 1144000.0,
        "Operating Income": NaN,
        "Operating Expense": NaN,
        "Other Operating Expenses": NaN,
        "Research And Development": 0.0,
        "Selling General And Administration": NaN,
        "Selling And Marketing Expense": NaN,
        "General And Administrative Expense": NaN,
        "Other Gand A": NaN,
        "Gross Profit": NaN,
        "Cost Of Revenue": NaN,
        "Total Revenue": NaN,
        "Operating Revenue": NaN
    },
    "2022-06-30": {
        "Tax Effect Of Unusual Items": 4925803.030987,
        "Tax Rate For Calcs": 0.376389,
        "Normalized EBITDA": 136726000.0,
        "Total Unusual Items": 13087000.0,
        "Total Unusual Items Excluding Goodwill": 13087000.0,
        "Net Income From Continuing Operation Net Minority Interest": 55222000.0,
        "Reconciled Depreciation": 24206000.0,
        "Reconciled Cost Of Revenue": 670494000.0,
        "EBITDA": 149813000.0,
        "EBIT": 125607000.0,
        "Net Interest Income": -48042000.0,
        "Interest Expense": 37055000.0,
        "Interest Income": 821000.0,
        "Normalized Income": 47060803.030987,
        "Net Income From Continuing And Discontinued Operation": 55222000.0,
        "Total Expenses": 893380000.0,
        "Total Operating Income As Reported": 122797000.0,
        "Diluted Average Shares": 133040816.0,
        "Basic Average Shares": 133040816.0,
        "Diluted EPS": 0.2,
        "Basic EPS": 0.2,
        "Diluted NI Availto Com Stockholders": 55222000.0,
        "Net Income Common Stockholders": 55222000.0,
        "Net Income": 55222000.0,
        "Net Income Including Noncontrolling Interests": 55222000.0,
        "Net Income Continuous Operations": 55222000.0,
        "Tax Provision": 33330000.0,
        "Pretax Income": 88552000.0,
        "Other Income Expense": 13087000.0,
        "Special Income Charges": -710000.0,
        "Write Off": 710000.0,
        "Gain On Sale Of Security": 13797000.0,
        "Net Non Operating Interest Income Expense": -48042000.0,
        "Total Other Finance Cost": 11808000.0,
        "Interest Expense Non Operating": 37055000.0,
        "Interest Income Non Operating": 821000.0,
        "Operating Income": 123507000.0,
        "Operating Expense": 222886000.0,
        "Other Operating Expenses": 4484000.0,
        "Research And Development": 0.0,
        "Selling General And Administration": 218402000.0,
        "Selling And Marketing Expense": 75091000.0,
        "General And Administrative Expense": 143311000.0,
        "Other Gand A": 143311000.0,
        "Gross Profit": 346393000.0,
        "Cost Of Revenue": 670494000.0,
        "Total Revenue": 1016887000.0,
        "Operating Revenue": 1013473000.0
    },
    "2022-03-31": {
        "Diluted EPS": 0.04,
        "Total Revenue": 94,
        "Gross Profit": 31,
        "Operating Income": 12,
        "EBIT": 15,
        "Net Income": 6
    },
    "2021-12-31": {
        "Diluted EPS": 0.0,
        "Total Revenue": NaN,
        "Gross Profit": NaN,
        "Operating Income": NaN,
        "EBIT": NaN,
        "Net Income": NaN
    },
    "2021-09-30": {
        "Diluted EPS": -0.24,
        "Total Revenue": 72,
        "Gross Profit": 72,
        "Operating Income": 72,
        "EBIT": 72,
        "Net Income": 0
    },
    "2021-06-30": {
        "Diluted EPS": 0.0,
        "Total Revenue": NaN,
        "Gross Profit": NaN,
        "Operating Income": NaN,
        "Net Income": NaN
    },
    "2020-12-31": {
        "Diluted EPS": 0.0,
        "Total Revenue": NaN,
        "Gross Profit": NaN,
        "Operating Income": NaN,
        "EBIT": NaN,
        "Net Income": NaN
    },
    "2023-06-30": {
        "Tax Effect Of Unusual Items": NaN,
        "Tax Rate For Calcs": NaN,
        "Normalized EBITDA": NaN,
        "Total Unusual Items": NaN,
        "Total Unusual Items Excluding Goodwill": NaN,
        "Net Income From Continuing Operation Net Minority Interest": NaN,
        "Reconciled Depreciation": NaN,
        "Reconciled Cost Of Revenue": NaN,
        "EBITDA": NaN,
        "EBIT": NaN,
        "Net Interest Income": NaN,
        "Interest Expense": NaN,
        "Interest Income": 266000.0,
        "Normalized Income": NaN,
        "Net Income From Continuing And Discontinued Operation": NaN,
        "Total Expenses": NaN,
        "Rent Expense Supplemental": NaN,
        "Total Operating Income As Reported": NaN,
        "Diluted Average Shares": NaN,
        "Basic Average Shares": NaN,
        "Diluted EPS": NaN,
        "Basic EPS": NaN,
        "Diluted NI Availto Com Stockholders": NaN,
        "Net Income Common Stockholders": NaN,
        "Net Income": NaN,
        "Net Income Including Noncontrolling Interests": NaN,
        "Net Income Continuous Operations": NaN,
        "Tax Provision": NaN,
        "Pretax Income": NaN,
        "Other Income Expense": NaN,
        "Special Income Charges": NaN,
        "Write Off": NaN,
        "Gain On Sale Of Security": NaN,
        "Net Non Operating Interest Income Expense": NaN,
        "Total Other Finance Cost": NaN,
        "Interest Expense Non Operating": NaN,
        "Interest Income Non Operating": 266000.0,
        "Operating Income": NaN,
        "Operating Expense": NaN,
        "Other Operating Expenses": NaN,
        "Selling General And Administration": NaN,
        "Selling And Marketing Expense": NaN,
        "General And Administrative Expense": NaN,
        "Other Gand A": NaN,
        "Gross Profit": NaN,
        "Cost Of Revenue": NaN,
        "Total Revenue": NaN,
        "Operating Revenue": NaN
    },
    "2023-09-30": {
        "Tax Effect Of Unusual Items": NaN,
        "Tax Rate For Calcs": NaN,
        "Normalized EBITDA": NaN,
        "Total Unusual Items": NaN,
        "Total Unusual Items Excluding Goodwill": NaN,
        "Net Income From Continuing Operation Net Minority Interest": NaN,
        "Reconciled Depreciation": NaN,
        "Reconciled Cost Of Revenue": NaN,
        "EBITDA": NaN,
        "EBIT": NaN,
        "Net Interest Income": NaN,
        "Interest Expense": NaN,
        "Interest Income": NaN,
        "Normalized Income": NaN,
        "Net Income From Continuing And Discontinued Operation": NaN,
        "Total Expenses": NaN,
        "Rent Expense Supplemental": 245442.630764,
        "Total Operating Income As Reported": NaN,
        "Diluted Average Shares": NaN,
        "Basic Average Shares": NaN,
        "Diluted EPS": NaN,
        "Basic EPS": NaN,
        "Diluted NI Availto Com Stockholders": NaN,
        "Net Income Common Stockholders": NaN,
        "Net Income": NaN,
        "Net Income Including Noncontrolling Interests": NaN,
        "Net Income Continuous Operations": NaN,
        "Tax Provision": NaN,
        "Pretax Income": NaN,
        "Other Income Expense": NaN,
        "Special Income Charges": NaN,
        "Write Off": NaN,
        "Gain On Sale Of Security": NaN,
        "Net Non Operating Interest Income Expense": NaN,
        "Total Other Finance Cost": NaN,
        "Interest Expense Non Operating": NaN,
        "Interest Income Non Operating": NaN,
        "Operating Income": NaN,
        "Operating Expense": NaN,
        "Other Operating Expenses": NaN,
        "Selling General And Administration": NaN,
        "Selling And Marketing Expense": NaN,
        "General And Administrative Expense": NaN,
        "Other Gand A": NaN,
        "Gross Profit": NaN,
        "Cost Of Revenue": NaN,
        "Total Revenue": NaN,
        "Operating Revenue": NaN
    },
    "2023-12-31": {
        "Tax Effect Of Unusual Items": NaN,
        "Tax Rate For Calcs": NaN,
        "Normalized EBITDA": NaN,
        "Total Unusual Items": NaN,
        "Total Unusual Items Excluding Goodwill": NaN,
        "Net Income From Continuing Operation Net Minority Interest": NaN,
        "Reconciled Depreciation": NaN,
        "Reconciled Cost Of Revenue": NaN,
        "EBITDA": NaN,
        "EBIT": NaN,
        "Net Interest Income": NaN,
        "Interest Expense": NaN,
        "Interest Income": NaN,
        "Normalized Income": NaN,
        "Net Income From Continuing And Discontinued Operation": NaN,
        "Total Expenses": NaN,
        "Rent Expense Supplemental": NaN,
        "Total Operating Income As Reported": NaN,
        "Diluted Average Shares": NaN,
        "Basic Average Shares": NaN,
        "Diluted EPS": NaN,
        "Basic EPS": NaN,
        "Diluted NI Availto Com Stockholders": NaN,
        "Net Income Common Stockholders": NaN,
        "Net Income": NaN,
        "Net Income Including Noncontrolling Interests": NaN,
        "Net Income Continuous Operations": NaN,
        "Tax Provision": NaN,
        "Pretax Income": NaN,
        "Other Income Expense": NaN,
        "Special Income Charges": NaN,
        "Write Off": NaN,
        "Gain On Sale Of Security": NaN,
        "Net Non Operating Interest Income Expense": NaN,
        "Total Other Finance Cost": NaN,
        "Interest Expense Non Operating": NaN,
        "Interest Income Non Operating": NaN,
        "Operating Income": NaN,
        "Operating Expense": NaN,
        "Other Operating Expenses": 210288.621773,
        "Selling General And Administration": NaN,
        "Selling And Marketing Expense": NaN,
        "General And Administrative Expense": NaN,
        "Other Gand A": NaN,
        "Gross Profit": NaN,
        "Cost Of Revenue": NaN,
        "Total Revenue": NaN,
        "Operating Revenue": NaN
    },
    "2024-03-31": {
        "Tax Effect Of Unusual Items": NaN,
        "Tax Rate For Calcs": NaN,
        "Normalized EBITDA": NaN,
        "Total Unusual Items": NaN,
        "Total Unusual Items Excluding Goodwill": NaN,
        "Net Income From Continuing Operation Net Minority Interest": NaN,
        "Reconciled Depreciation": NaN,
        "Reconciled Cost Of Revenue": NaN,
        "EBITDA": NaN,
        "EBIT": NaN,
        "Net Interest Income": NaN,
        "Interest Expense": NaN,
        "Interest Income": NaN,
        "Normalized Income": NaN,
        "Net Income From Continuing And Discontinued Operation": NaN,
        "Total Expenses": NaN,
        "Rent Expense Supplemental": NaN,
        "Total Operating Income As Reported": NaN,
        "Diluted Average Shares": NaN,
        "Basic Average Shares": NaN,
        "Diluted EPS": NaN,
        "Basic EPS": NaN,
        "Diluted NI Availto Com Stockholders": NaN,
        "Net Income Common Stockholders": NaN,
        "Net Income": NaN,
        "Net Income Including Noncontrolling Interests": NaN,
        "Net Income Continuous Operations": NaN,
        "Tax Provision": NaN,
        "Pretax Income": NaN,
        "Other Income Expense": NaN,
        "Other Non Operating Income Expenses": NaN,
        "Special Income Charges": NaN,
        "Write Off": NaN,
        "Gain On Sale Of Security": NaN,
        "Net Non Operating Interest Income Expense": NaN,
        "Total Other Finance Cost": NaN,
        "Interest Expense Non Operating": NaN,
        "Interest Income Non Operating": NaN,
        "Operating Income": NaN,
        "Operating Expense": NaN,
        "Other Operating Expenses": -34000.0,
        "Selling General And Administration": NaN,
        "Selling And Marketing Expense": NaN,
        "General And Administrative Expense": NaN,
        "Other Gand A": NaN,
        "Gross Profit": NaN,
        "Cost Of Revenue": NaN,
        "Total Revenue": NaN,
        "Operating Revenue": NaN
    },
    "2024-06-30": {
        "Tax Effect Of Unusual Items": NaN,
        "Tax Rate For Calcs": NaN,
        "Normalized EBITDA": NaN,
        "Total Unusual Items": NaN,
        "Total Unusual Items Excluding Goodwill": NaN,
        "Net Income From Continuing Operation Net Minority Interest": NaN,
        "Reconciled Depreciation": NaN,
        "Reconciled Cost Of Revenue": NaN,
        "EBITDA": NaN,
        "EBIT": NaN,
        "Net Interest Income": NaN,
        "Interest Expense": NaN,
        "Interest Income": NaN,
        "Normalized Income": NaN,
        "Net Income From Continuing And Discontinued Operation": NaN,
        "Total Expenses": NaN,
        "Rent Expense Supplemental": NaN,
        "Total Operating Income As Reported": NaN,
        "Diluted Average Shares": NaN,
        "Basic Average Shares": NaN,
        "Diluted EPS": NaN,
        "Basic EPS": NaN,
        "Diluted NI Availto Com Stockholders": NaN,
        "Net Income Common Stockholders": NaN,
        "Net Income": NaN,
        "Net Income Including Noncontrolling Interests": NaN,
        "Net Income Continuous Operations": NaN,
        "Tax Provision": NaN,
        "Pretax Income": NaN,
        "Other Income Expense": NaN,
        "Other Non Operating Income Expenses": NaN,
        "Special Income Charges": NaN,
        "Write Off": NaN,
        "Gain On Sale Of Security": NaN,
        "Net Non Operating Interest Income Expense": NaN,
        "Total Other Finance Cost": NaN,
        "Interest Expense Non Operating": NaN,
        "Interest Income Non Operating": NaN,
        "Operating Income": NaN,
        "Operating Expense": NaN,
        "Other Operating Expenses": -89000.0,
        "Selling General And Administration": NaN,
        "Selling And Marketing Expense": NaN,
        "General And Administrative Expense": NaN,
        "Other Gand A": NaN,
        "Gross Profit": NaN,
        "Cost Of Revenue": NaN,
        "Total Revenue": NaN,
        "Operating Revenue": NaN
    },
    "2024-09-30": {
        "Tax Effect Of Unusual Items": -197610.0,
        "Tax Rate For Calcs": 0.21,
        "Normalized EBITDA": 19377000.0,
        "Total Unusual Items": -941000.0,
        "Total Unusual Items Excluding Goodwill": -941000.0,
        "Net Income From Continuing Operation Net Minority Interest": 5152000.0,
        "Reconciled Depreciation": 4303000.0,
        "Reconciled Cost Of Revenue": 73327000.0,
        "EBITDA": 18436000.0,
        "EBIT": 14133000.0,
        "Net Interest Income": -3715000.0,
        "Interest Expense": 3722000.0,
        "Interest Income": 182000.0,
        "Normalized Income": 5895390.0,
        "Net Income From Continuing And Discontinued Operation": 5152000.0,
        "Total Expenses": 97260000.0,
        "Rent Expense Supplemental": 252934.034804,
        "Total Operating Income As Reported": 14120000.0,
        "Diluted Average Shares": 138927000.0,
        "Basic Average Shares": 135978000.0,
        "Diluted EPS": 0.04,
        "Basic EPS": 0.04,
        "Diluted NI Availto Com Stockholders": 5152000.0,
        "Net Income Common Stockholders": 5152000.0,
        "Net Income": 5152000.0,
        "Net Income Including Noncontrolling Interests": 5152000.0,
        "Net Income Continuous Operations": 5152000.0,
        "Tax Provision": 5259000.0,
        "Pretax Income": 10411000.0,
        "Other Income Expense": -846000.0,
        "Other Non Operating Income Expenses": 95000.0,
        "Special Income Charges": -947000.0,
        "Write Off": 947000.0,
        "Gain On Sale Of Security": 6000.0,
        "Net Non Operating Interest Income Expense": -3715000.0,
        "Total Other Finance Cost": 175000.0,
        "Interest Expense Non Operating": 3722000.0,
        "Interest Income Non Operating": 182000.0,
        "Operating Income": 14972000.0,
        "Operating Expense": 23933000.0,
        "Other Operating Expenses": -94183.43696,
        "Selling General And Administration": 23933000.0,
        "Selling And Marketing Expense": 9775000.0,
        "General And Administrative Expense": 14158000.0,
        "Other Gand A": 14158000.0,
        "Gross Profit": 38905000.0,
        "Cost Of Revenue": 73327000.0,
        "Total Revenue": 112232000.0,
        "Operating Revenue": 111368000.0
    },
    "2024-12-31": {
        "Tax Effect Of Unusual Items": -48055.617205,
        "Tax Rate For Calcs": 0.195158,
        "Normalized EBITDA": 22734307.972481,
        "Total Unusual Items": -246239.579118,
        "Total Unusual Items Excluding Goodwill": -246239.579118,
        "Net Income From Continuing Operation Net Minority Interest": 11192613.001729,
        "Reconciled Depreciation": 4173419.962474,
        "Reconciled Cost Of Revenue": 80462360.288437,
        "EBITDA": 22488068.393363,
        "EBIT": 18314648.430889,
        "Net Interest Income": -4555320.039734,
        "Interest Expense": 4408052.315956,
        "Interest Income": 1192481.733564,
        "Normalized Income": 11390796.963642,
        "Net Income From Continuing And Discontinued Operation": 11192613.001729,
        "Total Expenses": 105982880.357603,
        "Rent Expense Supplemental": NaN,
        "Total Operating Income As Reported": 17538867.996027,
        "Diluted Average Shares": 136892330.0,
        "Basic Average Shares": 135074509.0,
        "Diluted EPS": 0.072805,
        "Basic EPS": 0.074423,
        "Diluted NI Availto Com Stockholders": 11192613.001729,
        "Net Income Common Stockholders": 11192613.001729,
        "Net Income": 11192613.001729,
        "Net Income Including Noncontrolling Interests": 11192613.001729,
        "Net Income Continuous Operations": 11192613.001729,
        "Tax Provision": 2713983.113204,
        "Pretax Income": 13906596.114933,
        "Other Income Expense": 284760.420882,
        "Other Non Operating Income Expenses": NaN,
        "Special Income Charges": -1169287.737758,
        "Write Off": 1169287.737758,
        "Gain On Sale Of Security": 923048.15864,
        "Net Non Operating Interest Income Expense": -4555320.039734,
        "Total Other Finance Cost": 1339749.457342,
        "Interest Expense Non Operating": 4408052.315956,
        "Interest Income Non Operating": 1192481.733564,
        "Operating Income": 18177155.733785,
        "Operating Expense": 25520520.069166,
        "Other Operating Expenses": NaN,
        "Selling General And Administration": 25317069.129171,
        "Selling And Marketing Expense": 11429096.31728,
        "General And Administrative Expense": 13887972.811891,
        "Other Gand A": 13887972.811891,
        "Gross Profit": 43697675.802951,
        "Cost Of Revenue": 80462360.288437,
        "Total Revenue": 124160036.091387,
        "Operating Revenue": 123131935.212097
    },
    "2025-03-31": {
        "Tax Effect Of Unusual Items": 589200.0,
        "Tax Rate For Calcs": 0.4,
        "Normalized EBITDA": 18676000.0,
        "Total Unusual Items": 1473000.0,
        "Total Unusual Items Excluding Goodwill": 1473000.0,
        "Net Income From Continuing Operation Net Minority Interest": 7447000.0,
        "Reconciled Depreciation": 4398000.0,
        "Reconciled Cost Of Revenue": 76410000.0,
        "EBITDA": 20149000.0,
        "EBIT": 15751000.0,
        "Net Interest Income": -2886000.0,
        "Interest Expense": 3284000.0,
        "Interest Income": 386000.0,
        "Normalized Income": 6563200.0,
        "Net Income From Continuing And Discontinued Operation": 7447000.0,
        "Total Expenses": 96996000.0,
        "Rent Expense Supplemental": NaN,
        "Total Operating Income As Reported": 14211000.0,
        "Diluted Average Shares": 137203550.0,
        "Basic Average Shares": 135017822.0,
        "Diluted EPS": 0.05,
        "Basic EPS": 0.06,
        "Diluted NI Availto Com Stockholders": 7447000.0,
        "Net Income Common Stockholders": 7447000.0,
        "Net Income": 7447000.0,
        "Net Income Including Noncontrolling Interests": 7447000.0,
        "Net Income Continuous Operations": 7447000.0,
        "Tax Provision": 5020000.0,
        "Pretax Income": 12467000.0,
        "Other Income Expense": 1473000.0,
        "Other Non Operating Income Expenses": NaN,
        "Special Income Charges": 331000.0,
        "Write Off": -331000.0,
        "Gain On Sale Of Security": 1142000.0,
        "Net Non Operating Interest Income Expense": -2886000.0,
        "Total Other Finance Cost": -12000.0,
        "Interest Expense Non Operating": 3284000.0,
        "Interest Income Non Operating": 386000.0,
        "Operating Income": 13880000.0,
        "Operating Expense": 20586000.0,
        "Other Operating Expenses": -242000.0,
        "Selling General And Administration": 20828000.0,
        "Selling And Marketing Expense": 8404000.0,
        "General And Administrative Expense": 12424000.0,
        "Other Gand A": 12424000.0,
        "Gross Profit": 34466000.0,
        "Cost Of Revenue": 76410000.0,
        "Total Revenue": 110876000.0,
        "Operating Revenue": 110458000.0
    },
    "2025-06-30": {
        "Tax Effect Of Unusual Items": 742206.15852,
        "Tax Rate For Calcs": 0.327396,
        "Normalized EBITDA": 20231000.0,
        "Total Unusual Items": 2267000.0,
        "Total Unusual Items Excluding Goodwill": 2267000.0,
        "Net Income From Continuing Operation Net Minority Interest": 9742000.0,
        "Reconciled Depreciation": 4604000.0,
        "Reconciled Cost Of Revenue": 79498000.0,
        "EBITDA": 22498000.0,
        "EBIT": 17894000.0,
        "Net Interest Income": -3375000.0,
        "Interest Expense": 3410000.0,
        "Interest Income": 230000.0,
        "Normalized Income": 8217206.15852,
        "Net Income From Continuing And Discontinued Operation": 9742000.0,
        "Total Expenses": 101593000.0,
        "Rent Expense Supplemental": NaN,
        "Total Operating Income As Reported": 15500000.0,
        "Diluted Average Shares": 132478854.0,
        "Basic Average Shares": 130855082.0,
        "Diluted EPS": 0.07,
        "Basic EPS": 0.07,
        "Diluted NI Availto Com Stockholders": 9742000.0,
        "Net Income Common Stockholders": 9742000.0,
        "Net Income": 9742000.0,
        "Net Income Including Noncontrolling Interests": 9742000.0,
        "Net Income Continuous Operations": 9742000.0,
        "Tax Provision": 4742000.0,
        "Pretax Income": 14484000.0,
        "Other Income Expense": 2267000.0,
        "Other Non Operating Income Expenses": NaN,
        "Special Income Charges": -92000.0,
        "Write Off": 92000.0,
        "Gain On Sale Of Security": 2359000.0,
        "Net Non Operating Interest Income Expense": -3375000.0,
        "Total Other Finance Cost": 195000.0,
        "Interest Expense Non Operating": 3410000.0,
        "Interest Income Non Operating": 230000.0,
        "Operating Income": 15592000.0,
        "Operating Expense": 22095000.0,
        "Other Operating Expenses": -526000.0,
        "Selling General And Administration": 22621000.0,
        "Selling And Marketing Expense": 9444000.0,
        "General And Administrative Expense": 13177000.0,
        "Other Gand A": 13177000.0,
        "Gross Profit": 37687000.0,
        "Cost Of Revenue": 79498000.0,
        "Total Revenue": 117185000.0,
        "Operating Revenue": 116776000.0
    },
    "2025-09-30": {
        "Tax Effect Of Unusual Items": -212782.780176,
        "Tax Rate For Calcs": 0.340452,
        "Normalized EBITDA": 22283000.0,
        "Total Unusual Items": -625000.0,
        "Total Unusual Items Excluding Goodwill": -625000.0,
        "Net Income From Continuing Operation Net Minority Interest": 8863000.0,
        "Reconciled Depreciation": 4684000.0,
        "Reconciled Cost Of Revenue": 86223000.0,
        "EBITDA": 21658000.0,
        "EBIT": 16974000.0,
        "Net Interest Income": -3507000.0,
        "Interest Expense": 3536000.0,
        "Interest Income": 273000.0,
        "Normalized Income": 9275217.219824,
        "Net Income From Continuing And Discontinued Operation": 8863000.0,
        "Total Expenses": 110360000.0,
        "Rent Expense Supplemental": NaN,
        "Total Operating Income As Reported": 17549000.0,
        "Diluted Average Shares": 131991000.0,
        "Basic Average Shares": 130723000.0,
        "Diluted EPS": 0.07,
        "Basic EPS": 0.07,
        "Diluted NI Availto Com Stockholders": 8863000.0,
        "Net Income Common Stockholders": 8863000.0,
        "Net Income": 8863000.0,
        "Net Income Including Noncontrolling Interests": 8863000.0,
        "Net Income Continuous Operations": 8863000.0,
        "Tax Provision": 4575000.0,
        "Pretax Income": 13438000.0,
        "Other Income Expense": -7000.0,
        "Other Non Operating Income Expenses": 618000.0,
        "Special Income Charges": -21000.0,
        "Write Off": 21000.0,
        "Gain On Sale Of Security": -604000.0,
        "Net Non Operating Interest Income Expense": -3507000.0,
        "Total Other Finance Cost": 244000.0,
        "Interest Expense Non Operating": 3536000.0,
        "Interest Income Non Operating": 273000.0,
        "Operating Income": 16952000.0,
        "Operating Expense": 24137000.0,
        "Other Operating Expenses": NaN,
        "Selling General And Administration": 24137000.0,
        "Selling And Marketing Expense": 10075000.0,
        "General And Administrative Expense": 14062000.0,
        "Other Gand A": 14062000.0,
        "Gross Profit": 41089000.0,
        "Cost Of Revenue": 86223000.0,
        "Total Revenue": 127312000.0,
        "Operating Revenue": 126306000.0
    }
}