{
    "2023-03-31": {
        "Tax Effect Of Unusual Items": NaN,
        "Tax Rate For Calcs": NaN,
        "Normalized EBITDA": NaN,
        "Total Unusual Items": 7566000.0,
        "Total Unusual Items Excluding Goodwill": 7566000.0,
        "Net Income From Continuing Operation Net Minority Interest": NaN,
        "EBITDA": NaN,
        "EBIT": NaN,
        "Net Interest Income": NaN,
        "Interest Income": NaN,
        "Normalized Income": NaN,
        "Net Income From Continuing And Discontinued Operation": NaN,
        "Total Expenses": NaN,
        "Total Operating Income As Reported": NaN,
        "Diluted Average Shares": 11749139.0,
        "Basic Average Shares": 11749139.0,
        "Diluted EPS": -0.89,
        "Basic EPS": -0.89,
        "Diluted NI Availto Com Stockholders": NaN,
        "Net Income Common Stockholders": NaN,
        "Net Income": NaN,
        "Net Income Including Noncontrolling Interests": NaN,
        "Net Income Continuous Operations": NaN,
        "Pretax Income": NaN,
        "Other Income Expense": 7566000.0,
        "Gain On Sale Of Security": 7566000.0,
        "Net Non Operating Interest Income Expense": NaN,
        "Interest Income Non Operating": NaN,
        "Operating Income": NaN,
        "Operating Expense": NaN,
        "Research And Development": NaN,
        "Selling General And Administration": NaN,
        "General And Administrative Expense": NaN,
        "Other Gand A": NaN,
        "Total Revenue": NaN,
        "Operating Revenue": NaN
    },
    "2022-12-31": {
        "Tax Effect Of Unusual Items": 0.0,
        "Tax Rate For Calcs": 0.0,
        "Normalized EBITDA": -16644000.0,
        "Total Unusual Items": NaN,
        "Total Unusual Items Excluding Goodwill": NaN,
        "Net Income From Continuing Operation Net Minority Interest": -21022000.0,
        "EBITDA": -16644000.0,
        "EBIT": -16644000.0,
        "Net Interest Income": 73000.0,
        "Interest Income": 73000.0,
        "Normalized Income": -21022000.0,
        "Net Income From Continuing And Discontinued Operation": -21022000.0,
        "Total Expenses": 16718000.0,
        "Total Operating Income As Reported": -16644000.0,
        "Diluted Average Shares": NaN,
        "Basic Average Shares": NaN,
        "Diluted EPS": NaN,
        "Basic EPS": NaN,
        "Diluted NI Availto Com Stockholders": -21022000.0,
        "Net Income Common Stockholders": -21022000.0,
        "Net Income": -21022000.0,
        "Net Income Including Noncontrolling Interests": -21022000.0,
        "Net Income Continuous Operations": -21022000.0,
        "Pretax Income": -21022000.0,
        "Other Income Expense": NaN,
        "Gain On Sale Of Security": NaN,
        "Net Non Operating Interest Income Expense": 73000.0,
        "Interest Income Non Operating": 73000.0,
        "Operating Income": -16644000.0,
        "Operating Expense": 16718000.0,
        "Research And Development": 14236000.0,
        "Selling General And Administration": 2482000.0,
        "General And Administrative Expense": 2482000.0,
        "Other Gand A": 2482000.0,
        "Total Revenue": 74000.0,
        "Operating Revenue": 74000.0
    },
    "2022-09-30": {
        "Tax Effect Of Unusual Items": NaN,
        "Tax Rate For Calcs": NaN,
        "Normalized EBITDA": NaN,
        "Total Unusual Items": NaN,
        "Total Unusual Items Excluding Goodwill": NaN,
        "Net Income From Continuing Operation Net Minority Interest": NaN,
        "EBITDA": NaN,
        "EBIT": NaN,
        "Net Interest Income": NaN,
        "Interest Income": NaN,
        "Normalized Income": NaN,
        "Net Income From Continuing And Discontinued Operation": NaN,
        "Total Expenses": NaN,
        "Total Operating Income As Reported": NaN,
        "Diluted Average Shares": 8856750.0,
        "Basic Average Shares": 8856750.0,
        "Diluted EPS": -1.2,
        "Basic EPS": -1.2,
        "Diluted NI Availto Com Stockholders": NaN,
        "Net Income Common Stockholders": NaN,
        "Net Income": NaN,
        "Net Income Including Noncontrolling Interests": NaN,
        "Net Income Continuous Operations": NaN,
        "Pretax Income": NaN,
        "Other Income Expense": NaN,
        "Gain On Sale Of Security": NaN,
        "Net Non Operating Interest Income Expense": NaN,
        "Interest Income Non Operating": NaN,
        "Operating Income": NaN,
        "Operating Expense": NaN,
        "Research And Development": NaN,
        "Selling General And Administration": NaN,
        "General And Administrative Expense": NaN,
        "Other Gand A": NaN,
        "Total Revenue": NaN,
        "Operating Revenue": NaN
    },
    "2022-06-30": {
        "Tax Effect Of Unusual Items": 0.0,
        "Tax Rate For Calcs": 0.0,
        "Normalized EBITDA": -14164000.0,
        "Total Unusual Items": NaN,
        "Total Unusual Items Excluding Goodwill": NaN,
        "Net Income From Continuing Operation Net Minority Interest": -14142000.0,
        "EBITDA": -14164000.0,
        "EBIT": -14164000.0,
        "Net Interest Income": 22000.0,
        "Interest Income": 22000.0,
        "Normalized Income": -14142000.0,
        "Net Income From Continuing And Discontinued Operation": -14142000.0,
        "Total Expenses": 14182000.0,
        "Total Operating Income As Reported": -14164000.0,
        "Diluted Average Shares": 8750982.0,
        "Basic Average Shares": 8750982.0,
        "Diluted EPS": -1.62,
        "Basic EPS": -1.62,
        "Diluted NI Availto Com Stockholders": -14142000.0,
        "Net Income Common Stockholders": -14142000.0,
        "Net Income": -14142000.0,
        "Net Income Including Noncontrolling Interests": -14142000.0,
        "Net Income Continuous Operations": -14142000.0,
        "Pretax Income": -14142000.0,
        "Other Income Expense": NaN,
        "Gain On Sale Of Security": NaN,
        "Net Non Operating Interest Income Expense": 22000.0,
        "Interest Income Non Operating": 22000.0,
        "Operating Income": -14164000.0,
        "Operating Expense": 14182000.0,
        "Research And Development": 12053000.0,
        "Selling General And Administration": 2129000.0,
        "General And Administrative Expense": 2129000.0,
        "Other Gand A": 2129000.0,
        "Total Revenue": 18000.0,
        "Operating Revenue": 18000.0
    },
    "2022-03-31": {
        "Diluted EPS": -1.98,
        "Total Revenue": 0,
        "Gross Profit": 0,
        "Operating Income": -17,
        "EBIT": -17,
        "Net Income": -17
    },
    "2021-12-31": {
        "Diluted EPS": -3.95,
        "Total Revenue": 0,
        "Gross Profit": 0,
        "Operating Income": -30,
        "EBIT": -30,
        "Net Income": -30
    },
    "2021-09-30": {
        "Diluted EPS": -1.4,
        "Total Revenue": 0,
        "Gross Profit": 0,
        "Operating Income": -11,
        "EBIT": -11,
        "Net Income": -11
    },
    "2021-06-30": {
        "Diluted EPS": -1.2,
        "Total Revenue": 0,
        "Gross Profit": 0,
        "Operating Income": -9,
        "EBIT": -9,
        "Net Income": -9
    },
    "2021-03-31": {
        "Diluted EPS": -0.9,
        "Total Revenue": 0,
        "Gross Profit": 0,
        "Operating Income": -7,
        "EBIT": -7,
        "Net Income": -7
    },
    "2020-12-31": {
        "Diluted EPS": -1.7,
        "Total Revenue": 0,
        "Gross Profit": 0,
        "Operating Income": -10,
        "EBIT": -10,
        "Net Income": -10
    },
    "2020-09-30": {
        "Diluted EPS": -0.9,
        "Total Revenue": 0,
        "Gross Profit": 0,
        "Operating Income": -5,
        "EBIT": -5,
        "Net Income": -5
    },
    "2020-06-30": {
        "Diluted EPS": -0.9,
        "Total Revenue": 0,
        "Gross Profit": 0,
        "Operating Income": -5,
        "EBIT": -5,
        "Net Income": -5
    },
    "2020-03-31": {
        "Diluted EPS": -0.6,
        "Total Revenue": 1,
        "Gross Profit": 1,
        "Operating Income": -3,
        "EBIT": -3,
        "Net Income": -3
    },
    "2019-12-31": {
        "Diluted EPS": -2.2,
        "Total Revenue": 0,
        "Gross Profit": 0,
        "Operating Income": -9,
        "EBIT": -9,
        "Net Income": -9
    },
    "2019-09-30": {
        "Diluted EPS": -1.5,
        "Total Revenue": 0,
        "Gross Profit": 0,
        "Operating Income": -5,
        "EBIT": -5,
        "Net Income": -5
    },
    "2019-06-30": {
        "Diluted EPS": -1.5,
        "Total Revenue": 1,
        "Gross Profit": 1,
        "Operating Income": -5,
        "EBIT": -5,
        "Net Income": -5
    },
    "2019-03-31": {
        "Diluted EPS": -1.8,
        "Total Revenue": 0,
        "Gross Profit": 0,
        "Operating Income": -6,
        "EBIT": -6,
        "Net Income": -6
    },
    "2018-12-31": {
        "Diluted EPS": -3.7,
        "Total Revenue": 3,
        "Gross Profit": 3,
        "Operating Income": -12,
        "EBIT": -12,
        "Net Income": -12
    },
    "2018-09-30": {
        "Diluted EPS": -3.2,
        "Total Revenue": 0,
        "Gross Profit": 0,
        "Operating Income": -9,
        "EBIT": -9,
        "Net Income": -9
    },
    "2018-06-30": {
        "Diluted EPS": -2.3,
        "Total Revenue": 0,
        "Gross Profit": 0,
        "Operating Income": -7,
        "EBIT": -7,
        "Net Income": -7
    },
    "2018-03-31": {
        "Diluted EPS": -3.5,
        "Total Revenue": 0,
        "Gross Profit": 0,
        "Operating Income": -9,
        "EBIT": -9,
        "Net Income": -9
    },
    "2017-12-31": {
        "Diluted EPS": -2.6,
        "Total Revenue": 0,
        "Gross Profit": 0,
        "Operating Income": -6,
        "EBIT": -6,
        "Net Income": -6
    },
    "2017-09-30": {
        "Diluted EPS": -2.6,
        "Total Revenue": 0,
        "Gross Profit": 0,
        "Operating Income": -6,
        "EBIT": -6,
        "Net Income": -6
    },
    "2017-06-30": {
        "Diluted EPS": -2.8,
        "Total Revenue": 0,
        "Gross Profit": 0,
        "Operating Income": -6,
        "EBIT": -6,
        "Net Income": -6
    },
    "2017-03-31": {
        "Diluted EPS": -2.0,
        "Total Revenue": 1,
        "Gross Profit": 1,
        "Operating Income": -4,
        "EBIT": -4,
        "Net Income": -4
    },
    "2016-12-31": {
        "Diluted EPS": -3.8,
        "Total Revenue": 0,
        "Gross Profit": 0,
        "Operating Income": -8,
        "EBIT": -8,
        "Net Income": -8
    },
    "2016-09-30": {
        "Diluted EPS": -2.4,
        "Total Revenue": 1,
        "Gross Profit": 1,
        "Operating Income": -5,
        "EBIT": -5,
        "Net Income": -5
    },
    "2016-06-30": {
        "Diluted EPS": -2.5,
        "Total Revenue": 1,
        "Gross Profit": 1,
        "Operating Income": -5,
        "EBIT": -5,
        "Net Income": -5
    },
    "2016-03-31": {
        "Diluted EPS": -1.7,
        "Total Revenue": 0,
        "Gross Profit": 0,
        "Operating Income": -3,
        "EBIT": -3,
        "Net Income": -4
    },
    "2015-12-31": {
        "Diluted EPS": 0.0,
        "Total Revenue": NaN,
        "Gross Profit": NaN,
        "Operating Income": NaN,
        "EBIT": NaN,
        "Net Income": NaN
    },
    "2015-09-30": {
        "Diluted EPS": -4.4,
        "Total Revenue": 0,
        "Gross Profit": 0,
        "Operating Income": -4,
        "EBIT": -4,
        "Net Income": -4
    },
    "2023-06-30": {
        "Tax Effect Of Unusual Items": NaN,
        "Tax Rate For Calcs": NaN,
        "Normalized EBITDA": NaN,
        "Total Unusual Items": -357000.0,
        "Total Unusual Items Excluding Goodwill": -357000.0,
        "Net Income From Continuing Operation Net Minority Interest": NaN,
        "EBITDA": NaN,
        "EBIT": NaN,
        "Net Interest Income": NaN,
        "Interest Income": NaN,
        "Normalized Income": NaN,
        "Net Income From Continuing And Discontinued Operation": NaN,
        "Total Expenses": NaN,
        "Total Operating Income As Reported": NaN,
        "Diluted Average Shares": 15700324.0,
        "Basic Average Shares": 15700324.0,
        "Diluted EPS": -1.05,
        "Basic EPS": -1.05,
        "Diluted NI Availto Com Stockholders": NaN,
        "Net Income Common Stockholders": NaN,
        "Net Income": NaN,
        "Net Income Including Noncontrolling Interests": NaN,
        "Net Income Continuous Operations": NaN,
        "Pretax Income": NaN,
        "Other Income Expense": -357000.0,
        "Gain On Sale Of Security": -357000.0,
        "Net Non Operating Interest Income Expense": NaN,
        "Interest Income Non Operating": NaN,
        "Operating Income": NaN,
        "Operating Expense": NaN,
        "Research And Development": NaN,
        "Selling General And Administration": NaN,
        "General And Administrative Expense": NaN,
        "Other Gand A": NaN,
        "Total Revenue": NaN,
        "Operating Revenue": NaN
    },
    "2023-09-30": {
        "Tax Effect Of Unusual Items": NaN,
        "Tax Rate For Calcs": NaN,
        "Normalized EBITDA": NaN,
        "Total Unusual Items": NaN,
        "Total Unusual Items Excluding Goodwill": NaN,
        "Net Income From Continuing Operation Net Minority Interest": NaN,
        "EBITDA": NaN,
        "EBIT": NaN,
        "Net Interest Income": NaN,
        "Interest Income": NaN,
        "Normalized Income": NaN,
        "Net Income From Continuing And Discontinued Operation": NaN,
        "Total Expenses": NaN,
        "Total Operating Income As Reported": NaN,
        "Diluted Average Shares": 19988079.0,
        "Basic Average Shares": 19988079.0,
        "Diluted EPS": -0.29,
        "Basic EPS": -0.29,
        "Diluted NI Availto Com Stockholders": NaN,
        "Net Income Common Stockholders": NaN,
        "Net Income": NaN,
        "Net Income Including Noncontrolling Interests": NaN,
        "Net Income Continuous Operations": NaN,
        "Pretax Income": NaN,
        "Other Income Expense": NaN,
        "Special Income Charges": NaN,
        "Restructuring And Mergern Acquisition": NaN,
        "Gain On Sale Of Security": NaN,
        "Net Non Operating Interest Income Expense": NaN,
        "Interest Income Non Operating": NaN,
        "Operating Income": NaN,
        "Operating Expense": NaN,
        "Research And Development": NaN,
        "Selling General And Administration": NaN,
        "Selling And Marketing Expense": NaN,
        "General And Administrative Expense": NaN,
        "Other Gand A": NaN,
        "Salaries And Wages": NaN,
        "Total Revenue": NaN,
        "Operating Revenue": NaN
    },
    "2023-12-31": {
        "Tax Effect Of Unusual Items": NaN,
        "Tax Rate For Calcs": NaN,
        "Normalized EBITDA": NaN,
        "Total Unusual Items": -8962000.0,
        "Total Unusual Items Excluding Goodwill": -8962000.0,
        "Net Income From Continuing Operation Net Minority Interest": NaN,
        "EBITDA": NaN,
        "EBIT": NaN,
        "Net Interest Income": NaN,
        "Interest Income": NaN,
        "Normalized Income": NaN,
        "Net Income From Continuing And Discontinued Operation": NaN,
        "Total Expenses": NaN,
        "Total Operating Income As Reported": NaN,
        "Diluted Average Shares": NaN,
        "Basic Average Shares": NaN,
        "Diluted EPS": NaN,
        "Basic EPS": NaN,
        "Diluted NI Availto Com Stockholders": NaN,
        "Net Income Common Stockholders": NaN,
        "Net Income": NaN,
        "Net Income Including Noncontrolling Interests": NaN,
        "Net Income Continuous Operations": NaN,
        "Pretax Income": NaN,
        "Other Income Expense": -8962000.0,
        "Special Income Charges": NaN,
        "Restructuring And Mergern Acquisition": NaN,
        "Gain On Sale Of Security": -8962000.0,
        "Net Non Operating Interest Income Expense": NaN,
        "Interest Income Non Operating": NaN,
        "Operating Income": NaN,
        "Operating Expense": NaN,
        "Research And Development": NaN,
        "Selling General And Administration": NaN,
        "Selling And Marketing Expense": NaN,
        "General And Administrative Expense": NaN,
        "Other Gand A": NaN,
        "Salaries And Wages": NaN,
        "Total Revenue": NaN,
        "Operating Revenue": NaN
    },
    "2024-03-31": {
        "Tax Effect Of Unusual Items": 0.0,
        "Tax Rate For Calcs": 0.0,
        "Normalized EBITDA": -10947000.0,
        "Total Unusual Items": -1000.0,
        "Total Unusual Items Excluding Goodwill": -1000.0,
        "Net Income From Continuing Operation Net Minority Interest": -10945000.0,
        "EBITDA": -10948000.0,
        "EBIT": -10948000.0,
        "Net Interest Income": 4000.0,
        "Interest Income": 4000.0,
        "Normalized Income": -10944000.0,
        "Net Income From Continuing And Discontinued Operation": -10945000.0,
        "Total Expenses": 10948000.0,
        "Total Operating Income As Reported": -10948000.0,
        "Diluted Average Shares": 33930977.0,
        "Basic Average Shares": 33930977.0,
        "Diluted EPS": -0.33,
        "Basic EPS": -0.33,
        "Diluted NI Availto Com Stockholders": -10945000.0,
        "Net Income Common Stockholders": -10945000.0,
        "Net Income": -10945000.0,
        "Net Income Including Noncontrolling Interests": -10945000.0,
        "Net Income Continuous Operations": -10945000.0,
        "Pretax Income": -10945000.0,
        "Other Income Expense": -1000.0,
        "Special Income Charges": NaN,
        "Restructuring And Mergern Acquisition": NaN,
        "Gain On Sale Of Security": -1000.0,
        "Net Non Operating Interest Income Expense": 4000.0,
        "Interest Income Non Operating": 4000.0,
        "Operating Income": -10948000.0,
        "Operating Expense": 10948000.0,
        "Research And Development": 8497000.0,
        "Selling General And Administration": 2451000.0,
        "Selling And Marketing Expense": 100000.0,
        "General And Administrative Expense": 2351000.0,
        "Other Gand A": 1751000.0,
        "Salaries And Wages": 600000.0,
        "Total Revenue": 0.0,
        "Operating Revenue": 0.0
    },
    "2024-06-30": {
        "Tax Effect Of Unusual Items": 0.0,
        "Tax Rate For Calcs": 0.0,
        "Normalized EBITDA": -6673000.0,
        "Total Unusual Items": NaN,
        "Total Unusual Items Excluding Goodwill": NaN,
        "Net Income From Continuing Operation Net Minority Interest": -6670000.0,
        "EBITDA": -6673000.0,
        "EBIT": -6673000.0,
        "Net Interest Income": 3000.0,
        "Interest Income": 3000.0,
        "Normalized Income": -6670000.0,
        "Net Income From Continuing And Discontinued Operation": -6670000.0,
        "Total Expenses": 6714000.0,
        "Total Operating Income As Reported": -6673000.0,
        "Diluted Average Shares": 36526268.0,
        "Basic Average Shares": 36526268.0,
        "Diluted EPS": -0.18,
        "Basic EPS": -0.18,
        "Diluted NI Availto Com Stockholders": -6670000.0,
        "Net Income Common Stockholders": -6670000.0,
        "Net Income": -6670000.0,
        "Net Income Including Noncontrolling Interests": -6670000.0,
        "Net Income Continuous Operations": -6670000.0,
        "Pretax Income": -6670000.0,
        "Other Income Expense": NaN,
        "Special Income Charges": NaN,
        "Restructuring And Mergern Acquisition": NaN,
        "Gain On Sale Of Security": NaN,
        "Net Non Operating Interest Income Expense": 3000.0,
        "Interest Income Non Operating": 3000.0,
        "Operating Income": -6673000.0,
        "Operating Expense": 6714000.0,
        "Research And Development": 4480000.0,
        "Selling General And Administration": 2234000.0,
        "Selling And Marketing Expense": NaN,
        "General And Administrative Expense": 2234000.0,
        "Other Gand A": 2234000.0,
        "Salaries And Wages": NaN,
        "Total Revenue": 41000.0,
        "Operating Revenue": 41000.0
    },
    "2024-09-30": {
        "Tax Effect Of Unusual Items": 0.0,
        "Tax Rate For Calcs": 0.0,
        "Normalized EBITDA": -9721000.0,
        "Total Unusual Items": -3000.0,
        "Total Unusual Items Excluding Goodwill": -3000.0,
        "Net Income From Continuing Operation Net Minority Interest": -9725000.0,
        "EBITDA": -9724000.0,
        "EBIT": -9724000.0,
        "Net Interest Income": 2000.0,
        "Interest Income": 2000.0,
        "Normalized Income": -9722000.0,
        "Net Income From Continuing And Discontinued Operation": -9725000.0,
        "Total Expenses": 9724000.0,
        "Total Operating Income As Reported": -9724000.0,
        "Diluted Average Shares": 43151861.0,
        "Basic Average Shares": 43151861.0,
        "Diluted EPS": -0.23,
        "Basic EPS": -0.23,
        "Diluted NI Availto Com Stockholders": -9725000.0,
        "Net Income Common Stockholders": -9725000.0,
        "Net Income": -9725000.0,
        "Net Income Including Noncontrolling Interests": -9725000.0,
        "Net Income Continuous Operations": -9725000.0,
        "Pretax Income": -9725000.0,
        "Other Income Expense": -3000.0,
        "Special Income Charges": NaN,
        "Restructuring And Mergern Acquisition": NaN,
        "Gain On Sale Of Security": -3000.0,
        "Net Non Operating Interest Income Expense": 2000.0,
        "Interest Income Non Operating": 2000.0,
        "Operating Income": -9724000.0,
        "Operating Expense": 9724000.0,
        "Research And Development": 6366000.0,
        "Selling General And Administration": 3358000.0,
        "Selling And Marketing Expense": NaN,
        "General And Administrative Expense": 3358000.0,
        "Other Gand A": 3358000.0,
        "Salaries And Wages": NaN,
        "Total Revenue": 0.0,
        "Operating Revenue": 0.0
    },
    "2024-12-31": {
        "Tax Effect Of Unusual Items": 0.0,
        "Tax Rate For Calcs": 0.0,
        "Normalized EBITDA": -28756000.0,
        "Total Unusual Items": -73000.0,
        "Total Unusual Items Excluding Goodwill": -73000.0,
        "Net Income From Continuing Operation Net Minority Interest": -28900000.0,
        "EBITDA": -28829000.0,
        "EBIT": -28829000.0,
        "Net Interest Income": 2000.0,
        "Interest Income": 2000.0,
        "Normalized Income": -28827000.0,
        "Net Income From Continuing And Discontinued Operation": -28900000.0,
        "Total Expenses": 28829000.0,
        "Total Operating Income As Reported": -28829000.0,
        "Diluted Average Shares": NaN,
        "Basic Average Shares": NaN,
        "Diluted EPS": NaN,
        "Basic EPS": NaN,
        "Diluted NI Availto Com Stockholders": -28900000.0,
        "Net Income Common Stockholders": -28900000.0,
        "Net Income": -28900000.0,
        "Net Income Including Noncontrolling Interests": -28900000.0,
        "Net Income Continuous Operations": -28900000.0,
        "Pretax Income": -28900000.0,
        "Other Income Expense": -73000.0,
        "Special Income Charges": NaN,
        "Restructuring And Mergern Acquisition": NaN,
        "Gain On Sale Of Security": -73000.0,
        "Net Non Operating Interest Income Expense": 2000.0,
        "Interest Income Non Operating": 2000.0,
        "Operating Income": -28829000.0,
        "Operating Expense": 28829000.0,
        "Research And Development": 16809000.0,
        "Selling General And Administration": 12020000.0,
        "Selling And Marketing Expense": NaN,
        "General And Administrative Expense": 12020000.0,
        "Other Gand A": 12020000.0,
        "Salaries And Wages": NaN,
        "Total Revenue": 0.0,
        "Operating Revenue": 0.0
    },
    "2025-03-31": {
        "Tax Effect Of Unusual Items": 0.0,
        "Tax Rate For Calcs": 0.0,
        "Normalized EBITDA": -8085000.0,
        "Total Unusual Items": -1564000.0,
        "Total Unusual Items Excluding Goodwill": -1564000.0,
        "Net Income From Continuing Operation Net Minority Interest": -11212000.0,
        "EBITDA": -9649000.0,
        "EBIT": -9649000.0,
        "Net Interest Income": 1000.0,
        "Interest Income": 1000.0,
        "Normalized Income": -9648000.0,
        "Net Income From Continuing And Discontinued Operation": -11212000.0,
        "Total Expenses": 9649000.0,
        "Total Operating Income As Reported": -11149000.0,
        "Diluted Average Shares": 59823565.0,
        "Basic Average Shares": 59823565.0,
        "Diluted EPS": -0.19,
        "Basic EPS": -0.19,
        "Diluted NI Availto Com Stockholders": -11212000.0,
        "Net Income Common Stockholders": -11212000.0,
        "Net Income": -11212000.0,
        "Net Income Including Noncontrolling Interests": -11212000.0,
        "Net Income Continuous Operations": -11212000.0,
        "Pretax Income": -11212000.0,
        "Other Income Expense": -1564000.0,
        "Special Income Charges": -1500000.0,
        "Restructuring And Mergern Acquisition": 1500000.0,
        "Gain On Sale Of Security": -64000.0,
        "Net Non Operating Interest Income Expense": 1000.0,
        "Interest Income Non Operating": 1000.0,
        "Operating Income": -9649000.0,
        "Operating Expense": 9649000.0,
        "Research And Development": 3788000.0,
        "Selling General And Administration": 5861000.0,
        "Selling And Marketing Expense": NaN,
        "General And Administrative Expense": 5861000.0,
        "Other Gand A": 4061000.0,
        "Salaries And Wages": 1800000.0,
        "Total Revenue": 0.0,
        "Operating Revenue": 0.0
    }
}