{
    "2023-06-30": {
        "Tax Effect Of Unusual Items": NaN,
        "Tax Rate For Calcs": NaN,
        "Normalized EBITDA": NaN,
        "Net Income From Continuing Operation Net Minority Interest": NaN,
        "Reconciled Depreciation": NaN,
        "Reconciled Cost Of Revenue": NaN,
        "EBITDA": NaN,
        "EBIT": NaN,
        "Net Interest Income": NaN,
        "Normalized Income": NaN,
        "Net Income From Continuing And Discontinued Operation": NaN,
        "Total Expenses": NaN,
        "Total Operating Income As Reported": NaN,
        "Diluted Average Shares": NaN,
        "Basic Average Shares": NaN,
        "Diluted EPS": NaN,
        "Basic EPS": NaN,
        "Diluted NI Availto Com Stockholders": NaN,
        "Net Income Common Stockholders": NaN,
        "Net Income": NaN,
        "Minority Interests": NaN,
        "Net Income Including Noncontrolling Interests": NaN,
        "Net Income Continuous Operations": NaN,
        "Tax Provision": NaN,
        "Pretax Income": NaN,
        "Other Income Expense": NaN,
        "Other Non Operating Income Expenses": NaN,
        "Net Non Operating Interest Income Expense": NaN,
        "Total Other Finance Cost": 58000000.0,
        "Operating Income": NaN,
        "Operating Expense": NaN,
        "Other Operating Expenses": 45000000.0,
        "Selling General And Administration": NaN,
        "Gross Profit": NaN,
        "Cost Of Revenue": NaN,
        "Total Revenue": NaN,
        "Operating Revenue": NaN
    },
    "2023-03-31": {
        "Tax Effect Of Unusual Items": NaN,
        "Tax Rate For Calcs": NaN,
        "Normalized EBITDA": NaN,
        "Net Income From Continuing Operation Net Minority Interest": NaN,
        "Reconciled Depreciation": NaN,
        "Reconciled Cost Of Revenue": NaN,
        "EBITDA": NaN,
        "EBIT": NaN,
        "Net Interest Income": NaN,
        "Normalized Income": NaN,
        "Net Income From Continuing And Discontinued Operation": NaN,
        "Total Expenses": NaN,
        "Total Operating Income As Reported": NaN,
        "Diluted Average Shares": NaN,
        "Basic Average Shares": NaN,
        "Diluted EPS": NaN,
        "Basic EPS": NaN,
        "Diluted NI Availto Com Stockholders": NaN,
        "Net Income Common Stockholders": NaN,
        "Net Income": NaN,
        "Minority Interests": NaN,
        "Net Income Including Noncontrolling Interests": NaN,
        "Net Income Continuous Operations": NaN,
        "Tax Provision": NaN,
        "Pretax Income": NaN,
        "Other Income Expense": NaN,
        "Other Non Operating Income Expenses": NaN,
        "Net Non Operating Interest Income Expense": NaN,
        "Total Other Finance Cost": 54000000.0,
        "Operating Income": NaN,
        "Operating Expense": NaN,
        "Other Operating Expenses": 45000000.0,
        "Selling General And Administration": NaN,
        "Gross Profit": NaN,
        "Cost Of Revenue": NaN,
        "Total Revenue": NaN,
        "Operating Revenue": NaN
    },
    "2022-12-31": {
        "Tax Effect Of Unusual Items": NaN,
        "Tax Rate For Calcs": NaN,
        "Normalized EBITDA": NaN,
        "Net Income From Continuing Operation Net Minority Interest": NaN,
        "Reconciled Depreciation": NaN,
        "Reconciled Cost Of Revenue": NaN,
        "EBITDA": NaN,
        "EBIT": NaN,
        "Net Interest Income": NaN,
        "Normalized Income": NaN,
        "Net Income From Continuing And Discontinued Operation": NaN,
        "Total Expenses": NaN,
        "Total Operating Income As Reported": NaN,
        "Diluted Average Shares": NaN,
        "Basic Average Shares": NaN,
        "Diluted EPS": NaN,
        "Basic EPS": NaN,
        "Diluted NI Availto Com Stockholders": NaN,
        "Net Income Common Stockholders": NaN,
        "Net Income": NaN,
        "Minority Interests": NaN,
        "Net Income Including Noncontrolling Interests": NaN,
        "Net Income Continuous Operations": NaN,
        "Tax Provision": NaN,
        "Pretax Income": NaN,
        "Other Income Expense": NaN,
        "Other Non Operating Income Expenses": NaN,
        "Net Non Operating Interest Income Expense": NaN,
        "Total Other Finance Cost": NaN,
        "Operating Income": NaN,
        "Operating Expense": NaN,
        "Other Operating Expenses": 14000000.0,
        "Selling General And Administration": NaN,
        "Gross Profit": NaN,
        "Cost Of Revenue": NaN,
        "Total Revenue": NaN,
        "Operating Revenue": NaN
    },
    "2022-09-30": {
        "Tax Effect Of Unusual Items": NaN,
        "Tax Rate For Calcs": NaN,
        "Normalized EBITDA": NaN,
        "Net Income From Continuing Operation Net Minority Interest": NaN,
        "Reconciled Depreciation": NaN,
        "Reconciled Cost Of Revenue": NaN,
        "EBITDA": NaN,
        "EBIT": NaN,
        "Net Interest Income": NaN,
        "Normalized Income": NaN,
        "Net Income From Continuing And Discontinued Operation": NaN,
        "Total Expenses": NaN,
        "Total Operating Income As Reported": NaN,
        "Diluted Average Shares": NaN,
        "Basic Average Shares": NaN,
        "Diluted EPS": NaN,
        "Basic EPS": NaN,
        "Diluted NI Availto Com Stockholders": NaN,
        "Net Income Common Stockholders": NaN,
        "Net Income": NaN,
        "Minority Interests": NaN,
        "Net Income Including Noncontrolling Interests": NaN,
        "Net Income Continuous Operations": NaN,
        "Tax Provision": NaN,
        "Pretax Income": NaN,
        "Other Income Expense": NaN,
        "Other Non Operating Income Expenses": NaN,
        "Net Non Operating Interest Income Expense": NaN,
        "Total Other Finance Cost": 40000000.0,
        "Operating Income": NaN,
        "Operating Expense": NaN,
        "Other Operating Expenses": NaN,
        "Selling General And Administration": NaN,
        "Gross Profit": NaN,
        "Cost Of Revenue": NaN,
        "Total Revenue": NaN,
        "Operating Revenue": NaN
    },
    "2022-06-30": {
        "Tax Effect Of Unusual Items": 0.0,
        "Tax Rate For Calcs": 0.24,
        "Normalized EBITDA": 1022000000.0,
        "Total Unusual Items": NaN,
        "Total Unusual Items Excluding Goodwill": NaN,
        "Net Income From Continuing Operation Net Minority Interest": 603000000.0,
        "Reconciled Depreciation": 138000000.0,
        "Reconciled Cost Of Revenue": 1930000000.0,
        "EBITDA": 1022000000.0,
        "EBIT": 884000000.0,
        "Net Interest Income": -31000000.0,
        "Normalized Income": 603000000.0,
        "Net Income From Continuing And Discontinued Operation": 603000000.0,
        "Total Expenses": 3600000000.0,
        "Total Operating Income As Reported": 884000000.0,
        "Diluted Average Shares": 839400000.0,
        "Basic Average Shares": 836800000.0,
        "Diluted EPS": 0.72,
        "Basic EPS": 0.72,
        "Diluted NI Availto Com Stockholders": 603000000.0,
        "Net Income Common Stockholders": 603000000.0,
        "Net Income": 603000000.0,
        "Minority Interests": -36000000.0,
        "Net Income Including Noncontrolling Interests": 639000000.0,
        "Net Income Continuous Operations": 639000000.0,
        "Tax Provision": 202000000.0,
        "Pretax Income": 841000000.0,
        "Other Income Expense": -12000000.0,
        "Other Non Operating Income Expenses": -12000000.0,
        "Special Income Charges": NaN,
        "Impairment Of Capital Assets": NaN,
        "Net Non Operating Interest Income Expense": -31000000.0,
        "Total Other Finance Cost": 31000000.0,
        "Operating Income": 884000000.0,
        "Operating Expense": 1670000000.0,
        "Other Operating Expenses": 13000000.0,
        "Selling General And Administration": 1657000000.0,
        "Gross Profit": 2554000000.0,
        "Cost Of Revenue": 1930000000.0,
        "Total Revenue": 4484000000.0,
        "Operating Revenue": 4484000000.0
    },
    "2023-09-30": {
        "Tax Effect Of Unusual Items": NaN,
        "Tax Rate For Calcs": NaN,
        "Normalized EBITDA": NaN,
        "Net Income From Continuing Operation Net Minority Interest": NaN,
        "Reconciled Depreciation": NaN,
        "Reconciled Cost Of Revenue": NaN,
        "EBITDA": NaN,
        "EBIT": NaN,
        "Net Interest Income": NaN,
        "Interest Expense": NaN,
        "Interest Income": NaN,
        "Normalized Income": NaN,
        "Net Income From Continuing And Discontinued Operation": NaN,
        "Total Expenses": NaN,
        "Total Operating Income As Reported": NaN,
        "Diluted Average Shares": NaN,
        "Basic Average Shares": NaN,
        "Diluted EPS": NaN,
        "Basic EPS": NaN,
        "Diluted NI Availto Com Stockholders": NaN,
        "Net Income Common Stockholders": NaN,
        "Net Income": NaN,
        "Minority Interests": NaN,
        "Net Income Including Noncontrolling Interests": NaN,
        "Net Income Continuous Operations": NaN,
        "Tax Provision": NaN,
        "Pretax Income": NaN,
        "Other Income Expense": NaN,
        "Other Non Operating Income Expenses": NaN,
        "Net Non Operating Interest Income Expense": NaN,
        "Total Other Finance Cost": 58000000.0,
        "Interest Expense Non Operating": NaN,
        "Interest Income Non Operating": NaN,
        "Operating Income": NaN,
        "Operating Expense": NaN,
        "Other Operating Expenses": 26000000.0,
        "Selling General And Administration": NaN,
        "Gross Profit": NaN,
        "Cost Of Revenue": NaN,
        "Total Revenue": NaN,
        "Operating Revenue": NaN
    },
    "2023-12-31": {
        "Tax Effect Of Unusual Items": 0.0,
        "Tax Rate For Calcs": 0.230769,
        "Normalized EBITDA": 917000000.0,
        "Net Income From Continuing Operation Net Minority Interest": 718000000.0,
        "Reconciled Depreciation": 150000000.0,
        "Reconciled Cost Of Revenue": 2000000000.0,
        "EBITDA": 917000000.0,
        "EBIT": 767000000.0,
        "Net Interest Income": -62000000.0,
        "Normalized Income": 718000000.0,
        "Net Income From Continuing And Discontinued Operation": 718000000.0,
        "Total Expenses": 3777000000.0,
        "Total Operating Income As Reported": 1072000000.0,
        "Diluted Average Shares": 825100000.0,
        "Basic Average Shares": 823400000.0,
        "Diluted EPS": 0.87,
        "Basic EPS": 0.87,
        "Diluted NI Availto Com Stockholders": 718000000.0,
        "Net Income Common Stockholders": 718000000.0,
        "Net Income": 718000000.0,
        "Minority Interests": -42000000.0,
        "Net Income Including Noncontrolling Interests": 760000000.0,
        "Net Income Continuous Operations": 760000000.0,
        "Tax Provision": 228000000.0,
        "Pretax Income": 988000000.0,
        "Other Income Expense": -123000000.0,
        "Other Non Operating Income Expenses": -104000000.0,
        "Net Non Operating Interest Income Expense": -62000000.0,
        "Total Other Finance Cost": NaN,
        "Operating Income": 1173000000.0,
        "Operating Expense": 1777000000.0,
        "Other Operating Expenses": NaN,
        "Selling General And Administration": 1803000000.0,
        "Gross Profit": 2950000000.0,
        "Cost Of Revenue": 2000000000.0,
        "Total Revenue": 4950000000.0,
        "Operating Revenue": 4950000000.0
    },
    "2024-03-31": {
        "Tax Effect Of Unusual Items": NaN,
        "Tax Rate For Calcs": NaN,
        "Normalized EBITDA": NaN,
        "Net Income From Continuing Operation Net Minority Interest": NaN,
        "Reconciled Depreciation": NaN,
        "Reconciled Cost Of Revenue": NaN,
        "EBITDA": NaN,
        "EBIT": NaN,
        "Net Interest Income": NaN,
        "Interest Expense": 73000000.0,
        "Interest Income": 15000000.0,
        "Normalized Income": NaN,
        "Net Income From Continuing And Discontinued Operation": NaN,
        "Total Expenses": NaN,
        "Total Operating Income As Reported": NaN,
        "Diluted Average Shares": NaN,
        "Basic Average Shares": NaN,
        "Diluted EPS": NaN,
        "Basic EPS": NaN,
        "Diluted NI Availto Com Stockholders": NaN,
        "Net Income Common Stockholders": NaN,
        "Net Income": NaN,
        "Minority Interests": NaN,
        "Net Income Including Noncontrolling Interests": NaN,
        "Net Income Continuous Operations": NaN,
        "Tax Provision": NaN,
        "Pretax Income": NaN,
        "Other Income Expense": NaN,
        "Other Non Operating Income Expenses": NaN,
        "Net Non Operating Interest Income Expense": NaN,
        "Total Other Finance Cost": 58000000.0,
        "Interest Expense Non Operating": 73000000.0,
        "Interest Income Non Operating": 15000000.0,
        "Operating Income": NaN,
        "Operating Expense": NaN,
        "Other Operating Expenses": NaN,
        "Selling General And Administration": NaN,
        "Gross Profit": NaN,
        "Cost Of Revenue": NaN,
        "Total Revenue": NaN,
        "Operating Revenue": NaN
    },
    "2024-06-30": {
        "Tax Effect Of Unusual Items": NaN,
        "Tax Rate For Calcs": NaN,
        "Normalized EBITDA": NaN,
        "Net Income From Continuing Operation Net Minority Interest": NaN,
        "Reconciled Depreciation": NaN,
        "Reconciled Cost Of Revenue": NaN,
        "EBITDA": NaN,
        "EBIT": NaN,
        "Net Interest Income": NaN,
        "Interest Expense": 78000000.0,
        "Interest Income": 18000000.0,
        "Normalized Income": NaN,
        "Net Income From Continuing And Discontinued Operation": NaN,
        "Total Expenses": NaN,
        "Total Operating Income As Reported": NaN,
        "Diluted Average Shares": NaN,
        "Basic Average Shares": NaN,
        "Diluted EPS": NaN,
        "Basic EPS": NaN,
        "Diluted NI Availto Com Stockholders": NaN,
        "Net Income Common Stockholders": NaN,
        "Net Income": NaN,
        "Minority Interests": NaN,
        "Net Income Including Noncontrolling Interests": NaN,
        "Net Income Continuous Operations": NaN,
        "Tax Provision": NaN,
        "Pretax Income": NaN,
        "Other Income Expense": NaN,
        "Other Non Operating Income Expenses": NaN,
        "Net Non Operating Interest Income Expense": NaN,
        "Total Other Finance Cost": 60000000.0,
        "Interest Expense Non Operating": 78000000.0,
        "Interest Income Non Operating": 18000000.0,
        "Operating Income": NaN,
        "Operating Expense": NaN,
        "Other Operating Expenses": 35000000.0,
        "Selling General And Administration": NaN,
        "Gross Profit": NaN,
        "Cost Of Revenue": NaN,
        "Total Revenue": NaN,
        "Operating Revenue": NaN
    },
    "2024-09-30": {
        "Tax Effect Of Unusual Items": 0.0,
        "Tax Rate For Calcs": 0.213,
        "Normalized EBITDA": 1210000000.0,
        "Net Income From Continuing Operation Net Minority Interest": 737000000.0,
        "Reconciled Depreciation": 150000000.0,
        "Reconciled Cost Of Revenue": 1959000000.0,
        "EBITDA": 1210000000.0,
        "EBIT": 1060000000.0,
        "Net Interest Income": -56000000.0,
        "Interest Expense": NaN,
        "Interest Income": NaN,
        "Normalized Income": 737000000.0,
        "Net Income From Continuing And Discontinued Operation": 737000000.0,
        "Total Expenses": 3968000000.0,
        "Total Operating Income As Reported": 1065000000.0,
        "Diluted Average Shares": 822500000.0,
        "Basic Average Shares": 817700000.0,
        "Diluted EPS": 0.9,
        "Basic EPS": 0.9,
        "Diluted NI Availto Com Stockholders": 737000000.0,
        "Net Income Common Stockholders": 737000000.0,
        "Net Income": 737000000.0,
        "Minority Interests": -39000000.0,
        "Net Income Including Noncontrolling Interests": 776000000.0,
        "Net Income Continuous Operations": 776000000.0,
        "Tax Provision": 210000000.0,
        "Pretax Income": 986000000.0,
        "Other Income Expense": -23000000.0,
        "Other Non Operating Income Expenses": -23000000.0,
        "Net Non Operating Interest Income Expense": -56000000.0,
        "Total Other Finance Cost": 56000000.0,
        "Interest Expense Non Operating": NaN,
        "Interest Income Non Operating": NaN,
        "Operating Income": 1065000000.0,
        "Operating Expense": 2009000000.0,
        "Other Operating Expenses": 30000000.0,
        "Selling General And Administration": 1979000000.0,
        "Gross Profit": 3074000000.0,
        "Cost Of Revenue": 1959000000.0,
        "Total Revenue": 5033000000.0,
        "Operating Revenue": 5033000000.0
    },
    "2024-12-31": {
        "Tax Effect Of Unusual Items": 0.0,
        "Tax Rate For Calcs": 0.215509,
        "Normalized EBITDA": 1191000000.0,
        "Net Income From Continuing Operation Net Minority Interest": 739000000.0,
        "Reconciled Depreciation": 148000000.0,
        "Reconciled Cost Of Revenue": 1963000000.0,
        "EBITDA": 1191000000.0,
        "EBIT": 1043000000.0,
        "Net Interest Income": -50000000.0,
        "Interest Expense": NaN,
        "Interest Income": NaN,
        "Normalized Income": 739000000.0,
        "Net Income From Continuing And Discontinued Operation": 739000000.0,
        "Total Expenses": 3820000000.0,
        "Total Operating Income As Reported": 1063000000.0,
        "Diluted Average Shares": 819700000.0,
        "Basic Average Shares": 816000000.0,
        "Diluted EPS": 0.9,
        "Basic EPS": 0.91,
        "Diluted NI Availto Com Stockholders": 739000000.0,
        "Net Income Common Stockholders": 739000000.0,
        "Net Income": 739000000.0,
        "Minority Interests": -40000000.0,
        "Net Income Including Noncontrolling Interests": 779000000.0,
        "Net Income Continuous Operations": 779000000.0,
        "Tax Provision": 214000000.0,
        "Pretax Income": 993000000.0,
        "Other Income Expense": -82000000.0,
        "Other Non Operating Income Expenses": -98000000.0,
        "Net Non Operating Interest Income Expense": -50000000.0,
        "Total Other Finance Cost": NaN,
        "Interest Expense Non Operating": NaN,
        "Interest Income Non Operating": NaN,
        "Operating Income": 1125000000.0,
        "Operating Expense": 1857000000.0,
        "Other Operating Expenses": NaN,
        "Selling General And Administration": 1896000000.0,
        "Gross Profit": 2982000000.0,
        "Cost Of Revenue": 1963000000.0,
        "Total Revenue": 4945000000.0,
        "Operating Revenue": 4945000000.0
    },
    "2025-03-31": {
        "Tax Effect Of Unusual Items": 0.0,
        "Tax Rate For Calcs": 0.237,
        "Normalized EBITDA": 1167000000.0,
        "Net Income From Continuing Operation Net Minority Interest": 690000000.0,
        "Reconciled Depreciation": 148000000.0,
        "Reconciled Cost Of Revenue": 1924000000.0,
        "EBITDA": 1167000000.0,
        "EBIT": 1019000000.0,
        "Net Interest Income": -51000000.0,
        "Interest Expense": 66000000.0,
        "Interest Income": 15000000.0,
        "Normalized Income": 690000000.0,
        "Net Income From Continuing And Discontinued Operation": 690000000.0,
        "Total Expenses": 3835000000.0,
        "Total Operating Income As Reported": 1076000000.0,
        "Diluted Average Shares": 815000000.0,
        "Basic Average Shares": 812000000.0,
        "Diluted EPS": 0.85,
        "Basic EPS": 0.85,
        "Diluted NI Availto Com Stockholders": 690000000.0,
        "Net Income Common Stockholders": 690000000.0,
        "Net Income": 690000000.0,
        "Minority Interests": -36000000.0,
        "Net Income Including Noncontrolling Interests": 726000000.0,
        "Net Income Continuous Operations": 726000000.0,
        "Tax Provision": 227000000.0,
        "Pretax Income": 953000000.0,
        "Other Income Expense": -72000000.0,
        "Other Non Operating Income Expenses": -72000000.0,
        "Net Non Operating Interest Income Expense": -51000000.0,
        "Total Other Finance Cost": NaN,
        "Interest Expense Non Operating": 66000000.0,
        "Interest Income Non Operating": 15000000.0,
        "Operating Income": 1076000000.0,
        "Operating Expense": 1911000000.0,
        "Other Operating Expenses": 13000000.0,
        "Selling General And Administration": 1898000000.0,
        "Gross Profit": 2987000000.0,
        "Cost Of Revenue": 1924000000.0,
        "Total Revenue": 4911000000.0,
        "Operating Revenue": 4911000000.0
    },
    "2025-06-30": {
        "Tax Effect Of Unusual Items": 0.0,
        "Tax Rate For Calcs": 0.232,
        "Normalized EBITDA": 1229000000.0,
        "Net Income From Continuing Operation Net Minority Interest": 743000000.0,
        "Reconciled Depreciation": 151000000.0,
        "Reconciled Cost Of Revenue": 2041000000.0,
        "EBITDA": 1229000000.0,
        "EBIT": 1078000000.0,
        "Net Interest Income": -50000000.0,
        "Interest Expense": 71000000.0,
        "Interest Income": 21000000.0,
        "Normalized Income": 743000000.0,
        "Net Income From Continuing And Discontinued Operation": 743000000.0,
        "Total Expenses": 4030000000.0,
        "Total Operating Income As Reported": 1080000000.0,
        "Diluted Average Shares": 813300000.0,
        "Basic Average Shares": 810200000.0,
        "Diluted EPS": 0.91,
        "Basic EPS": 0.92,
        "Diluted NI Availto Com Stockholders": 743000000.0,
        "Net Income Common Stockholders": 743000000.0,
        "Net Income": 743000000.0,
        "Minority Interests": -30000000.0,
        "Net Income Including Noncontrolling Interests": 773000000.0,
        "Net Income Continuous Operations": 773000000.0,
        "Tax Provision": 234000000.0,
        "Pretax Income": 1007000000.0,
        "Other Income Expense": -23000000.0,
        "Other Non Operating Income Expenses": -23000000.0,
        "Net Non Operating Interest Income Expense": -50000000.0,
        "Total Other Finance Cost": NaN,
        "Interest Expense Non Operating": 71000000.0,
        "Interest Income Non Operating": 21000000.0,
        "Operating Income": 1080000000.0,
        "Operating Expense": 1989000000.0,
        "Other Operating Expenses": 26000000.0,
        "Selling General And Administration": 1963000000.0,
        "Gross Profit": 3069000000.0,
        "Cost Of Revenue": 2041000000.0,
        "Total Revenue": 5110000000.0,
        "Operating Revenue": 5110000000.0
    },
    "2025-09-30": {
        "Tax Effect Of Unusual Items": 0.0,
        "Tax Rate For Calcs": 0.228,
        "Normalized EBITDA": 1217000000.0,
        "Net Income From Continuing Operation Net Minority Interest": 735000000.0,
        "Reconciled Depreciation": 158000000.0,
        "Reconciled Cost Of Revenue": 2082000000.0,
        "EBITDA": 1217000000.0,
        "EBIT": 1059000000.0,
        "Net Interest Income": -46000000.0,
        "Interest Expense": 67000000.0,
        "Interest Income": 21000000.0,
        "Normalized Income": 735000000.0,
        "Net Income From Continuing And Discontinued Operation": 735000000.0,
        "Total Expenses": 4072000000.0,
        "Total Operating Income As Reported": 1059000000.0,
        "Diluted Average Shares": 810200000.0,
        "Basic Average Shares": 807800000.0,
        "Diluted EPS": 0.91,
        "Basic EPS": 0.91,
        "Diluted NI Availto Com Stockholders": 735000000.0,
        "Net Income Common Stockholders": 735000000.0,
        "Net Income": 735000000.0,
        "Minority Interests": -31000000.0,
        "Net Income Including Noncontrolling Interests": 766000000.0,
        "Net Income Continuous Operations": 766000000.0,
        "Tax Provision": 226000000.0,
        "Pretax Income": 992000000.0,
        "Other Income Expense": -21000000.0,
        "Other Non Operating Income Expenses": -21000000.0,
        "Net Non Operating Interest Income Expense": -46000000.0,
        "Total Other Finance Cost": NaN,
        "Interest Expense Non Operating": 67000000.0,
        "Interest Income Non Operating": 21000000.0,
        "Operating Income": 1059000000.0,
        "Operating Expense": 1990000000.0,
        "Other Operating Expenses": 19000000.0,
        "Selling General And Administration": 1971000000.0,
        "Gross Profit": 3049000000.0,
        "Cost Of Revenue": 2082000000.0,
        "Total Revenue": 5131000000.0,
        "Operating Revenue": 5131000000.0
    }
}