{
    "2023-03-31": {
        "Tax Effect Of Unusual Items": NaN,
        "Tax Rate For Calcs": NaN,
        "Normalized EBITDA": NaN,
        "Total Unusual Items": NaN,
        "Total Unusual Items Excluding Goodwill": NaN,
        "Net Income From Continuing Operation Net Minority Interest": NaN,
        "Reconciled Depreciation": NaN,
        "EBITDA": NaN,
        "EBIT": NaN,
        "Normalized Income": NaN,
        "Net Income From Continuing And Discontinued Operation": NaN,
        "Total Expenses": NaN,
        "Total Operating Income As Reported": NaN,
        "Diluted Average Shares": NaN,
        "Basic Average Shares": NaN,
        "Diluted EPS": NaN,
        "Basic EPS": NaN,
        "Diluted NI Availto Com Stockholders": NaN,
        "Net Income Common Stockholders": NaN,
        "Net Income": NaN,
        "Net Income Including Noncontrolling Interests": NaN,
        "Net Income Continuous Operations": NaN,
        "Pretax Income": NaN,
        "Other Income Expense": NaN,
        "Special Income Charges": 0.0,
        "Restructuring And Mergern Acquisition": 0.0,
        "Gain On Sale Of Security": NaN,
        "Operating Income": NaN,
        "Operating Expense": NaN,
        "Research And Development": NaN,
        "Selling General And Administration": NaN,
        "General And Administrative Expense": NaN,
        "Other Gand A": NaN,
        "Total Revenue": NaN,
        "Operating Revenue": NaN
    },
    "2022-12-31": {
        "Tax Effect Of Unusual Items": NaN,
        "Tax Rate For Calcs": NaN,
        "Normalized EBITDA": NaN,
        "Total Unusual Items": NaN,
        "Total Unusual Items Excluding Goodwill": NaN,
        "Net Income From Continuing Operation Net Minority Interest": NaN,
        "Reconciled Depreciation": NaN,
        "EBITDA": NaN,
        "EBIT": NaN,
        "Normalized Income": NaN,
        "Net Income From Continuing And Discontinued Operation": NaN,
        "Total Expenses": NaN,
        "Total Operating Income As Reported": NaN,
        "Diluted Average Shares": NaN,
        "Basic Average Shares": NaN,
        "Diluted EPS": NaN,
        "Basic EPS": NaN,
        "Diluted NI Availto Com Stockholders": NaN,
        "Net Income Common Stockholders": NaN,
        "Net Income": NaN,
        "Net Income Including Noncontrolling Interests": NaN,
        "Net Income Continuous Operations": NaN,
        "Tax Provision": 0.0,
        "Pretax Income": NaN,
        "Other Income Expense": NaN,
        "Special Income Charges": 0.0,
        "Other Special Charges": 0.0,
        "Impairment Of Capital Assets": 0.0,
        "Restructuring And Mergern Acquisition": 0.0,
        "Gain On Sale Of Security": NaN,
        "Operating Income": NaN,
        "Operating Expense": NaN,
        "Research And Development": NaN,
        "Selling General And Administration": NaN,
        "General And Administrative Expense": NaN,
        "Other Gand A": NaN,
        "Total Revenue": NaN,
        "Operating Revenue": NaN
    },
    "2022-09-30": {
        "Tax Effect Of Unusual Items": NaN,
        "Tax Rate For Calcs": NaN,
        "Normalized EBITDA": NaN,
        "Total Unusual Items": NaN,
        "Total Unusual Items Excluding Goodwill": NaN,
        "Net Income From Continuing Operation Net Minority Interest": NaN,
        "Reconciled Depreciation": NaN,
        "EBITDA": NaN,
        "EBIT": NaN,
        "Normalized Income": NaN,
        "Net Income From Continuing And Discontinued Operation": NaN,
        "Total Expenses": NaN,
        "Total Operating Income As Reported": NaN,
        "Diluted Average Shares": NaN,
        "Basic Average Shares": NaN,
        "Diluted EPS": NaN,
        "Basic EPS": NaN,
        "Diluted NI Availto Com Stockholders": NaN,
        "Net Income Common Stockholders": NaN,
        "Net Income": NaN,
        "Net Income Including Noncontrolling Interests": NaN,
        "Net Income Continuous Operations": NaN,
        "Tax Provision": 0.0,
        "Pretax Income": NaN,
        "Other Income Expense": NaN,
        "Special Income Charges": NaN,
        "Other Special Charges": NaN,
        "Impairment Of Capital Assets": 0.0,
        "Restructuring And Mergern Acquisition": NaN,
        "Gain On Sale Of Security": NaN,
        "Operating Income": NaN,
        "Operating Expense": NaN,
        "Research And Development": NaN,
        "Selling General And Administration": NaN,
        "General And Administrative Expense": NaN,
        "Other Gand A": NaN,
        "Total Revenue": NaN,
        "Operating Revenue": NaN
    },
    "2022-06-30": {
        "Tax Effect Of Unusual Items": 0.0,
        "Tax Rate For Calcs": 0.0,
        "Normalized EBITDA": -18699000.0,
        "Total Unusual Items": -8282000.0,
        "Total Unusual Items Excluding Goodwill": -8282000.0,
        "Net Income From Continuing Operation Net Minority Interest": -36004000.0,
        "Reconciled Depreciation": 741000.0,
        "EBITDA": -26981000.0,
        "EBIT": -27722000.0,
        "Normalized Income": -27722000.0,
        "Net Income From Continuing And Discontinued Operation": -36004000.0,
        "Total Expenses": 27885000.0,
        "Total Operating Income As Reported": -36396000.0,
        "Diluted Average Shares": 46759000.0,
        "Basic Average Shares": 46759000.0,
        "Diluted EPS": -0.77,
        "Basic EPS": -0.77,
        "Diluted NI Availto Com Stockholders": -36004000.0,
        "Net Income Common Stockholders": -36004000.0,
        "Net Income": -36004000.0,
        "Net Income Including Noncontrolling Interests": -36004000.0,
        "Net Income Continuous Operations": -36004000.0,
        "Tax Provision": NaN,
        "Pretax Income": -36004000.0,
        "Other Income Expense": -8282000.0,
        "Special Income Charges": -8674000.0,
        "Other Special Charges": 15000000.0,
        "Impairment Of Capital Assets": NaN,
        "Restructuring And Mergern Acquisition": -6326000.0,
        "Gain On Sale Of Security": 392000.0,
        "Operating Income": -27722000.0,
        "Operating Expense": 27885000.0,
        "Research And Development": 20731000.0,
        "Selling General And Administration": 7154000.0,
        "General And Administrative Expense": 7154000.0,
        "Other Gand A": 7154000.0,
        "Total Revenue": 163000.0,
        "Operating Revenue": 163000.0
    },
    "2022-03-31": {
        "Diluted EPS": -0.49,
        "Total Revenue": 0,
        "Gross Profit": 0,
        "Operating Income": -23,
        "EBIT": -22,
        "Net Income": -23
    },
    "2021-12-31": {
        "Diluted EPS": -0.43,
        "Total Revenue": 0,
        "Gross Profit": 0,
        "Operating Income": -20,
        "EBIT": -16,
        "Net Income": -20
    },
    "2021-09-30": {
        "Diluted EPS": -0.45,
        "Total Revenue": 0,
        "Gross Profit": 0,
        "Operating Income": -21,
        "EBIT": -23,
        "Net Income": -20
    },
    "2021-06-30": {
        "Diluted EPS": -0.34,
        "Total Revenue": 3,
        "Gross Profit": 3,
        "Operating Income": -13,
        "EBIT": -13,
        "Net Income": -13
    },
    "2021-03-31": {
        "Diluted EPS": -0.42,
        "Total Revenue": 1,
        "Gross Profit": 1,
        "Operating Income": -17,
        "EBIT": -16,
        "Net Income": -17
    },
    "2020-12-31": {
        "Diluted EPS": -0.43,
        "Total Revenue": 4,
        "Gross Profit": 4,
        "Operating Income": -25,
        "EBIT": -6,
        "Net Income": -22
    },
    "2020-09-30": {
        "Diluted EPS": -0.36,
        "Total Revenue": 1,
        "Gross Profit": 1,
        "Operating Income": -14,
        "EBIT": -14,
        "Net Income": -14
    },
    "2020-06-30": {
        "Diluted EPS": -0.5,
        "Total Revenue": 0,
        "Gross Profit": 0,
        "Operating Income": -11,
        "EBIT": -10,
        "Net Income": -11
    },
    "2020-03-31": {
        "Diluted EPS": -0.73,
        "Total Revenue": 3,
        "Gross Profit": 3,
        "Operating Income": -13,
        "EBIT": -12,
        "Net Income": -13
    },
    "2019-12-31": {
        "Diluted EPS": -0.52,
        "Total Revenue": 1,
        "Gross Profit": 1,
        "Operating Income": -13,
        "EBIT": -12,
        "Net Income": -10
    },
    "2019-09-30": {
        "Diluted EPS": -0.75,
        "Total Revenue": 1,
        "Gross Profit": 1,
        "Operating Income": -12,
        "EBIT": -11,
        "Net Income": -11
    },
    "2019-06-30": {
        "Diluted EPS": -0.84,
        "Total Revenue": 1,
        "Gross Profit": 1,
        "Operating Income": -12,
        "EBIT": -11,
        "Net Income": -12
    },
    "2019-03-31": {
        "Diluted EPS": -1.4,
        "Total Revenue": 1,
        "Gross Profit": 1,
        "Operating Income": -18,
        "EBIT": -17,
        "Net Income": -17
    },
    "2018-12-31": {
        "Diluted EPS": 0.46,
        "Total Revenue": 2,
        "Gross Profit": 2,
        "Operating Income": -12,
        "EBIT": -12,
        "Net Income": -9
    },
    "2018-09-30": {
        "Diluted EPS": -0.66,
        "Total Revenue": 1,
        "Gross Profit": 1,
        "Operating Income": -8,
        "EBIT": -8,
        "Net Income": -7
    },
    "2018-06-30": {
        "Diluted EPS": -1.67,
        "Total Revenue": 3,
        "Gross Profit": 3,
        "Operating Income": -17,
        "EBIT": -16,
        "Net Income": -16
    },
    "2018-03-31": {
        "Diluted EPS": -12.61,
        "Total Revenue": 4,
        "Gross Profit": 4,
        "Operating Income": -120,
        "EBIT": -28,
        "Net Income": -118
    },
    "2017-12-31": {
        "Diluted EPS": -0.22,
        "Total Revenue": 3,
        "Gross Profit": 3,
        "Operating Income": -26,
        "EBIT": -24,
        "Net Income": -4
    },
    "2017-09-30": {
        "Diluted EPS": -3.0,
        "Total Revenue": 4,
        "Gross Profit": 4,
        "Operating Income": -32,
        "EBIT": -31,
        "Net Income": -26
    },
    "2017-06-30": {
        "Diluted EPS": -3.45,
        "Total Revenue": 4,
        "Gross Profit": 4,
        "Operating Income": -29,
        "EBIT": -28,
        "Net Income": -29
    },
    "2017-03-31": {
        "Diluted EPS": -4.2,
        "Total Revenue": 2,
        "Gross Profit": 2,
        "Operating Income": -35,
        "EBIT": -34,
        "Net Income": -34
    },
    "2016-12-31": {
        "Diluted EPS": -4.6,
        "Total Revenue": 2,
        "Gross Profit": 2,
        "Operating Income": -35,
        "EBIT": -33,
        "Net Income": -32
    },
    "2016-09-30": {
        "Diluted EPS": -4.35,
        "Total Revenue": 2,
        "Gross Profit": 2,
        "Operating Income": -30,
        "EBIT": -29,
        "Net Income": -30
    },
    "2016-06-30": {
        "Diluted EPS": -4.8,
        "Total Revenue": 1,
        "Gross Profit": 1,
        "Operating Income": -32,
        "EBIT": -31,
        "Net Income": -32
    },
    "2016-03-31": {
        "Diluted EPS": -5.25,
        "Total Revenue": 1,
        "Gross Profit": 1,
        "Operating Income": -36,
        "EBIT": -34,
        "Net Income": -35
    },
    "2015-12-31": {
        "Diluted EPS": -4.95,
        "Total Revenue": 2,
        "Gross Profit": 2,
        "Operating Income": -33,
        "EBIT": -31,
        "Net Income": -33
    },
    "2015-09-30": {
        "Diluted EPS": -4.8,
        "Total Revenue": 1,
        "Gross Profit": 1,
        "Operating Income": -32,
        "EBIT": -31,
        "Net Income": -32
    },
    "2015-06-30": {
        "Diluted EPS": -4.95,
        "Total Revenue": 2,
        "Gross Profit": 2,
        "Operating Income": -33,
        "EBIT": -32,
        "Net Income": -32
    },
    "2015-03-31": {
        "Diluted EPS": -4.95,
        "Total Revenue": 0,
        "Gross Profit": 0,
        "Operating Income": -31,
        "EBIT": -31,
        "Net Income": -30
    },
    "2014-12-31": {
        "Diluted EPS": -5.4,
        "Total Revenue": 1,
        "Gross Profit": 1,
        "Operating Income": -32,
        "EBIT": -30,
        "Net Income": -32
    },
    "2014-09-30": {
        "Diluted EPS": -4.65,
        "Total Revenue": 1,
        "Gross Profit": 1,
        "Operating Income": -30,
        "EBIT": -29,
        "Net Income": -28
    },
    "2014-06-30": {
        "Diluted EPS": -4.8,
        "Total Revenue": 1,
        "Gross Profit": 1,
        "Operating Income": -29,
        "EBIT": -27,
        "Net Income": -28
    },
    "2014-03-31": {
        "Diluted EPS": -4.95,
        "Total Revenue": 0,
        "Gross Profit": 0,
        "Operating Income": -31,
        "EBIT": -33,
        "Net Income": -30
    },
    "2013-12-31": {
        "Diluted EPS": -3.9,
        "Total Revenue": 1,
        "Gross Profit": 1,
        "Operating Income": -22,
        "EBIT": -21,
        "Net Income": -22
    },
    "2013-09-30": {
        "Diluted EPS": -4.35,
        "Total Revenue": 1,
        "Gross Profit": 1,
        "Operating Income": -23,
        "EBIT": -22,
        "Net Income": -23
    },
    "2013-06-30": {
        "Diluted EPS": -3.6,
        "Total Revenue": 0,
        "Gross Profit": 0,
        "Operating Income": -19,
        "EBIT": -19,
        "Net Income": -19
    },
    "2013-03-31": {
        "Diluted EPS": -3.45,
        "Total Revenue": 2,
        "Gross Profit": 0,
        "Operating Income": -17,
        "EBIT": -18,
        "Net Income": -17
    },
    "2012-12-31": {
        "Diluted EPS": -4.05,
        "Total Revenue": 4,
        "Gross Profit": 0,
        "Operating Income": -17,
        "EBIT": -16,
        "Net Income": -17
    },
    "2012-09-30": {
        "Diluted EPS": -3.75,
        "Total Revenue": 3,
        "Gross Profit": 0,
        "Operating Income": -15,
        "EBIT": -14,
        "Net Income": -15
    },
    "2012-06-30": {
        "Diluted EPS": -3.45,
        "Total Revenue": 2,
        "Gross Profit": 0,
        "Operating Income": -13,
        "EBIT": -12,
        "Net Income": -14
    },
    "2012-03-31": {
        "Diluted EPS": -4.05,
        "Total Revenue": 2,
        "Gross Profit": 0,
        "Operating Income": -13,
        "EBIT": -13,
        "Net Income": -14
    },
    "2011-12-31": {
        "Diluted EPS": -4.2,
        "Total Revenue": 2,
        "Gross Profit": 0,
        "Operating Income": -12,
        "EBIT": -11,
        "Net Income": -13
    },
    "2011-09-30": {
        "Diluted EPS": -4.05,
        "Total Revenue": 2,
        "Gross Profit": 0,
        "Operating Income": -11,
        "EBIT": -10,
        "Net Income": -12
    },
    "2011-06-30": {
        "Diluted EPS": -4.05,
        "Total Revenue": 2,
        "Gross Profit": 0,
        "Operating Income": -10,
        "EBIT": -9,
        "Net Income": -10
    },
    "2011-03-31": {
        "Diluted EPS": -4.65,
        "Total Revenue": 3,
        "Gross Profit": 0,
        "Operating Income": -10,
        "EBIT": -8,
        "Net Income": -10
    },
    "2010-12-31": {
        "Diluted EPS": 10.65,
        "Total Revenue": 38,
        "Gross Profit": 31,
        "Operating Income": 21,
        "EBIT": 22,
        "Net Income": 23
    },
    "2010-09-30": {
        "Diluted EPS": -4.2,
        "Total Revenue": 2,
        "Gross Profit": 1,
        "Operating Income": -9,
        "EBIT": -7,
        "Net Income": -9
    },
    "2010-06-30": {
        "Diluted EPS": -4.5,
        "Total Revenue": 3,
        "Gross Profit": 1,
        "Operating Income": -9,
        "EBIT": -8,
        "Net Income": -10
    },
    "2010-03-31": {
        "Diluted EPS": -3.15,
        "Total Revenue": 4,
        "Gross Profit": 1,
        "Operating Income": -9,
        "EBIT": -7,
        "Net Income": -7
    },
    "2009-12-31": {
        "Diluted EPS": -5.25,
        "Total Revenue": 5,
        "Gross Profit": 2,
        "Operating Income": -13,
        "EBIT": -12,
        "Net Income": -13
    },
    "2009-09-30": {
        "Diluted EPS": -6.75,
        "Total Revenue": 4,
        "Gross Profit": 2,
        "Operating Income": -7,
        "EBIT": -6,
        "Net Income": -7
    },
    "2009-06-30": {
        "Diluted EPS": -8.25,
        "Total Revenue": 3,
        "Gross Profit": 1,
        "Operating Income": -9,
        "EBIT": -8,
        "Net Income": -9
    },
    "2009-03-31": {
        "Diluted EPS": -7.35,
        "Total Revenue": 4,
        "Gross Profit": 2,
        "Operating Income": -8,
        "EBIT": -7,
        "Net Income": -8
    },
    "2023-06-30": {
        "Tax Effect Of Unusual Items": NaN,
        "Tax Rate For Calcs": NaN,
        "Normalized EBITDA": NaN,
        "Total Unusual Items": NaN,
        "Total Unusual Items Excluding Goodwill": NaN,
        "Net Income From Continuing Operation Net Minority Interest": NaN,
        "Reconciled Depreciation": NaN,
        "EBITDA": NaN,
        "EBIT": NaN,
        "Normalized Income": NaN,
        "Net Income From Continuing And Discontinued Operation": NaN,
        "Total Expenses": NaN,
        "Total Operating Income As Reported": NaN,
        "Diluted Average Shares": 47253000.0,
        "Basic Average Shares": 47253000.0,
        "Diluted EPS": -0.65,
        "Basic EPS": -0.65,
        "Diluted NI Availto Com Stockholders": NaN,
        "Net Income Common Stockholders": NaN,
        "Net Income": NaN,
        "Net Income Including Noncontrolling Interests": NaN,
        "Net Income Continuous Operations": NaN,
        "Pretax Income": NaN,
        "Other Income Expense": NaN,
        "Special Income Charges": 0.0,
        "Restructuring And Mergern Acquisition": 0.0,
        "Gain On Sale Of Security": NaN,
        "Operating Income": NaN,
        "Operating Expense": NaN,
        "Research And Development": NaN,
        "Selling General And Administration": NaN,
        "General And Administrative Expense": NaN,
        "Other Gand A": NaN,
        "Total Revenue": NaN,
        "Operating Revenue": NaN
    },
    "2023-09-30": {
        "Tax Effect Of Unusual Items": NaN,
        "Tax Rate For Calcs": NaN,
        "Normalized EBITDA": NaN,
        "Total Unusual Items": NaN,
        "Total Unusual Items Excluding Goodwill": NaN,
        "Net Income From Continuing Operation Net Minority Interest": NaN,
        "Reconciled Depreciation": NaN,
        "EBITDA": NaN,
        "EBIT": NaN,
        "Normalized Income": NaN,
        "Net Income From Continuing And Discontinued Operation": NaN,
        "Total Expenses": NaN,
        "Total Operating Income As Reported": NaN,
        "Diluted Average Shares": NaN,
        "Basic Average Shares": NaN,
        "Diluted EPS": NaN,
        "Basic EPS": NaN,
        "Diluted NI Availto Com Stockholders": NaN,
        "Net Income Common Stockholders": NaN,
        "Net Income": NaN,
        "Net Income Including Noncontrolling Interests": NaN,
        "Net Income Continuous Operations": NaN,
        "Pretax Income": NaN,
        "Other Income Expense": NaN,
        "Special Income Charges": 0.0,
        "Restructuring And Mergern Acquisition": 0.0,
        "Gain On Sale Of Security": NaN,
        "Operating Income": NaN,
        "Operating Expense": NaN,
        "Research And Development": NaN,
        "Selling General And Administration": NaN,
        "General And Administrative Expense": NaN,
        "Other Gand A": NaN,
        "Total Revenue": NaN,
        "Operating Revenue": NaN
    },
    "2023-12-31": {
        "Tax Effect Of Unusual Items": NaN,
        "Tax Rate For Calcs": NaN,
        "Normalized EBITDA": NaN,
        "Total Unusual Items": NaN,
        "Total Unusual Items Excluding Goodwill": NaN,
        "Net Income From Continuing Operation Net Minority Interest": NaN,
        "Reconciled Depreciation": NaN,
        "EBITDA": NaN,
        "EBIT": NaN,
        "Normalized Income": NaN,
        "Net Income From Continuing And Discontinued Operation": NaN,
        "Total Expenses": NaN,
        "Total Operating Income As Reported": NaN,
        "Diluted Average Shares": NaN,
        "Basic Average Shares": NaN,
        "Diluted EPS": NaN,
        "Basic EPS": NaN,
        "Diluted NI Availto Com Stockholders": NaN,
        "Net Income Common Stockholders": NaN,
        "Net Income": NaN,
        "Net Income Including Noncontrolling Interests": NaN,
        "Net Income Continuous Operations": NaN,
        "Pretax Income": NaN,
        "Other Income Expense": NaN,
        "Special Income Charges": -12500000.0,
        "Restructuring And Mergern Acquisition": 0.0,
        "Gain On Sale Of Security": NaN,
        "Operating Income": NaN,
        "Operating Expense": NaN,
        "Research And Development": NaN,
        "Selling General And Administration": NaN,
        "General And Administrative Expense": NaN,
        "Other Gand A": NaN,
        "Total Revenue": NaN,
        "Operating Revenue": NaN
    },
    "2024-03-31": {
        "Tax Effect Of Unusual Items": 0.0,
        "Tax Rate For Calcs": 0.0,
        "Normalized EBITDA": -47633000.0,
        "Total Unusual Items": 7800000.0,
        "Total Unusual Items Excluding Goodwill": 7800000.0,
        "Net Income From Continuing Operation Net Minority Interest": -32808000.0,
        "Reconciled Depreciation": 775000.0,
        "EBITDA": -39833000.0,
        "EBIT": -40608000.0,
        "Normalized Income": -40608000.0,
        "Net Income From Continuing And Discontinued Operation": -32808000.0,
        "Total Expenses": 40764000.0,
        "Total Operating Income As Reported": -40608000.0,
        "Diluted Average Shares": 58871000.0,
        "Basic Average Shares": 58871000.0,
        "Diluted EPS": -0.56,
        "Basic EPS": -0.56,
        "Diluted NI Availto Com Stockholders": -32808000.0,
        "Net Income Common Stockholders": -32808000.0,
        "Net Income": -32808000.0,
        "Net Income Including Noncontrolling Interests": -32808000.0,
        "Net Income Continuous Operations": -32808000.0,
        "Pretax Income": -32808000.0,
        "Other Income Expense": 7800000.0,
        "Special Income Charges": NaN,
        "Restructuring And Mergern Acquisition": NaN,
        "Gain On Sale Of Security": 7800000.0,
        "Operating Income": -40608000.0,
        "Operating Expense": 40764000.0,
        "Research And Development": 31661000.0,
        "Selling General And Administration": 9103000.0,
        "General And Administrative Expense": 9103000.0,
        "Other Gand A": 9103000.0,
        "Total Revenue": 156000.0,
        "Operating Revenue": 156000.0
    },
    "2024-06-30": {
        "Tax Effect Of Unusual Items": 0.0,
        "Tax Rate For Calcs": 0.0,
        "Normalized EBITDA": -55995000.0,
        "Total Unusual Items": 10475000.0,
        "Total Unusual Items Excluding Goodwill": 10475000.0,
        "Net Income From Continuing Operation Net Minority Interest": -35842000.0,
        "Reconciled Depreciation": 797000.0,
        "EBITDA": -45520000.0,
        "EBIT": -46317000.0,
        "Normalized Income": -46317000.0,
        "Net Income From Continuing And Discontinued Operation": -35842000.0,
        "Total Expenses": 48815000.0,
        "Total Operating Income As Reported": -46317000.0,
        "Diluted Average Shares": 66019000.0,
        "Basic Average Shares": 66019000.0,
        "Diluted EPS": -0.54,
        "Basic EPS": -0.54,
        "Diluted NI Availto Com Stockholders": -35842000.0,
        "Net Income Common Stockholders": -35842000.0,
        "Net Income": -35842000.0,
        "Net Income Including Noncontrolling Interests": -35842000.0,
        "Net Income Continuous Operations": -35842000.0,
        "Pretax Income": -35842000.0,
        "Other Income Expense": 10475000.0,
        "Special Income Charges": NaN,
        "Restructuring And Mergern Acquisition": NaN,
        "Gain On Sale Of Security": 10475000.0,
        "Operating Income": -46317000.0,
        "Operating Expense": 48815000.0,
        "Research And Development": 39687000.0,
        "Selling General And Administration": 9128000.0,
        "General And Administrative Expense": 9128000.0,
        "Other Gand A": 9128000.0,
        "Total Revenue": 2498000.0,
        "Operating Revenue": 2498000.0
    },
    "2024-09-30": {
        "Tax Effect Of Unusual Items": 0.0,
        "Tax Rate For Calcs": 0.0,
        "Normalized EBITDA": -61345000.0,
        "Total Unusual Items": 10005000.0,
        "Total Unusual Items Excluding Goodwill": 10005000.0,
        "Net Income From Continuing Operation Net Minority Interest": -42121000.0,
        "Reconciled Depreciation": 786000.0,
        "EBITDA": -51340000.0,
        "EBIT": -52126000.0,
        "Normalized Income": -52126000.0,
        "Net Income From Continuing And Discontinued Operation": -42121000.0,
        "Total Expenses": 55317000.0,
        "Total Operating Income As Reported": -52126000.0,
        "Diluted Average Shares": 66294000.0,
        "Basic Average Shares": 66294000.0,
        "Diluted EPS": -0.64,
        "Basic EPS": -0.64,
        "Diluted NI Availto Com Stockholders": -42121000.0,
        "Net Income Common Stockholders": -42121000.0,
        "Net Income": -42121000.0,
        "Net Income Including Noncontrolling Interests": -42121000.0,
        "Net Income Continuous Operations": -42121000.0,
        "Pretax Income": -42121000.0,
        "Other Income Expense": 10005000.0,
        "Special Income Charges": NaN,
        "Restructuring And Mergern Acquisition": NaN,
        "Gain On Sale Of Security": 10005000.0,
        "Operating Income": -52126000.0,
        "Operating Expense": 55317000.0,
        "Research And Development": 45263000.0,
        "Selling General And Administration": 10054000.0,
        "General And Administrative Expense": 10054000.0,
        "Other Gand A": 10054000.0,
        "Total Revenue": 3191000.0,
        "Operating Revenue": 3191000.0
    },
    "2024-12-31": {
        "Tax Effect Of Unusual Items": 0.0,
        "Tax Rate For Calcs": 0.0,
        "Normalized EBITDA": -64143000.0,
        "Total Unusual Items": 8935000.0,
        "Total Unusual Items Excluding Goodwill": 8935000.0,
        "Net Income From Continuing Operation Net Minority Interest": -47092000.0,
        "Reconciled Depreciation": 819000.0,
        "EBITDA": -55208000.0,
        "EBIT": -56027000.0,
        "Normalized Income": -56027000.0,
        "Net Income From Continuing And Discontinued Operation": -47092000.0,
        "Total Expenses": 57202000.0,
        "Total Operating Income As Reported": -56027000.0,
        "Diluted Average Shares": 66353000.0,
        "Basic Average Shares": 66353000.0,
        "Diluted EPS": -0.71,
        "Basic EPS": -0.71,
        "Diluted NI Availto Com Stockholders": -47092000.0,
        "Net Income Common Stockholders": -47092000.0,
        "Net Income": -47092000.0,
        "Net Income Including Noncontrolling Interests": -47092000.0,
        "Net Income Continuous Operations": -47092000.0,
        "Pretax Income": -47092000.0,
        "Other Income Expense": 8935000.0,
        "Special Income Charges": NaN,
        "Restructuring And Mergern Acquisition": NaN,
        "Gain On Sale Of Security": 8935000.0,
        "Operating Income": -56027000.0,
        "Operating Expense": 57202000.0,
        "Research And Development": 46939000.0,
        "Selling General And Administration": 10263000.0,
        "General And Administrative Expense": 10263000.0,
        "Other Gand A": 10263000.0,
        "Total Revenue": 1175000.0,
        "Operating Revenue": 1175000.0
    },
    "2025-03-31": {
        "Tax Effect Of Unusual Items": 0.0,
        "Tax Rate For Calcs": 0.0,
        "Normalized EBITDA": -70815000.0,
        "Total Unusual Items": 8943000.0,
        "Total Unusual Items Excluding Goodwill": 8943000.0,
        "Net Income From Continuing Operation Net Minority Interest": -53796000.0,
        "Reconciled Depreciation": 867000.0,
        "EBITDA": -61872000.0,
        "EBIT": -62739000.0,
        "Normalized Income": -62739000.0,
        "Net Income From Continuing And Discontinued Operation": -53796000.0,
        "Total Expenses": 63434000.0,
        "Total Operating Income As Reported": -62739000.0,
        "Diluted Average Shares": 66383000.0,
        "Basic Average Shares": 66383000.0,
        "Diluted EPS": -0.81,
        "Basic EPS": -0.81,
        "Diluted NI Availto Com Stockholders": -53796000.0,
        "Net Income Common Stockholders": -53796000.0,
        "Net Income": -53796000.0,
        "Net Income Including Noncontrolling Interests": -53796000.0,
        "Net Income Continuous Operations": -53796000.0,
        "Pretax Income": -53796000.0,
        "Other Income Expense": 8943000.0,
        "Special Income Charges": NaN,
        "Restructuring And Mergern Acquisition": NaN,
        "Gain On Sale Of Security": 8943000.0,
        "Operating Income": -62739000.0,
        "Operating Expense": 63434000.0,
        "Research And Development": 52614000.0,
        "Selling General And Administration": 10820000.0,
        "General And Administrative Expense": 10820000.0,
        "Other Gand A": 10820000.0,
        "Total Revenue": 695000.0,
        "Operating Revenue": 695000.0
    },
    "2025-06-30": {
        "Tax Effect Of Unusual Items": 0.0,
        "Tax Rate For Calcs": 0.0,
        "Normalized EBITDA": -70241000.0,
        "Total Unusual Items": 7257000.0,
        "Total Unusual Items Excluding Goodwill": 7257000.0,
        "Net Income From Continuing Operation Net Minority Interest": -56600000.0,
        "Reconciled Depreciation": 873000.0,
        "EBITDA": -62984000.0,
        "EBIT": -63857000.0,
        "Normalized Income": -63857000.0,
        "Net Income From Continuing And Discontinued Operation": -56600000.0,
        "Total Expenses": 64587000.0,
        "Total Operating Income As Reported": -63857000.0,
        "Diluted Average Shares": 66392000.0,
        "Basic Average Shares": 66392000.0,
        "Diluted EPS": -0.85,
        "Basic EPS": -0.85,
        "Diluted NI Availto Com Stockholders": -56600000.0,
        "Net Income Common Stockholders": -56600000.0,
        "Net Income": -56600000.0,
        "Net Income Including Noncontrolling Interests": -56600000.0,
        "Net Income Continuous Operations": -56600000.0,
        "Pretax Income": -56600000.0,
        "Other Income Expense": 7257000.0,
        "Special Income Charges": NaN,
        "Restructuring And Mergern Acquisition": NaN,
        "Gain On Sale Of Security": 7257000.0,
        "Operating Income": -63857000.0,
        "Operating Expense": 64587000.0,
        "Research And Development": 54196000.0,
        "Selling General And Administration": 10391000.0,
        "General And Administrative Expense": 10391000.0,
        "Other Gand A": 10391000.0,
        "Total Revenue": 730000.0,
        "Operating Revenue": 730000.0
    }
}