{
    "2023-03-31": {
        "Tax Effect Of Unusual Items": NaN,
        "Tax Rate For Calcs": NaN,
        "Normalized EBITDA": NaN,
        "Total Unusual Items": NaN,
        "Total Unusual Items Excluding Goodwill": NaN,
        "Net Income From Continuing Operation Net Minority Interest": NaN,
        "Reconciled Depreciation": NaN,
        "Reconciled Cost Of Revenue": NaN,
        "EBITDA": NaN,
        "EBIT": NaN,
        "Net Interest Income": NaN,
        "Interest Income": 58000.0,
        "Normalized Income": NaN,
        "Net Income From Continuing And Discontinued Operation": NaN,
        "Total Expenses": NaN,
        "Total Operating Income As Reported": NaN,
        "Diluted Average Shares": NaN,
        "Basic Average Shares": NaN,
        "Diluted EPS": NaN,
        "Basic EPS": NaN,
        "Diluted NI Availto Com Stockholders": NaN,
        "Net Income Common Stockholders": NaN,
        "Net Income": NaN,
        "Net Income Including Noncontrolling Interests": NaN,
        "Net Income Continuous Operations": NaN,
        "Pretax Income": NaN,
        "Other Income Expense": NaN,
        "Other Non Operating Income Expenses": NaN,
        "Special Income Charges": NaN,
        "Gain On Sale Of Ppe": NaN,
        "Net Non Operating Interest Income Expense": NaN,
        "Total Other Finance Cost": -58000.0,
        "Interest Income Non Operating": 58000.0,
        "Operating Income": NaN,
        "Operating Expense": NaN,
        "Other Operating Expenses": NaN,
        "Research And Development": NaN,
        "Selling General And Administration": NaN,
        "General And Administrative Expense": NaN,
        "Other Gand A": NaN,
        "Gross Profit": NaN,
        "Cost Of Revenue": NaN,
        "Total Revenue": NaN,
        "Operating Revenue": NaN
    },
    "2022-12-31": {
        "Tax Effect Of Unusual Items": NaN,
        "Tax Rate For Calcs": NaN,
        "Normalized EBITDA": NaN,
        "Total Unusual Items": NaN,
        "Total Unusual Items Excluding Goodwill": NaN,
        "Net Income From Continuing Operation Net Minority Interest": NaN,
        "Reconciled Depreciation": NaN,
        "Reconciled Cost Of Revenue": NaN,
        "EBITDA": NaN,
        "EBIT": NaN,
        "Net Interest Income": NaN,
        "Interest Income": NaN,
        "Normalized Income": NaN,
        "Net Income From Continuing And Discontinued Operation": NaN,
        "Total Expenses": NaN,
        "Total Operating Income As Reported": NaN,
        "Diluted Average Shares": NaN,
        "Basic Average Shares": NaN,
        "Diluted EPS": NaN,
        "Basic EPS": NaN,
        "Diluted NI Availto Com Stockholders": NaN,
        "Net Income Common Stockholders": NaN,
        "Net Income": NaN,
        "Minority Interests": 0.0,
        "Net Income Including Noncontrolling Interests": NaN,
        "Net Income Continuous Operations": NaN,
        "Pretax Income": NaN,
        "Other Income Expense": NaN,
        "Other Non Operating Income Expenses": NaN,
        "Special Income Charges": NaN,
        "Gain On Sale Of Ppe": NaN,
        "Net Non Operating Interest Income Expense": NaN,
        "Total Other Finance Cost": -48000.0,
        "Interest Income Non Operating": NaN,
        "Operating Income": NaN,
        "Operating Expense": NaN,
        "Other Operating Expenses": NaN,
        "Research And Development": NaN,
        "Selling General And Administration": NaN,
        "General And Administrative Expense": NaN,
        "Other Gand A": NaN,
        "Gross Profit": NaN,
        "Cost Of Revenue": NaN,
        "Total Revenue": NaN,
        "Operating Revenue": NaN
    },
    "2022-09-30": {
        "Tax Effect Of Unusual Items": NaN,
        "Tax Rate For Calcs": NaN,
        "Normalized EBITDA": NaN,
        "Total Unusual Items": NaN,
        "Total Unusual Items Excluding Goodwill": NaN,
        "Net Income From Continuing Operation Net Minority Interest": NaN,
        "Reconciled Depreciation": NaN,
        "Reconciled Cost Of Revenue": NaN,
        "EBITDA": NaN,
        "EBIT": NaN,
        "Net Interest Income": NaN,
        "Interest Income": 35000.0,
        "Normalized Income": NaN,
        "Net Income From Continuing And Discontinued Operation": NaN,
        "Total Expenses": NaN,
        "Total Operating Income As Reported": NaN,
        "Diluted Average Shares": 37871291.0,
        "Basic Average Shares": 37871291.0,
        "Diluted EPS": -0.03,
        "Basic EPS": -0.03,
        "Diluted NI Availto Com Stockholders": NaN,
        "Net Income Common Stockholders": NaN,
        "Net Income": NaN,
        "Minority Interests": 0.0,
        "Net Income Including Noncontrolling Interests": NaN,
        "Net Income Continuous Operations": NaN,
        "Pretax Income": NaN,
        "Other Income Expense": NaN,
        "Other Non Operating Income Expenses": NaN,
        "Special Income Charges": NaN,
        "Gain On Sale Of Ppe": NaN,
        "Net Non Operating Interest Income Expense": NaN,
        "Total Other Finance Cost": -35000.0,
        "Interest Income Non Operating": 35000.0,
        "Operating Income": NaN,
        "Operating Expense": NaN,
        "Other Operating Expenses": NaN,
        "Research And Development": NaN,
        "Selling General And Administration": NaN,
        "General And Administrative Expense": NaN,
        "Other Gand A": NaN,
        "Gross Profit": NaN,
        "Cost Of Revenue": NaN,
        "Total Revenue": NaN,
        "Operating Revenue": NaN
    },
    "2022-06-30": {
        "Tax Effect Of Unusual Items": 0.0,
        "Tax Rate For Calcs": 0.0,
        "Normalized EBITDA": -1638000.0,
        "Total Unusual Items": 14000.0,
        "Total Unusual Items Excluding Goodwill": 14000.0,
        "Net Income From Continuing Operation Net Minority Interest": -1638000.0,
        "Reconciled Depreciation": 36000.0,
        "Reconciled Cost Of Revenue": 0.0,
        "EBITDA": -1624000.0,
        "EBIT": -1660000.0,
        "Net Interest Income": NaN,
        "Normalized Income": -1652000.0,
        "Net Income From Continuing And Discontinued Operation": -1638000.0,
        "Total Expenses": 1660000.0,
        "Total Operating Income As Reported": -1660000.0,
        "Diluted Average Shares": 33541408.0,
        "Basic Average Shares": 33541408.0,
        "Diluted EPS": -0.05,
        "Basic EPS": -0.05,
        "Diluted NI Availto Com Stockholders": -1638000.0,
        "Net Income Common Stockholders": -1638000.0,
        "Net Income": -1638000.0,
        "Minority Interests": 0.0,
        "Net Income Including Noncontrolling Interests": -1638000.0,
        "Net Income Continuous Operations": -1638000.0,
        "Pretax Income": -1638000.0,
        "Other Income Expense": 22000.0,
        "Other Non Operating Income Expenses": 8000.0,
        "Special Income Charges": 14000.0,
        "Gain On Sale Of Ppe": 14000.0,
        "Net Non Operating Interest Income Expense": NaN,
        "Total Other Finance Cost": NaN,
        "Operating Income": -1660000.0,
        "Operating Expense": 1660000.0,
        "Other Operating Expenses": NaN,
        "Research And Development": 188000.0,
        "Selling General And Administration": 1472000.0,
        "General And Administrative Expense": 1472000.0,
        "Other Gand A": 1472000.0,
        "Gross Profit": 0.0,
        "Cost Of Revenue": 0.0,
        "Total Revenue": 0.0,
        "Operating Revenue": 0.0
    },
    "2022-03-31": {
        "Diluted EPS": -0.05,
        "Total Revenue": NaN,
        "Gross Profit": NaN,
        "Operating Income": -2,
        "EBIT": -1,
        "Net Income": -1
    },
    "2021-12-31": {
        "Diluted EPS": -0.04,
        "Total Revenue": 0,
        "Gross Profit": 0,
        "Operating Income": -1,
        "EBIT": -1,
        "Net Income": -1
    },
    "2021-09-30": {
        "Diluted EPS": -0.07,
        "Total Revenue": 0,
        "Gross Profit": 0,
        "Operating Income": -2,
        "EBIT": -2,
        "Net Income": -2
    },
    "2021-06-30": {
        "Diluted EPS": -0.07,
        "Total Revenue": NaN,
        "Gross Profit": -1,
        "Operating Income": -3,
        "EBIT": -2,
        "Net Income": -2
    },
    "2021-03-31": {
        "Diluted EPS": -0.07,
        "Total Revenue": 0,
        "Gross Profit": 0,
        "Operating Income": -2,
        "EBIT": -2,
        "Net Income": -2
    },
    "2020-12-31": {
        "Diluted EPS": -0.07,
        "Total Revenue": NaN,
        "Gross Profit": 0,
        "Operating Income": -2,
        "EBIT": -2,
        "Net Income": -2
    },
    "2020-09-30": {
        "Diluted EPS": -0.06,
        "Total Revenue": NaN,
        "Gross Profit": 0,
        "Operating Income": -2,
        "EBIT": -2,
        "Net Income": -2
    },
    "2020-06-30": {
        "Diluted EPS": -0.05,
        "Total Revenue": NaN,
        "Gross Profit": 0,
        "Operating Income": -1,
        "EBIT": -1,
        "Net Income": -1
    },
    "2020-03-31": {
        "Diluted EPS": -0.07,
        "Total Revenue": NaN,
        "Gross Profit": NaN,
        "Operating Income": -2,
        "EBIT": -2,
        "Net Income": -2
    },
    "2019-12-31": {
        "Diluted EPS": -0.06,
        "Total Revenue": NaN,
        "Gross Profit": NaN,
        "Operating Income": -2,
        "EBIT": -2,
        "Net Income": -2
    },
    "2019-09-30": {
        "Diluted EPS": -0.08,
        "Total Revenue": NaN,
        "Gross Profit": NaN,
        "Operating Income": -2,
        "EBIT": -2,
        "Net Income": -2
    },
    "2019-06-30": {
        "Diluted EPS": -0.09,
        "Total Revenue": NaN,
        "Gross Profit": NaN,
        "Operating Income": -2,
        "EBIT": -2,
        "Net Income": -2
    },
    "2019-03-31": {
        "Diluted EPS": -0.09,
        "Total Revenue": NaN,
        "Gross Profit": 0,
        "Operating Income": -2,
        "EBIT": -2,
        "Net Income": -2
    },
    "2018-12-31": {
        "Diluted EPS": -0.09,
        "Total Revenue": NaN,
        "Gross Profit": 0,
        "Operating Income": -3,
        "EBIT": -3,
        "Net Income": -3
    },
    "2018-09-30": {
        "Diluted EPS": -0.09,
        "Total Revenue": NaN,
        "Gross Profit": 0,
        "Operating Income": -2,
        "EBIT": -2,
        "Net Income": -2
    },
    "2018-06-30": {
        "Diluted EPS": -0.11,
        "Total Revenue": NaN,
        "Gross Profit": 0,
        "Operating Income": -2,
        "EBIT": -2,
        "Net Income": -2
    },
    "2018-03-31": {
        "Diluted EPS": -0.13,
        "Total Revenue": 1,
        "Gross Profit": 0,
        "Operating Income": -2,
        "EBIT": -2,
        "Net Income": -2
    },
    "2017-12-31": {
        "Diluted EPS": -0.17,
        "Total Revenue": 0,
        "Gross Profit": 0,
        "Operating Income": -3,
        "EBIT": -3,
        "Net Income": -3
    },
    "2017-09-30": {
        "Diluted EPS": -0.16,
        "Total Revenue": NaN,
        "Gross Profit": 0,
        "Operating Income": -2,
        "EBIT": -2,
        "Net Income": -2
    },
    "2017-06-30": {
        "Diluted EPS": -0.14,
        "Total Revenue": NaN,
        "Gross Profit": NaN,
        "Operating Income": -2,
        "EBIT": -2,
        "Net Income": -2
    },
    "2017-03-31": {
        "Diluted EPS": -0.16,
        "Total Revenue": 0,
        "Gross Profit": 0,
        "Operating Income": -2,
        "EBIT": -2,
        "Net Income": -2
    },
    "2016-12-31": {
        "Diluted EPS": -0.17,
        "Total Revenue": 0,
        "Gross Profit": 0,
        "Operating Income": -2,
        "EBIT": -2,
        "Net Income": -2
    },
    "2016-09-30": {
        "Diluted EPS": -0.3,
        "Total Revenue": 0,
        "Gross Profit": 0,
        "Operating Income": -4,
        "EBIT": -4,
        "Net Income": -4
    },
    "2016-06-30": {
        "Diluted EPS": -0.19,
        "Total Revenue": NaN,
        "Gross Profit": NaN,
        "Operating Income": -2,
        "EBIT": -2,
        "Net Income": -2
    },
    "2016-03-31": {
        "Diluted EPS": -0.2,
        "Total Revenue": NaN,
        "Gross Profit": NaN,
        "Operating Income": -3,
        "EBIT": -3,
        "Net Income": -3
    },
    "2015-12-31": {
        "Diluted EPS": -0.2,
        "Total Revenue": NaN,
        "Gross Profit": NaN,
        "Operating Income": -3,
        "EBIT": -3,
        "Net Income": -3
    },
    "2015-09-30": {
        "Diluted EPS": -0.15,
        "Total Revenue": NaN,
        "Gross Profit": NaN,
        "Operating Income": -2,
        "EBIT": -2,
        "Net Income": -2
    },
    "2015-06-30": {
        "Diluted EPS": -0.14,
        "Total Revenue": NaN,
        "Gross Profit": NaN,
        "Operating Income": -2,
        "EBIT": -2,
        "Net Income": -2
    },
    "2015-03-31": {
        "Diluted EPS": -0.14,
        "Total Revenue": NaN,
        "Gross Profit": NaN,
        "Operating Income": -2,
        "EBIT": -2,
        "Net Income": -2
    },
    "2014-12-31": {
        "Diluted EPS": -0.24,
        "Total Revenue": NaN,
        "Gross Profit": NaN,
        "Operating Income": -2,
        "EBIT": -2,
        "Net Income": -2
    },
    "2014-09-30": {
        "Diluted EPS": -0.18,
        "Total Revenue": NaN,
        "Gross Profit": NaN,
        "Operating Income": -2,
        "EBIT": -2,
        "Net Income": -2
    },
    "2014-06-30": {
        "Diluted EPS": -0.17,
        "Total Revenue": NaN,
        "Gross Profit": NaN,
        "Operating Income": -2,
        "EBIT": -2,
        "Net Income": -2
    },
    "2014-03-31": {
        "Diluted EPS": -0.18,
        "Total Revenue": NaN,
        "Gross Profit": NaN,
        "Operating Income": -2,
        "EBIT": -2,
        "Net Income": -2
    },
    "2013-12-31": {
        "Diluted EPS": -0.6,
        "Total Revenue": 0,
        "Gross Profit": 0,
        "Operating Income": -5,
        "EBIT": -5,
        "Net Income": -5
    },
    "2013-09-30": {
        "Diluted EPS": -0.15,
        "Total Revenue": 0,
        "Gross Profit": 0,
        "Operating Income": -1,
        "EBIT": -1,
        "Net Income": -1
    },
    "2013-06-30": {
        "Diluted EPS": -0.16,
        "Total Revenue": NaN,
        "Gross Profit": NaN,
        "Operating Income": -1,
        "EBIT": -1,
        "Net Income": -1
    },
    "2013-03-31": {
        "Diluted EPS": -0.15,
        "Total Revenue": NaN,
        "Gross Profit": NaN,
        "Operating Income": -1,
        "EBIT": -1,
        "Net Income": -1
    },
    "2012-12-31": {
        "Diluted EPS": -0.12,
        "Total Revenue": NaN,
        "Gross Profit": NaN,
        "Operating Income": -1,
        "EBIT": -1,
        "Net Income": -1
    },
    "2012-09-30": {
        "Diluted EPS": -0.13,
        "Total Revenue": NaN,
        "Gross Profit": NaN,
        "Operating Income": -1,
        "EBIT": -1,
        "Net Income": -1
    },
    "2012-06-30": {
        "Diluted EPS": -0.13,
        "Total Revenue": NaN,
        "Gross Profit": NaN,
        "Operating Income": -1,
        "EBIT": -1,
        "Net Income": -1
    },
    "2012-03-31": {
        "Diluted EPS": -0.17,
        "Total Revenue": NaN,
        "Gross Profit": NaN,
        "Operating Income": -1,
        "EBIT": -1,
        "Net Income": -1
    },
    "2011-12-31": {
        "Diluted EPS": -0.06,
        "Total Revenue": NaN,
        "Gross Profit": NaN,
        "Operating Income": 0,
        "EBIT": 0,
        "Net Income": -1
    },
    "2011-09-30": {
        "Diluted EPS": -0.16,
        "Total Revenue": NaN,
        "Gross Profit": NaN,
        "Operating Income": -1,
        "EBIT": -1,
        "Net Income": -1
    },
    "2011-06-30": {
        "Diluted EPS": -0.16,
        "Total Revenue": NaN,
        "Gross Profit": NaN,
        "Operating Income": -1,
        "EBIT": -1,
        "Net Income": -1
    },
    "2011-03-31": {
        "Diluted EPS": -0.29,
        "Total Revenue": NaN,
        "Gross Profit": NaN,
        "Operating Income": -1,
        "EBIT": -1,
        "Net Income": -1
    },
    "2023-06-30": {
        "Tax Effect Of Unusual Items": 0.0,
        "Tax Rate For Calcs": 0.0,
        "Normalized EBITDA": -1507000.0,
        "Total Unusual Items": 0.0,
        "Total Unusual Items Excluding Goodwill": 0.0,
        "Net Income From Continuing Operation Net Minority Interest": -1478000.0,
        "Reconciled Depreciation": 108000.0,
        "Reconciled Cost Of Revenue": 21000.0,
        "EBITDA": -1507000.0,
        "EBIT": -1615000.0,
        "Net Interest Income": 94000.0,
        "Interest Income": NaN,
        "Normalized Income": -1478000.0,
        "Net Income From Continuing And Discontinued Operation": -1478000.0,
        "Total Expenses": 1765000.0,
        "Total Operating Income As Reported": -1629000.0,
        "Diluted Average Shares": 38549810.0,
        "Basic Average Shares": 38549810.0,
        "Diluted EPS": -0.04,
        "Basic EPS": -0.04,
        "Diluted NI Availto Com Stockholders": -1478000.0,
        "Net Income Common Stockholders": -1478000.0,
        "Net Income": -1478000.0,
        "Net Income Including Noncontrolling Interests": -1478000.0,
        "Net Income Continuous Operations": -1478000.0,
        "Pretax Income": -1478000.0,
        "Other Income Expense": 43000.0,
        "Other Non Operating Income Expenses": 43000.0,
        "Special Income Charges": 0.0,
        "Gain On Sale Of Ppe": 0.0,
        "Net Non Operating Interest Income Expense": 94000.0,
        "Total Other Finance Cost": -94000.0,
        "Interest Income Non Operating": NaN,
        "Operating Income": -1615000.0,
        "Operating Expense": 1744000.0,
        "Other Operating Expenses": -14000.0,
        "Research And Development": 187000.0,
        "Selling General And Administration": 1571000.0,
        "General And Administrative Expense": 1571000.0,
        "Other Gand A": 1571000.0,
        "Gross Profit": 129000.0,
        "Cost Of Revenue": 21000.0,
        "Total Revenue": 150000.0,
        "Operating Revenue": 150000.0
    },
    "2023-09-30": {
        "Tax Effect Of Unusual Items": 0.0,
        "Tax Rate For Calcs": 0.0,
        "Normalized EBITDA": -1354000.0,
        "Total Unusual Items": 0.0,
        "Total Unusual Items Excluding Goodwill": 0.0,
        "Net Income From Continuing Operation Net Minority Interest": -1332000.0,
        "Reconciled Depreciation": 105000.0,
        "Reconciled Cost Of Revenue": 61000.0,
        "EBITDA": -1354000.0,
        "EBIT": -1459000.0,
        "Net Interest Income": 85000.0,
        "Interest Income": 85000.0,
        "Normalized Income": -1332000.0,
        "Net Income From Continuing And Discontinued Operation": -1332000.0,
        "Total Expenses": 1544000.0,
        "Total Operating Income As Reported": -1497000.0,
        "Diluted Average Shares": 38562127.0,
        "Basic Average Shares": 38562127.0,
        "Diluted EPS": -0.03,
        "Basic EPS": -0.03,
        "Diluted NI Availto Com Stockholders": -1332000.0,
        "Net Income Common Stockholders": -1332000.0,
        "Net Income": -1332000.0,
        "Net Income Including Noncontrolling Interests": -1332000.0,
        "Net Income Continuous Operations": -1332000.0,
        "Pretax Income": -1332000.0,
        "Other Income Expense": 42000.0,
        "Other Non Operating Income Expenses": 42000.0,
        "Special Income Charges": 0.0,
        "Gain On Sale Of Ppe": 0.0,
        "Net Non Operating Interest Income Expense": 85000.0,
        "Total Other Finance Cost": NaN,
        "Interest Income Non Operating": 85000.0,
        "Operating Income": -1459000.0,
        "Operating Expense": 1483000.0,
        "Other Operating Expenses": -38000.0,
        "Research And Development": 93000.0,
        "Selling General And Administration": 1428000.0,
        "General And Administrative Expense": 1428000.0,
        "Other Gand A": 1428000.0,
        "Gross Profit": 24000.0,
        "Cost Of Revenue": 61000.0,
        "Total Revenue": 85000.0,
        "Operating Revenue": 85000.0
    },
    "2024-03-31": {
        "Tax Effect Of Unusual Items": 0.0,
        "Tax Rate For Calcs": 0.0,
        "Normalized EBITDA": -1106000.0,
        "Total Unusual Items": 0.0,
        "Total Unusual Items Excluding Goodwill": 0.0,
        "Net Income From Continuing Operation Net Minority Interest": -1108000.0,
        "Reconciled Depreciation": 67000.0,
        "Reconciled Cost Of Revenue": 665000.0,
        "EBITDA": -1106000.0,
        "EBIT": -1173000.0,
        "Net Interest Income": 61000.0,
        "Interest Income": 61000.0,
        "Normalized Income": -1108000.0,
        "Net Income From Continuing And Discontinued Operation": -1108000.0,
        "Total Expenses": 2275000.0,
        "Total Operating Income As Reported": -1252000.0,
        "Diluted Average Shares": 38848098.0,
        "Basic Average Shares": 38848098.0,
        "Diluted EPS": -0.03,
        "Basic EPS": -0.03,
        "Diluted NI Availto Com Stockholders": -1108000.0,
        "Net Income Common Stockholders": -1108000.0,
        "Net Income": -1108000.0,
        "Net Income Including Noncontrolling Interests": -1108000.0,
        "Net Income Continuous Operations": -1108000.0,
        "Pretax Income": -1108000.0,
        "Other Income Expense": 4000.0,
        "Other Non Operating Income Expenses": 4000.0,
        "Special Income Charges": 0.0,
        "Gain On Sale Of Ppe": 0.0,
        "Net Non Operating Interest Income Expense": 61000.0,
        "Total Other Finance Cost": NaN,
        "Interest Income Non Operating": 61000.0,
        "Operating Income": -1173000.0,
        "Operating Expense": 1610000.0,
        "Other Operating Expenses": -79000.0,
        "Research And Development": 281000.0,
        "Selling General And Administration": 1408000.0,
        "General And Administrative Expense": 1408000.0,
        "Other Gand A": 1408000.0,
        "Gross Profit": 437000.0,
        "Cost Of Revenue": 665000.0,
        "Total Revenue": 1102000.0,
        "Operating Revenue": 1102000.0
    },
    "2024-06-30": {
        "Tax Effect Of Unusual Items": 0.0,
        "Tax Rate For Calcs": 0.0,
        "Normalized EBITDA": -1885000.0,
        "Total Unusual Items": 0.0,
        "Total Unusual Items Excluding Goodwill": 0.0,
        "Net Income From Continuing Operation Net Minority Interest": -1872000.0,
        "Reconciled Depreciation": 67000.0,
        "Reconciled Cost Of Revenue": 3000.0,
        "EBITDA": -1885000.0,
        "EBIT": -1952000.0,
        "Net Interest Income": 77000.0,
        "Interest Income": NaN,
        "Normalized Income": -1872000.0,
        "Net Income From Continuing And Discontinued Operation": -1872000.0,
        "Total Expenses": 1997000.0,
        "Total Operating Income As Reported": -2137000.0,
        "Diluted Average Shares": 47312810.0,
        "Basic Average Shares": 47312810.0,
        "Diluted EPS": -0.04,
        "Basic EPS": -0.04,
        "Diluted NI Availto Com Stockholders": -1872000.0,
        "Net Income Common Stockholders": -1872000.0,
        "Net Income": -1872000.0,
        "Net Income Including Noncontrolling Interests": -1872000.0,
        "Net Income Continuous Operations": -1872000.0,
        "Pretax Income": -1872000.0,
        "Other Income Expense": 3000.0,
        "Other Non Operating Income Expenses": 3000.0,
        "Special Income Charges": 0.0,
        "Gain On Sale Of Ppe": 0.0,
        "Net Non Operating Interest Income Expense": 77000.0,
        "Total Other Finance Cost": -77000.0,
        "Interest Income Non Operating": NaN,
        "Operating Income": -1952000.0,
        "Operating Expense": 1994000.0,
        "Other Operating Expenses": -185000.0,
        "Research And Development": 402000.0,
        "Selling General And Administration": 1777000.0,
        "General And Administrative Expense": 1777000.0,
        "Other Gand A": 1777000.0,
        "Gross Profit": 42000.0,
        "Cost Of Revenue": 3000.0,
        "Total Revenue": 45000.0,
        "Operating Revenue": 45000.0
    },
    "2024-09-30": {
        "Tax Effect Of Unusual Items": 0.0,
        "Tax Rate For Calcs": 0.0,
        "Normalized EBITDA": -1234000.0,
        "Total Unusual Items": 0.0,
        "Total Unusual Items Excluding Goodwill": 0.0,
        "Net Income From Continuing Operation Net Minority Interest": -1155000.0,
        "Reconciled Depreciation": 68000.0,
        "Reconciled Cost Of Revenue": 1308000.0,
        "EBITDA": -1234000.0,
        "EBIT": -1302000.0,
        "Net Interest Income": 146000.0,
        "Interest Income": 146000.0,
        "Normalized Income": -1155000.0,
        "Net Income From Continuing And Discontinued Operation": -1155000.0,
        "Total Expenses": 3161000.0,
        "Total Operating Income As Reported": -1433000.0,
        "Diluted Average Shares": 54714910.0,
        "Basic Average Shares": 54714910.0,
        "Diluted EPS": -0.02,
        "Basic EPS": -0.02,
        "Diluted NI Availto Com Stockholders": -1155000.0,
        "Net Income Common Stockholders": -1155000.0,
        "Net Income": -1155000.0,
        "Net Income Including Noncontrolling Interests": -1155000.0,
        "Net Income Continuous Operations": -1155000.0,
        "Pretax Income": -1155000.0,
        "Other Income Expense": 1000.0,
        "Other Non Operating Income Expenses": 1000.0,
        "Special Income Charges": 0.0,
        "Gain On Sale Of Ppe": 0.0,
        "Net Non Operating Interest Income Expense": 146000.0,
        "Total Other Finance Cost": NaN,
        "Interest Income Non Operating": 146000.0,
        "Operating Income": -1302000.0,
        "Operating Expense": 1853000.0,
        "Other Operating Expenses": -131000.0,
        "Research And Development": 329000.0,
        "Selling General And Administration": 1655000.0,
        "General And Administrative Expense": 1655000.0,
        "Other Gand A": 1655000.0,
        "Gross Profit": 551000.0,
        "Cost Of Revenue": 1308000.0,
        "Total Revenue": 1859000.0,
        "Operating Revenue": 1859000.0
    },
    "2024-12-31": {
        "Tax Effect Of Unusual Items": 0.0,
        "Tax Rate For Calcs": 0.0,
        "Normalized EBITDA": -1327000.0,
        "Total Unusual Items": NaN,
        "Total Unusual Items Excluding Goodwill": NaN,
        "Net Income From Continuing Operation Net Minority Interest": -1164000.0,
        "Reconciled Depreciation": 70000.0,
        "Reconciled Cost Of Revenue": 502000.0,
        "EBITDA": -1327000.0,
        "EBIT": -1397000.0,
        "Net Interest Income": 232000.0,
        "Interest Income": 232000.0,
        "Normalized Income": -1164000.0,
        "Net Income From Continuing And Discontinued Operation": -1164000.0,
        "Total Expenses": 1987000.0,
        "Total Operating Income As Reported": -1666000.0,
        "Diluted Average Shares": NaN,
        "Basic Average Shares": NaN,
        "Diluted EPS": NaN,
        "Basic EPS": NaN,
        "Diluted NI Availto Com Stockholders": -1164000.0,
        "Net Income Common Stockholders": -1164000.0,
        "Net Income": -1164000.0,
        "Net Income Including Noncontrolling Interests": -1164000.0,
        "Net Income Continuous Operations": -1164000.0,
        "Pretax Income": -1164000.0,
        "Other Income Expense": 1000.0,
        "Other Non Operating Income Expenses": 1000.0,
        "Special Income Charges": NaN,
        "Gain On Sale Of Ppe": NaN,
        "Net Non Operating Interest Income Expense": 232000.0,
        "Total Other Finance Cost": NaN,
        "Interest Income Non Operating": 232000.0,
        "Operating Income": -1397000.0,
        "Operating Expense": 1485000.0,
        "Other Operating Expenses": -269000.0,
        "Research And Development": 459000.0,
        "Selling General And Administration": 1295000.0,
        "General And Administrative Expense": 1295000.0,
        "Other Gand A": 1295000.0,
        "Gross Profit": 88000.0,
        "Cost Of Revenue": 502000.0,
        "Total Revenue": 590000.0,
        "Operating Revenue": 590000.0
    }
}