{
    "2023-03-31": {
        "Tax Effect Of Unusual Items": NaN,
        "Tax Rate For Calcs": NaN,
        "Normalized EBITDA": NaN,
        "Net Income From Continuing Operation Net Minority Interest": NaN,
        "Reconciled Depreciation": NaN,
        "Reconciled Cost Of Revenue": NaN,
        "EBITDA": NaN,
        "EBIT": NaN,
        "Net Interest Income": NaN,
        "Interest Income": NaN,
        "Normalized Income": NaN,
        "Net Income From Continuing And Discontinued Operation": NaN,
        "Total Expenses": NaN,
        "Total Operating Income As Reported": NaN,
        "Diluted Average Shares": NaN,
        "Basic Average Shares": NaN,
        "Diluted EPS": NaN,
        "Basic EPS": NaN,
        "Diluted NI Availto Com Stockholders": NaN,
        "Net Income Common Stockholders": NaN,
        "Net Income": NaN,
        "Net Income Including Noncontrolling Interests": NaN,
        "Net Income Continuous Operations": NaN,
        "Pretax Income": NaN,
        "Other Income Expense": NaN,
        "Other Non Operating Income Expenses": NaN,
        "Net Non Operating Interest Income Expense": NaN,
        "Total Other Finance Cost": -114000.0,
        "Interest Income Non Operating": NaN,
        "Operating Income": NaN,
        "Operating Expense": NaN,
        "Research And Development": NaN,
        "Selling General And Administration": NaN,
        "Selling And Marketing Expense": NaN,
        "General And Administrative Expense": NaN,
        "Other Gand A": NaN,
        "Gross Profit": NaN,
        "Cost Of Revenue": NaN,
        "Total Revenue": NaN,
        "Operating Revenue": NaN
    },
    "2022-12-31": {
        "Tax Effect Of Unusual Items": NaN,
        "Tax Rate For Calcs": NaN,
        "Normalized EBITDA": NaN,
        "Net Income From Continuing Operation Net Minority Interest": NaN,
        "Reconciled Depreciation": NaN,
        "Reconciled Cost Of Revenue": NaN,
        "EBITDA": NaN,
        "EBIT": NaN,
        "Net Interest Income": NaN,
        "Interest Expense": -84000.0,
        "Interest Income": NaN,
        "Normalized Income": NaN,
        "Net Income From Continuing And Discontinued Operation": NaN,
        "Total Expenses": NaN,
        "Total Operating Income As Reported": NaN,
        "Diluted Average Shares": NaN,
        "Basic Average Shares": NaN,
        "Diluted EPS": NaN,
        "Basic EPS": NaN,
        "Diluted NI Availto Com Stockholders": NaN,
        "Net Income Common Stockholders": NaN,
        "Net Income": NaN,
        "Net Income Including Noncontrolling Interests": NaN,
        "Net Income Continuous Operations": NaN,
        "Pretax Income": NaN,
        "Other Income Expense": NaN,
        "Other Non Operating Income Expenses": NaN,
        "Net Non Operating Interest Income Expense": NaN,
        "Total Other Finance Cost": NaN,
        "Interest Expense Non Operating": -84000.0,
        "Interest Income Non Operating": NaN,
        "Operating Income": NaN,
        "Operating Expense": NaN,
        "Research And Development": NaN,
        "Selling General And Administration": NaN,
        "Selling And Marketing Expense": NaN,
        "General And Administrative Expense": NaN,
        "Other Gand A": NaN,
        "Gross Profit": NaN,
        "Cost Of Revenue": NaN,
        "Total Revenue": NaN,
        "Operating Revenue": NaN
    },
    "2022-09-30": {
        "Tax Effect Of Unusual Items": NaN,
        "Tax Rate For Calcs": NaN,
        "Normalized EBITDA": NaN,
        "Net Income From Continuing Operation Net Minority Interest": NaN,
        "Reconciled Depreciation": NaN,
        "Reconciled Cost Of Revenue": NaN,
        "EBITDA": NaN,
        "EBIT": NaN,
        "Net Interest Income": NaN,
        "Interest Expense": NaN,
        "Interest Income": 32000.0,
        "Normalized Income": NaN,
        "Net Income From Continuing And Discontinued Operation": NaN,
        "Total Expenses": NaN,
        "Total Operating Income As Reported": NaN,
        "Diluted Average Shares": 24497636.0,
        "Basic Average Shares": 24497636.0,
        "Diluted EPS": -0.15,
        "Basic EPS": -0.15,
        "Diluted NI Availto Com Stockholders": NaN,
        "Net Income Common Stockholders": NaN,
        "Net Income": NaN,
        "Net Income Including Noncontrolling Interests": NaN,
        "Net Income Continuous Operations": NaN,
        "Pretax Income": NaN,
        "Other Income Expense": NaN,
        "Other Non Operating Income Expenses": NaN,
        "Net Non Operating Interest Income Expense": NaN,
        "Total Other Finance Cost": -32000.0,
        "Interest Expense Non Operating": NaN,
        "Interest Income Non Operating": 32000.0,
        "Operating Income": NaN,
        "Operating Expense": NaN,
        "Research And Development": NaN,
        "Selling General And Administration": NaN,
        "Selling And Marketing Expense": NaN,
        "General And Administrative Expense": NaN,
        "Other Gand A": NaN,
        "Gross Profit": NaN,
        "Cost Of Revenue": NaN,
        "Total Revenue": NaN,
        "Operating Revenue": NaN
    },
    "2022-06-30": {
        "Tax Effect Of Unusual Items": 0.0,
        "Tax Rate For Calcs": 0.0,
        "Normalized EBITDA": -3977000.0,
        "Net Income From Continuing Operation Net Minority Interest": -4303000.0,
        "Reconciled Depreciation": 235000.0,
        "Reconciled Cost Of Revenue": 1943000.0,
        "EBITDA": -3977000.0,
        "EBIT": -4212000.0,
        "Net Interest Income": -91000.0,
        "Interest Expense": 91000.0,
        "Interest Income": NaN,
        "Normalized Income": -4303000.0,
        "Net Income From Continuing And Discontinued Operation": -4303000.0,
        "Total Expenses": 9404000.0,
        "Total Operating Income As Reported": -4204000.0,
        "Diluted Average Shares": 23985577.0,
        "Basic Average Shares": 23985577.0,
        "Diluted EPS": -0.18,
        "Basic EPS": -0.18,
        "Diluted NI Availto Com Stockholders": -4303000.0,
        "Net Income Common Stockholders": -4303000.0,
        "Net Income": -4303000.0,
        "Net Income Including Noncontrolling Interests": -4303000.0,
        "Net Income Continuous Operations": -4303000.0,
        "Pretax Income": -4303000.0,
        "Other Income Expense": -8000.0,
        "Other Non Operating Income Expenses": -8000.0,
        "Net Non Operating Interest Income Expense": -91000.0,
        "Total Other Finance Cost": NaN,
        "Interest Expense Non Operating": 91000.0,
        "Interest Income Non Operating": NaN,
        "Operating Income": -4204000.0,
        "Operating Expense": 7461000.0,
        "Research And Development": 2284000.0,
        "Selling General And Administration": 5177000.0,
        "Selling And Marketing Expense": 2187000.0,
        "General And Administrative Expense": 2990000.0,
        "Other Gand A": 2990000.0,
        "Gross Profit": 3257000.0,
        "Cost Of Revenue": 1943000.0,
        "Total Revenue": 5200000.0,
        "Operating Revenue": 5200000.0
    },
    "2022-03-31": {
        "Diluted EPS": -0.17,
        "Total Revenue": 5,
        "Gross Profit": 3,
        "Operating Income": -4,
        "EBIT": -4,
        "Net Income": -4
    },
    "2021-12-31": {
        "Diluted EPS": -0.21,
        "Total Revenue": 4,
        "Gross Profit": 3,
        "Operating Income": -4,
        "EBIT": -4,
        "Net Income": -4
    },
    "2021-09-30": {
        "Diluted EPS": -0.18,
        "Total Revenue": 5,
        "Gross Profit": 3,
        "Operating Income": -4,
        "EBIT": -4,
        "Net Income": -4
    },
    "2021-06-30": {
        "Diluted EPS": -0.17,
        "Total Revenue": 3,
        "Gross Profit": 2,
        "Operating Income": -3,
        "EBIT": -3,
        "Net Income": -4
    },
    "2021-03-31": {
        "Diluted EPS": -0.13,
        "Total Revenue": 4,
        "Gross Profit": 3,
        "Operating Income": -2,
        "EBIT": -2,
        "Net Income": -3
    },
    "2020-12-31": {
        "Diluted EPS": -0.1,
        "Total Revenue": 4,
        "Gross Profit": 3,
        "Operating Income": -2,
        "EBIT": -2,
        "Net Income": -2
    },
    "2020-09-30": {
        "Diluted EPS": -0.09,
        "Total Revenue": 4,
        "Gross Profit": 3,
        "Operating Income": -1,
        "EBIT": -1,
        "Net Income": -1
    },
    "2020-06-30": {
        "Diluted EPS": -0.11,
        "Total Revenue": 2,
        "Gross Profit": 2,
        "Operating Income": -1,
        "EBIT": -1,
        "Net Income": -2
    },
    "2020-03-31": {
        "Diluted EPS": -0.13,
        "Total Revenue": 3,
        "Gross Profit": 2,
        "Operating Income": -1,
        "EBIT": 0,
        "Net Income": -2
    },
    "2019-12-31": {
        "Diluted EPS": -0.1,
        "Total Revenue": 3,
        "Gross Profit": 2,
        "Operating Income": -1,
        "EBIT": -1,
        "Net Income": -2
    },
    "2019-09-30": {
        "Diluted EPS": -0.08,
        "Total Revenue": 3,
        "Gross Profit": 2,
        "Operating Income": -1,
        "EBIT": -1,
        "Net Income": -1
    },
    "2019-06-30": {
        "Diluted EPS": -0.13,
        "Total Revenue": 3,
        "Gross Profit": 2,
        "Operating Income": -1,
        "EBIT": -1,
        "Net Income": -2
    },
    "2019-03-31": {
        "Diluted EPS": -0.11,
        "Total Revenue": 2,
        "Gross Profit": 2,
        "Operating Income": -1,
        "EBIT": -1,
        "Net Income": -1
    },
    "2018-12-31": {
        "Diluted EPS": -0.11,
        "Total Revenue": 2,
        "Gross Profit": 2,
        "Operating Income": -1,
        "EBIT": -1,
        "Net Income": -1
    },
    "2018-09-30": {
        "Diluted EPS": -0.13,
        "Total Revenue": 2,
        "Gross Profit": 1,
        "Operating Income": -1,
        "EBIT": -1,
        "Net Income": -1
    },
    "2018-06-30": {
        "Diluted EPS": -0.17,
        "Total Revenue": 2,
        "Gross Profit": 1,
        "Operating Income": -2,
        "EBIT": -1,
        "Net Income": -2
    },
    "2018-03-31": {
        "Diluted EPS": -0.15,
        "Total Revenue": 2,
        "Gross Profit": 1,
        "Operating Income": -1,
        "EBIT": -1,
        "Net Income": -2
    },
    "2017-12-31": {
        "Diluted EPS": -0.01,
        "Total Revenue": 2,
        "Gross Profit": 1,
        "Operating Income": -2,
        "EBIT": -2,
        "Net Income": -2
    },
    "2017-09-30": {
        "Diluted EPS": -0.14,
        "Total Revenue": 2,
        "Gross Profit": 1,
        "Operating Income": -1,
        "EBIT": -1,
        "Net Income": -1
    },
    "2017-06-30": {
        "Diluted EPS": -0.32,
        "Total Revenue": 2,
        "Gross Profit": 1,
        "Operating Income": -2,
        "EBIT": -2,
        "Net Income": -2
    },
    "2017-03-31": {
        "Diluted EPS": -0.46,
        "Total Revenue": 2,
        "Gross Profit": 1,
        "Operating Income": -1,
        "EBIT": -1,
        "Net Income": -2
    },
    "2016-12-31": {
        "Diluted EPS": -0.22,
        "Total Revenue": 2,
        "Gross Profit": 1,
        "Operating Income": -2,
        "EBIT": -2,
        "Net Income": -2
    },
    "2016-09-30": {
        "Diluted EPS": -0.92,
        "Total Revenue": 2,
        "Gross Profit": 1,
        "Operating Income": -2,
        "EBIT": -2,
        "Net Income": -3
    },
    "2016-06-30": {
        "Diluted EPS": -0.9,
        "Total Revenue": 1,
        "Gross Profit": 1,
        "Operating Income": -2,
        "EBIT": -2,
        "Net Income": -2
    },
    "2016-03-31": {
        "Diluted EPS": -0.89,
        "Total Revenue": 1,
        "Gross Profit": 1,
        "Operating Income": -2,
        "EBIT": -2,
        "Net Income": -2
    },
    "2015-12-31": {
        "Diluted EPS": -0.71,
        "Total Revenue": 2,
        "Gross Profit": 1,
        "Operating Income": -1,
        "EBIT": -1,
        "Net Income": -1
    },
    "2015-09-30": {
        "Diluted EPS": -0.13,
        "Total Revenue": 1,
        "Gross Profit": 1,
        "Operating Income": -2,
        "EBIT": -2,
        "Net Income": 0
    },
    "2015-06-30": {
        "Diluted EPS": -1.64,
        "Total Revenue": 1,
        "Gross Profit": 0,
        "Operating Income": -3,
        "EBIT": -3,
        "Net Income": -3
    },
    "2015-03-31": {
        "Diluted EPS": -2.0,
        "Total Revenue": 1,
        "Gross Profit": 1,
        "Operating Income": -3,
        "EBIT": -3,
        "Net Income": -4
    },
    "2014-12-31": {
        "Diluted EPS": -1.2,
        "Total Revenue": 1,
        "Gross Profit": 0,
        "Operating Income": -3,
        "EBIT": -2,
        "Net Income": -2
    },
    "2014-09-30": {
        "Diluted EPS": -2.4,
        "Total Revenue": 1,
        "Gross Profit": 0,
        "Operating Income": -3,
        "EBIT": -2,
        "Net Income": -4
    },
    "2014-06-30": {
        "Diluted EPS": -1.2,
        "Total Revenue": 1,
        "Gross Profit": 1,
        "Operating Income": -2,
        "EBIT": -2,
        "Net Income": -2
    },
    "2014-03-31": {
        "Diluted EPS": 1.6,
        "Total Revenue": 1,
        "Gross Profit": 0,
        "Operating Income": 2,
        "EBIT": 2,
        "Net Income": 3
    },
    "2013-12-31": {
        "Diluted EPS": -1.2,
        "Total Revenue": 1,
        "Gross Profit": 1,
        "Operating Income": -2,
        "EBIT": -2,
        "Net Income": -2
    },
    "2013-09-30": {
        "Diluted EPS": -2.0,
        "Total Revenue": 1,
        "Gross Profit": 1,
        "Operating Income": -2,
        "EBIT": -2,
        "Net Income": -3
    },
    "2013-06-30": {
        "Diluted EPS": -0.8,
        "Total Revenue": 1,
        "Gross Profit": 0,
        "Operating Income": -2,
        "EBIT": -2,
        "Net Income": -1
    },
    "2013-03-31": {
        "Diluted EPS": -0.8,
        "Total Revenue": 1,
        "Gross Profit": 1,
        "Operating Income": -1,
        "EBIT": -1,
        "Net Income": -1
    },
    "2012-12-31": {
        "Diluted EPS": 2.4,
        "Total Revenue": 2,
        "Gross Profit": 2,
        "Operating Income": 0,
        "EBIT": 0,
        "Net Income": 1
    },
    "2012-09-30": {
        "Diluted EPS": -2.4,
        "Total Revenue": 1,
        "Gross Profit": 1,
        "Operating Income": -1,
        "EBIT": -1,
        "Net Income": -3
    },
    "2012-06-30": {
        "Diluted EPS": -0.4,
        "Total Revenue": 1,
        "Gross Profit": 1,
        "Operating Income": 0,
        "EBIT": 0,
        "Net Income": -1
    },
    "2012-03-31": {
        "Diluted EPS": -5.6,
        "Total Revenue": 1,
        "Gross Profit": 1,
        "Operating Income": -1,
        "EBIT": 1,
        "Net Income": -3
    },
    "2011-12-31": {
        "Diluted EPS": -4.8,
        "Total Revenue": 1,
        "Gross Profit": 1,
        "Operating Income": -1,
        "EBIT": -1,
        "Net Income": -2
    },
    "2011-09-30": {
        "Diluted EPS": -5.2,
        "Total Revenue": 1,
        "Gross Profit": 1,
        "Operating Income": -1,
        "EBIT": -1,
        "Net Income": -2
    },
    "2011-06-30": {
        "Diluted EPS": -5.2,
        "Total Revenue": 1,
        "Gross Profit": 1,
        "Operating Income": -1,
        "EBIT": -1,
        "Net Income": -2
    },
    "2011-03-31": {
        "Diluted EPS": -5.6,
        "Total Revenue": 1,
        "Gross Profit": 1,
        "Operating Income": -2,
        "EBIT": -1,
        "Net Income": -2
    },
    "2010-12-31": {
        "Diluted EPS": 0.0,
        "Total Revenue": NaN,
        "Gross Profit": NaN,
        "Operating Income": NaN,
        "EBIT": NaN,
        "Net Income": NaN
    },
    "2009-12-31": {
        "Diluted EPS": 0.0,
        "Total Revenue": NaN,
        "Gross Profit": NaN,
        "Operating Income": NaN,
        "EBIT": NaN,
        "Net Income": NaN
    },
    "2023-06-30": {
        "Tax Effect Of Unusual Items": NaN,
        "Tax Rate For Calcs": NaN,
        "Normalized EBITDA": NaN,
        "Net Income From Continuing Operation Net Minority Interest": NaN,
        "Reconciled Depreciation": NaN,
        "Reconciled Cost Of Revenue": NaN,
        "EBITDA": NaN,
        "EBIT": NaN,
        "Net Interest Income": NaN,
        "Interest Income": NaN,
        "Normalized Income": NaN,
        "Net Income From Continuing And Discontinued Operation": NaN,
        "Total Expenses": NaN,
        "Total Operating Income As Reported": NaN,
        "Diluted Average Shares": 24583712.0,
        "Basic Average Shares": 24583712.0,
        "Diluted EPS": -0.29,
        "Basic EPS": -0.29,
        "Diluted NI Availto Com Stockholders": NaN,
        "Net Income Common Stockholders": NaN,
        "Net Income": NaN,
        "Net Income Including Noncontrolling Interests": NaN,
        "Net Income Continuous Operations": NaN,
        "Pretax Income": NaN,
        "Other Income Expense": NaN,
        "Other Non Operating Income Expenses": NaN,
        "Net Non Operating Interest Income Expense": NaN,
        "Total Other Finance Cost": -81000.0,
        "Interest Income Non Operating": NaN,
        "Operating Income": NaN,
        "Operating Expense": NaN,
        "Research And Development": NaN,
        "Selling General And Administration": NaN,
        "Selling And Marketing Expense": NaN,
        "General And Administrative Expense": NaN,
        "Other Gand A": NaN,
        "Gross Profit": NaN,
        "Cost Of Revenue": NaN,
        "Total Revenue": NaN,
        "Operating Revenue": NaN
    },
    "2023-09-30": {
        "Tax Effect Of Unusual Items": NaN,
        "Tax Rate For Calcs": NaN,
        "Normalized EBITDA": NaN,
        "Net Income From Continuing Operation Net Minority Interest": NaN,
        "Reconciled Depreciation": NaN,
        "Reconciled Cost Of Revenue": NaN,
        "EBITDA": NaN,
        "EBIT": NaN,
        "Net Interest Income": NaN,
        "Interest Income": NaN,
        "Normalized Income": NaN,
        "Net Income From Continuing And Discontinued Operation": NaN,
        "Total Expenses": NaN,
        "Total Operating Income As Reported": NaN,
        "Diluted Average Shares": 24630181.0,
        "Basic Average Shares": 24630181.0,
        "Diluted EPS": -0.2,
        "Basic EPS": -0.2,
        "Diluted NI Availto Com Stockholders": NaN,
        "Net Income Common Stockholders": NaN,
        "Net Income": NaN,
        "Net Income Including Noncontrolling Interests": NaN,
        "Net Income Continuous Operations": NaN,
        "Tax Provision": NaN,
        "Pretax Income": NaN,
        "Other Income Expense": NaN,
        "Other Non Operating Income Expenses": NaN,
        "Net Non Operating Interest Income Expense": NaN,
        "Total Other Finance Cost": -100000.0,
        "Interest Income Non Operating": NaN,
        "Operating Income": NaN,
        "Operating Expense": NaN,
        "Research And Development": NaN,
        "Selling General And Administration": NaN,
        "Selling And Marketing Expense": NaN,
        "General And Administrative Expense": NaN,
        "Other Gand A": NaN,
        "Gross Profit": NaN,
        "Cost Of Revenue": NaN,
        "Total Revenue": NaN,
        "Operating Revenue": NaN
    },
    "2023-12-31": {
        "Tax Effect Of Unusual Items": 0.0,
        "Tax Rate For Calcs": 0.0,
        "Normalized EBITDA": -4282000.0,
        "Net Income From Continuing Operation Net Minority Interest": -4619000.0,
        "Reconciled Depreciation": 424000.0,
        "Reconciled Cost Of Revenue": 2797000.0,
        "EBITDA": -4282000.0,
        "EBIT": -4706000.0,
        "Net Interest Income": 91000.0,
        "Interest Income": NaN,
        "Normalized Income": -4619000.0,
        "Net Income From Continuing And Discontinued Operation": -4619000.0,
        "Total Expenses": 11516000.0,
        "Total Operating Income As Reported": -4706000.0,
        "Diluted Average Shares": NaN,
        "Basic Average Shares": NaN,
        "Diluted EPS": NaN,
        "Basic EPS": NaN,
        "Diluted NI Availto Com Stockholders": -4619000.0,
        "Net Income Common Stockholders": -4619000.0,
        "Net Income": -4619000.0,
        "Net Income Including Noncontrolling Interests": -4619000.0,
        "Net Income Continuous Operations": -4619000.0,
        "Pretax Income": -4619000.0,
        "Other Income Expense": -4000.0,
        "Other Non Operating Income Expenses": -4000.0,
        "Net Non Operating Interest Income Expense": 91000.0,
        "Total Other Finance Cost": NaN,
        "Interest Income Non Operating": NaN,
        "Operating Income": -4706000.0,
        "Operating Expense": 8719000.0,
        "Research And Development": 2652000.0,
        "Selling General And Administration": 6067000.0,
        "Selling And Marketing Expense": 3347000.0,
        "General And Administrative Expense": 2720000.0,
        "Other Gand A": 2720000.0,
        "Gross Profit": 4013000.0,
        "Cost Of Revenue": 2797000.0,
        "Total Revenue": 6810000.0,
        "Operating Revenue": 6810000.0
    },
    "2024-03-31": {
        "Tax Effect Of Unusual Items": NaN,
        "Tax Rate For Calcs": NaN,
        "Normalized EBITDA": NaN,
        "Net Income From Continuing Operation Net Minority Interest": NaN,
        "Reconciled Depreciation": NaN,
        "Reconciled Cost Of Revenue": NaN,
        "EBITDA": NaN,
        "EBIT": NaN,
        "Net Interest Income": NaN,
        "Interest Expense": NaN,
        "Interest Income": 111000.0,
        "Normalized Income": NaN,
        "Net Income From Continuing And Discontinued Operation": NaN,
        "Total Expenses": NaN,
        "Total Operating Income As Reported": NaN,
        "Diluted Average Shares": NaN,
        "Basic Average Shares": NaN,
        "Diluted EPS": NaN,
        "Basic EPS": NaN,
        "Diluted NI Availto Com Stockholders": NaN,
        "Net Income Common Stockholders": NaN,
        "Net Income": NaN,
        "Net Income Including Noncontrolling Interests": NaN,
        "Net Income Continuous Operations": NaN,
        "Tax Provision": NaN,
        "Pretax Income": NaN,
        "Other Income Expense": NaN,
        "Other Non Operating Income Expenses": NaN,
        "Net Non Operating Interest Income Expense": NaN,
        "Interest Expense Non Operating": NaN,
        "Interest Income Non Operating": 111000.0,
        "Operating Income": NaN,
        "Operating Expense": NaN,
        "Research And Development": NaN,
        "Selling General And Administration": NaN,
        "Selling And Marketing Expense": NaN,
        "General And Administrative Expense": NaN,
        "Other Gand A": NaN,
        "Gross Profit": NaN,
        "Cost Of Revenue": NaN,
        "Total Revenue": NaN,
        "Operating Revenue": NaN
    },
    "2024-06-30": {
        "Tax Effect Of Unusual Items": NaN,
        "Tax Rate For Calcs": NaN,
        "Normalized EBITDA": NaN,
        "Net Income From Continuing Operation Net Minority Interest": NaN,
        "Reconciled Depreciation": NaN,
        "Reconciled Cost Of Revenue": NaN,
        "EBITDA": NaN,
        "EBIT": NaN,
        "Net Interest Income": NaN,
        "Interest Expense": NaN,
        "Interest Income": 326000.0,
        "Normalized Income": NaN,
        "Net Income From Continuing And Discontinued Operation": NaN,
        "Total Expenses": NaN,
        "Total Operating Income As Reported": NaN,
        "Diluted Average Shares": 27468378.0,
        "Basic Average Shares": 27468378.0,
        "Diluted EPS": -0.16,
        "Basic EPS": -0.16,
        "Diluted NI Availto Com Stockholders": NaN,
        "Net Income Common Stockholders": NaN,
        "Net Income": NaN,
        "Net Income Including Noncontrolling Interests": NaN,
        "Net Income Continuous Operations": NaN,
        "Tax Provision": 15000.0,
        "Pretax Income": NaN,
        "Other Income Expense": NaN,
        "Other Non Operating Income Expenses": NaN,
        "Net Non Operating Interest Income Expense": NaN,
        "Interest Expense Non Operating": NaN,
        "Interest Income Non Operating": 326000.0,
        "Operating Income": NaN,
        "Operating Expense": NaN,
        "Research And Development": NaN,
        "Selling General And Administration": NaN,
        "Selling And Marketing Expense": NaN,
        "General And Administrative Expense": NaN,
        "Other Gand A": NaN,
        "Gross Profit": NaN,
        "Cost Of Revenue": NaN,
        "Total Revenue": NaN,
        "Operating Revenue": NaN
    },
    "2024-09-30": {
        "Tax Effect Of Unusual Items": 0.0,
        "Tax Rate For Calcs": 0.21,
        "Normalized EBITDA": -4663000.0,
        "Net Income From Continuing Operation Net Minority Interest": -4974000.0,
        "Reconciled Depreciation": 495000.0,
        "Reconciled Cost Of Revenue": 3275000.0,
        "EBITDA": -4663000.0,
        "EBIT": -5158000.0,
        "Net Interest Income": 209000.0,
        "Interest Expense": NaN,
        "Interest Income": 209000.0,
        "Normalized Income": -4974000.0,
        "Net Income From Continuing And Discontinued Operation": -4974000.0,
        "Total Expenses": 13280000.0,
        "Total Operating Income As Reported": -5158000.0,
        "Diluted Average Shares": 27591623.0,
        "Basic Average Shares": 27591623.0,
        "Diluted EPS": -0.18,
        "Basic EPS": -0.18,
        "Diluted NI Availto Com Stockholders": -4974000.0,
        "Net Income Common Stockholders": -4974000.0,
        "Net Income": -4974000.0,
        "Net Income Including Noncontrolling Interests": -4974000.0,
        "Net Income Continuous Operations": -4974000.0,
        "Tax Provision": 14000.0,
        "Pretax Income": -4960000.0,
        "Other Income Expense": -11000.0,
        "Other Non Operating Income Expenses": -11000.0,
        "Net Non Operating Interest Income Expense": 209000.0,
        "Interest Expense Non Operating": NaN,
        "Interest Income Non Operating": 209000.0,
        "Operating Income": -5158000.0,
        "Operating Expense": 10005000.0,
        "Research And Development": 3315000.0,
        "Selling General And Administration": 6690000.0,
        "Selling And Marketing Expense": 3549000.0,
        "General And Administrative Expense": 3141000.0,
        "Other Gand A": 3141000.0,
        "Gross Profit": 4847000.0,
        "Cost Of Revenue": 3275000.0,
        "Total Revenue": 8122000.0,
        "Operating Revenue": 8122000.0
    },
    "2024-12-31": {
        "Tax Effect Of Unusual Items": 0.0,
        "Tax Rate For Calcs": 0.0,
        "Normalized EBITDA": -5133000.0,
        "Net Income From Continuing Operation Net Minority Interest": -5386000.0,
        "Reconciled Depreciation": 471000.0,
        "Reconciled Cost Of Revenue": 3009000.0,
        "EBITDA": -5133000.0,
        "EBIT": -5604000.0,
        "Net Interest Income": 226000.0,
        "Interest Expense": NaN,
        "Interest Income": 226000.0,
        "Normalized Income": -5386000.0,
        "Net Income From Continuing And Discontinued Operation": -5386000.0,
        "Total Expenses": 13375000.0,
        "Total Operating Income As Reported": -5604000.0,
        "Diluted Average Shares": NaN,
        "Basic Average Shares": NaN,
        "Diluted EPS": NaN,
        "Basic EPS": NaN,
        "Diluted NI Availto Com Stockholders": -5386000.0,
        "Net Income Common Stockholders": -5386000.0,
        "Net Income": -5386000.0,
        "Net Income Including Noncontrolling Interests": -5386000.0,
        "Net Income Continuous Operations": -5386000.0,
        "Tax Provision": NaN,
        "Pretax Income": -5386000.0,
        "Other Income Expense": -8000.0,
        "Other Non Operating Income Expenses": -8000.0,
        "Net Non Operating Interest Income Expense": 226000.0,
        "Interest Expense Non Operating": NaN,
        "Interest Income Non Operating": 226000.0,
        "Operating Income": -5604000.0,
        "Operating Expense": 10366000.0,
        "Research And Development": 3332000.0,
        "Selling General And Administration": 7034000.0,
        "Selling And Marketing Expense": 3805000.0,
        "General And Administrative Expense": 3229000.0,
        "Other Gand A": 3229000.0,
        "Gross Profit": 4762000.0,
        "Cost Of Revenue": 3009000.0,
        "Total Revenue": 7771000.0,
        "Operating Revenue": 7771000.0
    },
    "2025-03-31": {
        "Tax Effect Of Unusual Items": 0.0,
        "Tax Rate For Calcs": 0.21,
        "Normalized EBITDA": -5829000.0,
        "Net Income From Continuing Operation Net Minority Interest": -6026000.0,
        "Reconciled Depreciation": 334000.0,
        "Reconciled Cost Of Revenue": 3353000.0,
        "EBITDA": -5829000.0,
        "EBIT": -6163000.0,
        "Net Interest Income": 151000.0,
        "Interest Expense": NaN,
        "Interest Income": 151000.0,
        "Normalized Income": -6026000.0,
        "Net Income From Continuing And Discontinued Operation": -6026000.0,
        "Total Expenses": 14648000.0,
        "Total Operating Income As Reported": -6163000.0,
        "Diluted Average Shares": 27718918.0,
        "Basic Average Shares": 27718918.0,
        "Diluted EPS": -0.22,
        "Basic EPS": -0.22,
        "Diluted NI Availto Com Stockholders": -6026000.0,
        "Net Income Common Stockholders": -6026000.0,
        "Net Income": -6026000.0,
        "Net Income Including Noncontrolling Interests": -6026000.0,
        "Net Income Continuous Operations": -6026000.0,
        "Tax Provision": 18000.0,
        "Pretax Income": -6008000.0,
        "Other Income Expense": 4000.0,
        "Other Non Operating Income Expenses": 4000.0,
        "Net Non Operating Interest Income Expense": 151000.0,
        "Interest Expense Non Operating": NaN,
        "Interest Income Non Operating": 151000.0,
        "Operating Income": -6163000.0,
        "Operating Expense": 11295000.0,
        "Research And Development": 3379000.0,
        "Selling General And Administration": 7916000.0,
        "Selling And Marketing Expense": 3834000.0,
        "General And Administrative Expense": 4082000.0,
        "Other Gand A": 4082000.0,
        "Gross Profit": 5132000.0,
        "Cost Of Revenue": 3353000.0,
        "Total Revenue": 8485000.0,
        "Operating Revenue": 8485000.0
    },
    "2025-06-30": {
        "Tax Effect Of Unusual Items": 0.0,
        "Tax Rate For Calcs": 0.21,
        "Normalized EBITDA": -5106000.0,
        "Net Income From Continuing Operation Net Minority Interest": -5837000.0,
        "Reconciled Depreciation": 626000.0,
        "Reconciled Cost Of Revenue": 3659000.0,
        "EBITDA": -5106000.0,
        "EBIT": -5732000.0,
        "Net Interest Income": -80000.0,
        "Interest Expense": 80000.0,
        "Interest Income": NaN,
        "Normalized Income": -5837000.0,
        "Net Income From Continuing And Discontinued Operation": -5837000.0,
        "Total Expenses": 14895000.0,
        "Total Operating Income As Reported": -5680000.0,
        "Diluted Average Shares": 28258305.0,
        "Basic Average Shares": 28258305.0,
        "Diluted EPS": -0.21,
        "Basic EPS": -0.21,
        "Diluted NI Availto Com Stockholders": -5837000.0,
        "Net Income Common Stockholders": -5837000.0,
        "Net Income": -5837000.0,
        "Net Income Including Noncontrolling Interests": -5837000.0,
        "Net Income Continuous Operations": -5837000.0,
        "Tax Provision": 25000.0,
        "Pretax Income": -5812000.0,
        "Other Income Expense": -52000.0,
        "Other Non Operating Income Expenses": -52000.0,
        "Net Non Operating Interest Income Expense": -80000.0,
        "Interest Expense Non Operating": 80000.0,
        "Interest Income Non Operating": NaN,
        "Operating Income": -5680000.0,
        "Operating Expense": 11236000.0,
        "Research And Development": 3829000.0,
        "Selling General And Administration": 7407000.0,
        "Selling And Marketing Expense": 4019000.0,
        "General And Administrative Expense": 3388000.0,
        "Other Gand A": 3388000.0,
        "Gross Profit": 5556000.0,
        "Cost Of Revenue": 3659000.0,
        "Total Revenue": 9215000.0,
        "Operating Revenue": 9215000.0
    },
    "2025-09-30": {
        "Tax Effect Of Unusual Items": 0.0,
        "Tax Rate For Calcs": 0.21,
        "Normalized EBITDA": -4914000.0,
        "Net Income From Continuing Operation Net Minority Interest": -5891000.0,
        "Reconciled Depreciation": 426000.0,
        "Reconciled Cost Of Revenue": 3261000.0,
        "EBITDA": -4914000.0,
        "EBIT": -5340000.0,
        "Net Interest Income": -543000.0,
        "Interest Expense": 543000.0,
        "Interest Income": NaN,
        "Normalized Income": -5891000.0,
        "Net Income From Continuing And Discontinued Operation": -5891000.0,
        "Total Expenses": 14137000.0,
        "Total Operating Income As Reported": -5276000.0,
        "Diluted Average Shares": 28427574.0,
        "Basic Average Shares": 28427574.0,
        "Diluted EPS": -0.21,
        "Basic EPS": -0.21,
        "Diluted NI Availto Com Stockholders": -5891000.0,
        "Net Income Common Stockholders": -5891000.0,
        "Net Income": -5891000.0,
        "Net Income Including Noncontrolling Interests": -5891000.0,
        "Net Income Continuous Operations": -5891000.0,
        "Tax Provision": 8000.0,
        "Pretax Income": -5883000.0,
        "Other Income Expense": -64000.0,
        "Other Non Operating Income Expenses": -64000.0,
        "Net Non Operating Interest Income Expense": -543000.0,
        "Interest Expense Non Operating": 543000.0,
        "Interest Income Non Operating": NaN,
        "Operating Income": -5276000.0,
        "Operating Expense": 10876000.0,
        "Research And Development": 3452000.0,
        "Selling General And Administration": 7424000.0,
        "Selling And Marketing Expense": 3838000.0,
        "General And Administrative Expense": 3586000.0,
        "Other Gand A": 3586000.0,
        "Gross Profit": 5600000.0,
        "Cost Of Revenue": 3261000.0,
        "Total Revenue": 8861000.0,
        "Operating Revenue": 8861000.0
    }
}