{
    "2023-06-30": {
        "Tax Effect Of Unusual Items": NaN,
        "Tax Rate For Calcs": NaN,
        "Normalized EBITDA": NaN,
        "Total Unusual Items": NaN,
        "Total Unusual Items Excluding Goodwill": NaN,
        "Net Income From Continuing Operation Net Minority Interest": NaN,
        "Reconciled Depreciation": NaN,
        "Reconciled Cost Of Revenue": NaN,
        "EBITDA": NaN,
        "EBIT": NaN,
        "Net Interest Income": NaN,
        "Interest Expense": NaN,
        "Interest Income": 300000.0,
        "Normalized Income": NaN,
        "Net Income From Continuing And Discontinued Operation": NaN,
        "Total Expenses": NaN,
        "Total Operating Income As Reported": NaN,
        "Diluted Average Shares": NaN,
        "Basic Average Shares": NaN,
        "Diluted EPS": NaN,
        "Basic EPS": NaN,
        "Diluted NI Availto Com Stockholders": NaN,
        "Net Income Common Stockholders": NaN,
        "Net Income": NaN,
        "Net Income Including Noncontrolling Interests": NaN,
        "Net Income Continuous Operations": NaN,
        "Tax Provision": NaN,
        "Pretax Income": NaN,
        "Other Income Expense": NaN,
        "Other Non Operating Income Expenses": 1700000.0,
        "Special Income Charges": NaN,
        "Gain On Sale Of Ppe": 0.0,
        "Other Special Charges": -1700000.0,
        "Restructuring And Mergern Acquisition": NaN,
        "Net Non Operating Interest Income Expense": NaN,
        "Interest Expense Non Operating": NaN,
        "Interest Income Non Operating": 300000.0,
        "Operating Income": NaN,
        "Operating Expense": NaN,
        "Depreciation Amortization Depletion Income Statement": NaN,
        "Depreciation And Amortization In Income Statement": NaN,
        "Amortization": NaN,
        "Amortization Of Intangibles Income Statement": NaN,
        "Research And Development": NaN,
        "Selling General And Administration": NaN,
        "Gross Profit": NaN,
        "Cost Of Revenue": NaN,
        "Total Revenue": NaN,
        "Operating Revenue": NaN
    },
    "2023-03-31": {
        "Tax Effect Of Unusual Items": NaN,
        "Tax Rate For Calcs": NaN,
        "Normalized EBITDA": NaN,
        "Total Unusual Items": NaN,
        "Total Unusual Items Excluding Goodwill": NaN,
        "Net Income From Continuing Operation Net Minority Interest": NaN,
        "Reconciled Depreciation": NaN,
        "Reconciled Cost Of Revenue": NaN,
        "EBITDA": NaN,
        "EBIT": NaN,
        "Net Interest Income": NaN,
        "Interest Expense": NaN,
        "Interest Income": NaN,
        "Normalized Income": NaN,
        "Net Income From Continuing And Discontinued Operation": NaN,
        "Total Expenses": NaN,
        "Total Operating Income As Reported": NaN,
        "Diluted Average Shares": NaN,
        "Basic Average Shares": NaN,
        "Diluted EPS": NaN,
        "Basic EPS": NaN,
        "Diluted NI Availto Com Stockholders": NaN,
        "Net Income Common Stockholders": NaN,
        "Net Income": NaN,
        "Net Income Including Noncontrolling Interests": NaN,
        "Net Income Continuous Operations": NaN,
        "Tax Provision": NaN,
        "Pretax Income": NaN,
        "Other Income Expense": NaN,
        "Other Non Operating Income Expenses": NaN,
        "Special Income Charges": NaN,
        "Gain On Sale Of Ppe": 0.0,
        "Other Special Charges": NaN,
        "Restructuring And Mergern Acquisition": NaN,
        "Net Non Operating Interest Income Expense": NaN,
        "Interest Expense Non Operating": NaN,
        "Interest Income Non Operating": NaN,
        "Operating Income": NaN,
        "Operating Expense": NaN,
        "Depreciation Amortization Depletion Income Statement": NaN,
        "Depreciation And Amortization In Income Statement": NaN,
        "Amortization": NaN,
        "Amortization Of Intangibles Income Statement": NaN,
        "Research And Development": NaN,
        "Selling General And Administration": NaN,
        "Gross Profit": NaN,
        "Cost Of Revenue": NaN,
        "Total Revenue": NaN,
        "Operating Revenue": NaN
    },
    "2022-12-31": {
        "Tax Effect Of Unusual Items": -894382.022472,
        "Tax Rate For Calcs": 0.319422,
        "Normalized EBITDA": 121900000.0,
        "Total Unusual Items": -2800000.0,
        "Total Unusual Items Excluding Goodwill": -2800000.0,
        "Net Income From Continuing Operation Net Minority Interest": 42400000.0,
        "Reconciled Depreciation": 37500000.0,
        "Reconciled Cost Of Revenue": 1829100000.0,
        "EBITDA": 119100000.0,
        "EBIT": 81600000.0,
        "Net Interest Income": -19300000.0,
        "Interest Expense": 19300000.0,
        "Normalized Income": 44305617.977528,
        "Net Income From Continuing And Discontinued Operation": 42400000.0,
        "Total Expenses": 1958200000.0,
        "Total Operating Income As Reported": 81600000.0,
        "Diluted Average Shares": 122400000.0,
        "Basic Average Shares": 122300000.0,
        "Diluted EPS": 0.35,
        "Basic EPS": 0.35,
        "Diluted NI Availto Com Stockholders": 42400000.0,
        "Net Income Common Stockholders": 42400000.0,
        "Net Income": 42400000.0,
        "Net Income Including Noncontrolling Interests": 42400000.0,
        "Net Income Continuous Operations": 42400000.0,
        "Tax Provision": 19900000.0,
        "Pretax Income": 62300000.0,
        "Other Income Expense": -2800000.0,
        "Other Non Operating Income Expenses": NaN,
        "Special Income Charges": -2800000.0,
        "Gain On Sale Of Ppe": NaN,
        "Other Special Charges": NaN,
        "Restructuring And Mergern Acquisition": 700000.0,
        "Net Non Operating Interest Income Expense": -19300000.0,
        "Interest Expense Non Operating": 19300000.0,
        "Operating Income": 84400000.0,
        "Operating Expense": 101800000.0,
        "Depreciation Amortization Depletion Income Statement": 10200000.0,
        "Depreciation And Amortization In Income Statement": 10200000.0,
        "Amortization": 10200000.0,
        "Amortization Of Intangibles Income Statement": 10200000.0,
        "Research And Development": 14500000.0,
        "Selling General And Administration": 77100000.0,
        "Gross Profit": 186200000.0,
        "Cost Of Revenue": 1856400000.0,
        "Total Revenue": 2042600000.0,
        "Operating Revenue": 2042600000.0
    },
    "2022-09-30": {
        "Tax Effect Of Unusual Items": NaN,
        "Tax Rate For Calcs": NaN,
        "Normalized EBITDA": NaN,
        "Total Unusual Items": NaN,
        "Total Unusual Items Excluding Goodwill": NaN,
        "Net Income From Continuing Operation Net Minority Interest": NaN,
        "Reconciled Depreciation": NaN,
        "Reconciled Cost Of Revenue": NaN,
        "EBITDA": NaN,
        "EBIT": NaN,
        "Net Interest Income": NaN,
        "Interest Expense": NaN,
        "Normalized Income": NaN,
        "Net Income From Continuing And Discontinued Operation": NaN,
        "Total Expenses": NaN,
        "Total Operating Income As Reported": NaN,
        "Diluted Average Shares": NaN,
        "Basic Average Shares": NaN,
        "Diluted EPS": NaN,
        "Basic EPS": NaN,
        "Diluted NI Availto Com Stockholders": NaN,
        "Net Income Common Stockholders": NaN,
        "Net Income": NaN,
        "Net Income Including Noncontrolling Interests": NaN,
        "Net Income Continuous Operations": NaN,
        "Tax Provision": NaN,
        "Pretax Income": NaN,
        "Other Income Expense": NaN,
        "Other Non Operating Income Expenses": NaN,
        "Special Income Charges": NaN,
        "Gain On Sale Of Ppe": 0.0,
        "Other Special Charges": NaN,
        "Restructuring And Mergern Acquisition": NaN,
        "Net Non Operating Interest Income Expense": NaN,
        "Interest Expense Non Operating": NaN,
        "Operating Income": NaN,
        "Operating Expense": NaN,
        "Depreciation Amortization Depletion Income Statement": NaN,
        "Depreciation And Amortization In Income Statement": NaN,
        "Amortization": NaN,
        "Amortization Of Intangibles Income Statement": NaN,
        "Research And Development": NaN,
        "Selling General And Administration": NaN,
        "Gross Profit": NaN,
        "Cost Of Revenue": NaN,
        "Total Revenue": NaN,
        "Operating Revenue": NaN
    },
    "2022-06-30": {
        "Tax Effect Of Unusual Items": 700000.0,
        "Tax Rate For Calcs": 0.28,
        "Normalized EBITDA": 96100000.0,
        "Total Unusual Items": 2500000.0,
        "Total Unusual Items Excluding Goodwill": 2500000.0,
        "Net Income From Continuing Operation Net Minority Interest": 35600000.0,
        "Reconciled Depreciation": 35900000.0,
        "Reconciled Cost Of Revenue": 1541300000.0,
        "EBITDA": 98600000.0,
        "EBIT": 62700000.0,
        "Net Interest Income": -13100000.0,
        "Interest Expense": 13100000.0,
        "Normalized Income": 33800000.0,
        "Net Income From Continuing And Discontinued Operation": 35600000.0,
        "Total Expenses": 1657000000.0,
        "Total Operating Income As Reported": 62700000.0,
        "Diluted Average Shares": 124000000.0,
        "Basic Average Shares": 124000000.0,
        "Diluted EPS": 0.29,
        "Basic EPS": 0.29,
        "Diluted NI Availto Com Stockholders": 35600000.0,
        "Net Income Common Stockholders": 35600000.0,
        "Net Income": 35600000.0,
        "Net Income Including Noncontrolling Interests": 35600000.0,
        "Net Income Continuous Operations": 35600000.0,
        "Tax Provision": 14000000.0,
        "Pretax Income": 49600000.0,
        "Other Income Expense": 2500000.0,
        "Special Income Charges": 2500000.0,
        "Other Special Charges": NaN,
        "Restructuring And Mergern Acquisition": -2500000.0,
        "Net Non Operating Interest Income Expense": -13100000.0,
        "Interest Expense Non Operating": 13100000.0,
        "Operating Income": 60200000.0,
        "Operating Expense": 89700000.0,
        "Depreciation Amortization Depletion Income Statement": 9900000.0,
        "Depreciation And Amortization In Income Statement": 9900000.0,
        "Amortization": 9900000.0,
        "Amortization Of Intangibles Income Statement": 9900000.0,
        "Research And Development": 8800000.0,
        "Selling General And Administration": 71000000.0,
        "Gross Profit": 149900000.0,
        "Cost Of Revenue": 1567300000.0,
        "Total Revenue": 1717200000.0,
        "Operating Revenue": 1717200000.0
    },
    "2022-03-31": {
        "Diluted EPS": 0.17,
        "Total Revenue": NaN,
        "Gross Profit": 133,
        "Operating Income": 41,
        "EBIT": 77,
        "Net Income": 22
    },
    "2021-12-31": {
        "Diluted EPS": 0.25,
        "Total Revenue": NaN,
        "Gross Profit": 142,
        "Operating Income": 50,
        "EBIT": 85,
        "Net Income": 32
    },
    "2021-09-30": {
        "Diluted EPS": 0.28,
        "Total Revenue": NaN,
        "Gross Profit": 125,
        "Operating Income": 52,
        "EBIT": 82,
        "Net Income": 35
    },
    "2021-06-30": {
        "Diluted EPS": 0.21,
        "Total Revenue": NaN,
        "Gross Profit": 118,
        "Operating Income": 42,
        "EBIT": 73,
        "Net Income": 26
    },
    "2021-03-31": {
        "Diluted EPS": 0.08,
        "Total Revenue": NaN,
        "Gross Profit": 102,
        "Operating Income": 24,
        "EBIT": 54,
        "Net Income": 11
    },
    "2020-12-31": {
        "Diluted EPS": 0.15,
        "Total Revenue": NaN,
        "Gross Profit": 114,
        "Operating Income": 36,
        "EBIT": 66,
        "Net Income": 20
    },
    "2020-09-30": {
        "Diluted EPS": 0.24,
        "Total Revenue": NaN,
        "Gross Profit": 124,
        "Operating Income": 49,
        "EBIT": 80,
        "Net Income": 30
    },
    "2020-06-30": {
        "Diluted EPS": 0.1,
        "Total Revenue": NaN,
        "Gross Profit": 109,
        "Operating Income": 30,
        "EBIT": 61,
        "Net Income": 13
    },
    "2020-03-31": {
        "Diluted EPS": -0.02,
        "Total Revenue": NaN,
        "Gross Profit": 91,
        "Operating Income": 13,
        "EBIT": 45,
        "Net Income": -3
    },
    "2019-12-31": {
        "Diluted EPS": -0.03,
        "Total Revenue": NaN,
        "Gross Profit": 102,
        "Operating Income": 11,
        "EBIT": 44,
        "Net Income": -7
    },
    "2019-09-30": {
        "Diluted EPS": -0.05,
        "Total Revenue": NaN,
        "Gross Profit": 98,
        "Operating Income": 18,
        "EBIT": 52,
        "Net Income": -7
    },
    "2019-06-30": {
        "Diluted EPS": -0.05,
        "Total Revenue": NaN,
        "Gross Profit": 98,
        "Operating Income": 12,
        "EBIT": 46,
        "Net Income": -6
    },
    "2019-03-31": {
        "Diluted EPS": 0.66,
        "Total Revenue": NaN,
        "Gross Profit": 87,
        "Operating Income": 108,
        "EBIT": 143,
        "Net Income": 90
    },
    "2018-12-31": {
        "Diluted EPS": 0.43,
        "Total Revenue": NaN,
        "Gross Profit": 120,
        "Operating Income": 29,
        "EBIT": 54,
        "Net Income": 60
    },
    "2018-09-30": {
        "Diluted EPS": 0.06,
        "Total Revenue": NaN,
        "Gross Profit": 112,
        "Operating Income": 29,
        "EBIT": 50,
        "Net Income": 9
    },
    "2018-06-30": {
        "Diluted EPS": 0.11,
        "Total Revenue": NaN,
        "Gross Profit": 105,
        "Operating Income": 26,
        "EBIT": 47,
        "Net Income": 16
    },
    "2018-03-31": {
        "Diluted EPS": 0.1,
        "Total Revenue": NaN,
        "Gross Profit": 94,
        "Operating Income": 23,
        "EBIT": 44,
        "Net Income": 14
    },
    "2017-12-31": {
        "Diluted EPS": 0.09,
        "Total Revenue": NaN,
        "Gross Profit": 102,
        "Operating Income": 24,
        "EBIT": 44,
        "Net Income": 14
    },
    "2017-09-30": {
        "Diluted EPS": 0.24,
        "Total Revenue": NaN,
        "Gross Profit": 106,
        "Operating Income": 45,
        "EBIT": 64,
        "Net Income": 35
    },
    "2017-06-30": {
        "Diluted EPS": 0.24,
        "Total Revenue": NaN,
        "Gross Profit": 109,
        "Operating Income": 42,
        "EBIT": 61,
        "Net Income": 35
    },
    "2017-03-31": {
        "Diluted EPS": 0.16,
        "Total Revenue": NaN,
        "Gross Profit": 103,
        "Operating Income": 33,
        "EBIT": 52,
        "Net Income": 23
    },
    "2016-12-31": {
        "Diluted EPS": 0.15,
        "Total Revenue": NaN,
        "Gross Profit": 112,
        "Operating Income": 24,
        "EBIT": 44,
        "Net Income": 21
    },
    "2016-09-30": {
        "Diluted EPS": 0.37,
        "Total Revenue": NaN,
        "Gross Profit": 111,
        "Operating Income": 50,
        "EBIT": 68,
        "Net Income": 54
    },
    "2016-06-30": {
        "Diluted EPS": 0.25,
        "Total Revenue": NaN,
        "Gross Profit": 112,
        "Operating Income": 52,
        "EBIT": 71,
        "Net Income": 36
    },
    "2016-03-31": {
        "Diluted EPS": 0.18,
        "Total Revenue": NaN,
        "Gross Profit": 93,
        "Operating Income": 31,
        "EBIT": 49,
        "Net Income": 26
    },
    "2015-12-31": {
        "Diluted EPS": 0.08,
        "Total Revenue": NaN,
        "Gross Profit": 101,
        "Operating Income": 24,
        "EBIT": 42,
        "Net Income": 12
    },
    "2015-09-30": {
        "Diluted EPS": 0.08,
        "Total Revenue": NaN,
        "Gross Profit": 101,
        "Operating Income": 31,
        "EBIT": 48,
        "Net Income": 11
    },
    "2015-06-30": {
        "Diluted EPS": 0.14,
        "Total Revenue": NaN,
        "Gross Profit": 97,
        "Operating Income": 30,
        "EBIT": 47,
        "Net Income": 24
    },
    "2015-03-31": {
        "Diluted EPS": 0.11,
        "Total Revenue": NaN,
        "Gross Profit": 91,
        "Operating Income": 27,
        "EBIT": 44,
        "Net Income": 20
    },
    "2014-12-31": {
        "Diluted EPS": -0.03,
        "Total Revenue": NaN,
        "Gross Profit": 105,
        "Operating Income": 7,
        "EBIT": 25,
        "Net Income": -4
    },
    "2014-09-30": {
        "Diluted EPS": 0.19,
        "Total Revenue": NaN,
        "Gross Profit": 106,
        "Operating Income": 49,
        "EBIT": 66,
        "Net Income": 34
    },
    "2014-06-30": {
        "Diluted EPS": 0.22,
        "Total Revenue": NaN,
        "Gross Profit": 105,
        "Operating Income": 43,
        "EBIT": 60,
        "Net Income": 41
    },
    "2014-03-31": {
        "Diluted EPS": 0.2,
        "Total Revenue": NaN,
        "Gross Profit": 90,
        "Operating Income": 29,
        "EBIT": 46,
        "Net Income": 37
    },
    "2013-12-31": {
        "Diluted EPS": 0.12,
        "Total Revenue": NaN,
        "Gross Profit": 104,
        "Operating Income": 39,
        "EBIT": 55,
        "Net Income": 22
    },
    "2013-09-30": {
        "Diluted EPS": 0.31,
        "Total Revenue": NaN,
        "Gross Profit": 103,
        "Operating Income": 40,
        "EBIT": 57,
        "Net Income": 57
    },
    "2013-06-30": {
        "Diluted EPS": 0.15,
        "Total Revenue": NaN,
        "Gross Profit": 96,
        "Operating Income": 32,
        "EBIT": 51,
        "Net Income": 28
    },
    "2013-03-31": {
        "Diluted EPS": 0.06,
        "Total Revenue": NaN,
        "Gross Profit": 87,
        "Operating Income": 24,
        "EBIT": 42,
        "Net Income": 11
    },
    "2012-12-31": {
        "Diluted EPS": 0.04,
        "Total Revenue": NaN,
        "Gross Profit": 100,
        "Operating Income": 38,
        "EBIT": 59,
        "Net Income": 7
    },
    "2012-09-30": {
        "Diluted EPS": 0.21,
        "Total Revenue": NaN,
        "Gross Profit": 109,
        "Operating Income": 40,
        "EBIT": 61,
        "Net Income": 44
    },
    "2012-06-30": {
        "Diluted EPS": 0.11,
        "Total Revenue": NaN,
        "Gross Profit": 117,
        "Operating Income": 51,
        "EBIT": 71,
        "Net Income": 24
    },
    "2012-03-31": {
        "Diluted EPS": 0.2,
        "Total Revenue": NaN,
        "Gross Profit": 112,
        "Operating Income": 46,
        "EBIT": 66,
        "Net Income": 43
    },
    "2011-12-31": {
        "Diluted EPS": 0.32,
        "Total Revenue": NaN,
        "Gross Profit": 122,
        "Operating Income": 56,
        "EBIT": 75,
        "Net Income": 69
    },
    "2011-09-30": {
        "Diluted EPS": 0.23,
        "Total Revenue": NaN,
        "Gross Profit": 127,
        "Operating Income": 57,
        "EBIT": 77,
        "Net Income": 50
    },
    "2011-06-30": {
        "Diluted EPS": 0.21,
        "Total Revenue": NaN,
        "Gross Profit": 126,
        "Operating Income": 57,
        "EBIT": 76,
        "Net Income": 46
    },
    "2011-03-31": {
        "Diluted EPS": 0.14,
        "Total Revenue": NaN,
        "Gross Profit": 117,
        "Operating Income": 41,
        "EBIT": 60,
        "Net Income": 30
    },
    "2010-12-31": {
        "Diluted EPS": 0.11,
        "Total Revenue": NaN,
        "Gross Profit": NaN,
        "Operating Income": NaN,
        "EBIT": NaN,
        "Net Income": 26
    },
    "2010-09-30": {
        "Diluted EPS": 0.15,
        "Total Revenue": NaN,
        "Gross Profit": 107,
        "Operating Income": 43,
        "EBIT": 64,
        "Net Income": 35
    },
    "2010-06-30": {
        "Diluted EPS": -0.03,
        "Total Revenue": NaN,
        "Gross Profit": NaN,
        "Operating Income": NaN,
        "EBIT": NaN,
        "Net Income": -6
    },
    "2010-03-31": {
        "Diluted EPS": 0.11,
        "Total Revenue": NaN,
        "Gross Profit": 106,
        "Operating Income": 27,
        "EBIT": 50,
        "Net Income": 26
    },
    "2009-12-31": {
        "Diluted EPS": 0.13,
        "Total Revenue": NaN,
        "Gross Profit": 109,
        "Operating Income": 41,
        "EBIT": 67,
        "Net Income": 31
    },
    "2009-09-30": {
        "Diluted EPS": 0.0,
        "Total Revenue": NaN,
        "Gross Profit": 108,
        "Operating Income": 49,
        "EBIT": 74,
        "Net Income": -1
    },
    "2009-06-30": {
        "Diluted EPS": 0.02,
        "Total Revenue": NaN,
        "Gross Profit": 102,
        "Operating Income": 35,
        "EBIT": 59,
        "Net Income": 5
    },
    "2009-03-31": {
        "Diluted EPS": 0.08,
        "Total Revenue": NaN,
        "Gross Profit": 111,
        "Operating Income": 38,
        "EBIT": 64,
        "Net Income": 19
    },
    "2023-09-30": {
        "Tax Effect Of Unusual Items": NaN,
        "Tax Rate For Calcs": NaN,
        "Normalized EBITDA": NaN,
        "Total Unusual Items": NaN,
        "Total Unusual Items Excluding Goodwill": NaN,
        "Net Income From Continuing Operation Net Minority Interest": NaN,
        "Reconciled Depreciation": NaN,
        "Reconciled Cost Of Revenue": NaN,
        "EBITDA": NaN,
        "EBIT": NaN,
        "Net Interest Income": NaN,
        "Interest Expense": NaN,
        "Interest Income": 300000.0,
        "Normalized Income": NaN,
        "Net Income From Continuing And Discontinued Operation": NaN,
        "Total Expenses": NaN,
        "Total Operating Income As Reported": NaN,
        "Diluted Average Shares": NaN,
        "Basic Average Shares": NaN,
        "Diluted EPS": NaN,
        "Basic EPS": NaN,
        "Diluted NI Availto Com Stockholders": NaN,
        "Net Income Common Stockholders": NaN,
        "Net Income": NaN,
        "Net Income Including Noncontrolling Interests": NaN,
        "Net Income Continuous Operations": NaN,
        "Tax Provision": NaN,
        "Pretax Income": NaN,
        "Other Income Expense": NaN,
        "Other Non Operating Income Expenses": -800000.0,
        "Special Income Charges": NaN,
        "Gain On Sale Of Ppe": -3900000.0,
        "Other Special Charges": 800000.0,
        "Restructuring And Mergern Acquisition": NaN,
        "Gain On Sale Of Security": NaN,
        "Net Non Operating Interest Income Expense": NaN,
        "Interest Expense Non Operating": NaN,
        "Interest Income Non Operating": 300000.0,
        "Operating Income": NaN,
        "Operating Expense": NaN,
        "Depreciation Amortization Depletion Income Statement": NaN,
        "Depreciation And Amortization In Income Statement": NaN,
        "Amortization": NaN,
        "Amortization Of Intangibles Income Statement": NaN,
        "Research And Development": NaN,
        "Selling General And Administration": NaN,
        "Gross Profit": NaN,
        "Cost Of Revenue": NaN,
        "Total Revenue": NaN,
        "Operating Revenue": NaN
    },
    "2023-12-31": {
        "Tax Effect Of Unusual Items": -114697.40634,
        "Tax Rate For Calcs": 0.191162,
        "Normalized EBITDA": 162500000.0,
        "Total Unusual Items": -600000.0,
        "Total Unusual Items Excluding Goodwill": -600000.0,
        "Net Income From Continuing Operation Net Minority Interest": 84200000.0,
        "Reconciled Depreciation": 43300000.0,
        "Reconciled Cost Of Revenue": 1883800000.0,
        "EBITDA": 161900000.0,
        "EBIT": 118600000.0,
        "Net Interest Income": -14500000.0,
        "Interest Expense": 14500000.0,
        "Interest Income": NaN,
        "Normalized Income": 84685302.59366,
        "Net Income From Continuing And Discontinued Operation": 84200000.0,
        "Total Expenses": 2020400000.0,
        "Total Operating Income As Reported": 118600000.0,
        "Diluted Average Shares": 119500000.0,
        "Basic Average Shares": 119300000.0,
        "Diluted EPS": 0.7,
        "Basic EPS": 0.71,
        "Diluted NI Availto Com Stockholders": 84200000.0,
        "Net Income Common Stockholders": 84200000.0,
        "Net Income": 84200000.0,
        "Net Income Including Noncontrolling Interests": 84200000.0,
        "Net Income Continuous Operations": 84200000.0,
        "Tax Provision": 19900000.0,
        "Pretax Income": 104100000.0,
        "Other Income Expense": -1500000.0,
        "Other Non Operating Income Expenses": NaN,
        "Special Income Charges": -600000.0,
        "Gain On Sale Of Ppe": NaN,
        "Other Special Charges": NaN,
        "Restructuring And Mergern Acquisition": 5400000.0,
        "Net Non Operating Interest Income Expense": -14500000.0,
        "Interest Expense Non Operating": 14500000.0,
        "Interest Income Non Operating": NaN,
        "Operating Income": 120100000.0,
        "Operating Expense": 103100000.0,
        "Depreciation Amortization Depletion Income Statement": 9800000.0,
        "Depreciation And Amortization In Income Statement": 9800000.0,
        "Amortization": 9800000.0,
        "Amortization Of Intangibles Income Statement": 9800000.0,
        "Research And Development": 17600000.0,
        "Selling General And Administration": 75700000.0,
        "Gross Profit": 223200000.0,
        "Cost Of Revenue": 1917300000.0,
        "Total Revenue": 2140500000.0,
        "Operating Revenue": 2140500000.0
    },
    "2024-03-31": {
        "Tax Effect Of Unusual Items": NaN,
        "Tax Rate For Calcs": NaN,
        "Normalized EBITDA": NaN,
        "Total Unusual Items": NaN,
        "Total Unusual Items Excluding Goodwill": NaN,
        "Net Income From Continuing Operation Net Minority Interest": NaN,
        "Reconciled Depreciation": NaN,
        "Reconciled Cost Of Revenue": NaN,
        "EBITDA": NaN,
        "EBIT": NaN,
        "Net Interest Income": NaN,
        "Interest Expense": NaN,
        "Interest Income": NaN,
        "Normalized Income": NaN,
        "Net Income From Continuing And Discontinued Operation": NaN,
        "Total Expenses": NaN,
        "Total Operating Income As Reported": NaN,
        "Diluted Average Shares": NaN,
        "Basic Average Shares": NaN,
        "Diluted EPS": NaN,
        "Basic EPS": NaN,
        "Diluted NI Availto Com Stockholders": NaN,
        "Net Income Common Stockholders": NaN,
        "Net Income": NaN,
        "Net Income Including Noncontrolling Interests": NaN,
        "Net Income Continuous Operations": NaN,
        "Tax Provision": NaN,
        "Pretax Income": NaN,
        "Other Income Expense": NaN,
        "Other Non Operating Income Expenses": -300000.0,
        "Special Income Charges": NaN,
        "Gain On Sale Of Ppe": NaN,
        "Other Special Charges": -1300000.0,
        "Restructuring And Mergern Acquisition": NaN,
        "Gain On Sale Of Security": -6300000.0,
        "Net Non Operating Interest Income Expense": NaN,
        "Interest Expense Non Operating": NaN,
        "Interest Income Non Operating": NaN,
        "Operating Income": NaN,
        "Operating Expense": NaN,
        "Depreciation Amortization Depletion Income Statement": NaN,
        "Depreciation And Amortization In Income Statement": NaN,
        "Amortization": NaN,
        "Amortization Of Intangibles Income Statement": NaN,
        "Research And Development": NaN,
        "Selling General And Administration": NaN,
        "Gross Profit": NaN,
        "Cost Of Revenue": NaN,
        "Total Revenue": NaN,
        "Operating Revenue": NaN
    },
    "2024-06-30": {
        "Tax Effect Of Unusual Items": -2542731.277533,
        "Tax Rate For Calcs": 0.162996,
        "Normalized EBITDA": 181000000.0,
        "Total Unusual Items": -15600000.0,
        "Total Unusual Items Excluding Goodwill": -15600000.0,
        "Net Income From Continuing Operation Net Minority Interest": 95000000.0,
        "Reconciled Depreciation": 36900000.0,
        "Reconciled Cost Of Revenue": 2111900000.0,
        "EBITDA": 165400000.0,
        "EBIT": 128500000.0,
        "Net Interest Income": -15000000.0,
        "Interest Expense": 15000000.0,
        "Interest Income": 6200000.0,
        "Normalized Income": 108057268.722467,
        "Net Income From Continuing And Discontinued Operation": 95000000.0,
        "Total Expenses": 2247500000.0,
        "Total Operating Income As Reported": 132900000.0,
        "Diluted Average Shares": 119400000.0,
        "Basic Average Shares": 118800000.0,
        "Diluted EPS": 0.8,
        "Basic EPS": 0.8,
        "Diluted NI Availto Com Stockholders": 95000000.0,
        "Net Income Common Stockholders": 95000000.0,
        "Net Income": 95000000.0,
        "Net Income Including Noncontrolling Interests": 95000000.0,
        "Net Income Continuous Operations": 95000000.0,
        "Tax Provision": 18500000.0,
        "Pretax Income": 113500000.0,
        "Other Income Expense": -15900000.0,
        "Other Non Operating Income Expenses": -300000.0,
        "Special Income Charges": -11500000.0,
        "Gain On Sale Of Ppe": -3400000.0,
        "Other Special Charges": NaN,
        "Restructuring And Mergern Acquisition": 11500000.0,
        "Gain On Sale Of Security": -4100000.0,
        "Net Non Operating Interest Income Expense": -15000000.0,
        "Interest Expense Non Operating": 15000000.0,
        "Interest Income Non Operating": 6200000.0,
        "Operating Income": 144400000.0,
        "Operating Expense": 109400000.0,
        "Depreciation Amortization Depletion Income Statement": 10700000.0,
        "Depreciation And Amortization In Income Statement": 10700000.0,
        "Amortization": 10700000.0,
        "Amortization Of Intangibles Income Statement": 10700000.0,
        "Research And Development": 19400000.0,
        "Selling General And Administration": 79300000.0,
        "Gross Profit": 253800000.0,
        "Cost Of Revenue": 2138100000.0,
        "Total Revenue": 2391900000.0,
        "Operating Revenue": 2391900000.0
    },
    "2024-09-30": {
        "Tax Effect Of Unusual Items": -270000.0,
        "Tax Rate For Calcs": 0.27,
        "Normalized EBITDA": 187100000.0,
        "Total Unusual Items": -1000000.0,
        "Total Unusual Items Excluding Goodwill": -1000000.0,
        "Net Income From Continuing Operation Net Minority Interest": 91700000.0,
        "Reconciled Depreciation": 47800000.0,
        "Reconciled Cost Of Revenue": 2203700000.0,
        "EBITDA": 186100000.0,
        "EBIT": 138300000.0,
        "Net Interest Income": -11000000.0,
        "Interest Expense": 12900000.0,
        "Interest Income": 1900000.0,
        "Normalized Income": 92430000.0,
        "Net Income From Continuing And Discontinued Operation": 91700000.0,
        "Total Expenses": 2362100000.0,
        "Total Operating Income As Reported": 136400000.0,
        "Diluted Average Shares": 118900000.0,
        "Basic Average Shares": 118200000.0,
        "Diluted EPS": 0.77,
        "Basic EPS": 0.78,
        "Diluted NI Availto Com Stockholders": 91700000.0,
        "Net Income Common Stockholders": 91700000.0,
        "Net Income": 91700000.0,
        "Net Income Including Noncontrolling Interests": 91700000.0,
        "Net Income Continuous Operations": 91700000.0,
        "Tax Provision": 33700000.0,
        "Pretax Income": 125400000.0,
        "Other Income Expense": -1000000.0,
        "Other Non Operating Income Expenses": NaN,
        "Special Income Charges": -1000000.0,
        "Gain On Sale Of Ppe": 0.0,
        "Other Special Charges": NaN,
        "Restructuring And Mergern Acquisition": 1000000.0,
        "Gain On Sale Of Security": NaN,
        "Net Non Operating Interest Income Expense": -11000000.0,
        "Interest Expense Non Operating": 12900000.0,
        "Interest Income Non Operating": 1900000.0,
        "Operating Income": 137400000.0,
        "Operating Expense": 121700000.0,
        "Depreciation Amortization Depletion Income Statement": 11100000.0,
        "Depreciation And Amortization In Income Statement": 11100000.0,
        "Amortization": 11100000.0,
        "Amortization Of Intangibles Income Statement": 11100000.0,
        "Research And Development": 18700000.0,
        "Selling General And Administration": 91900000.0,
        "Gross Profit": 259100000.0,
        "Cost Of Revenue": 2240400000.0,
        "Total Revenue": 2499500000.0,
        "Operating Revenue": 2499500000.0
    },
    "2024-12-31": {
        "Tax Effect Of Unusual Items": -3249210.987726,
        "Tax Rate For Calcs": 0.210988,
        "Normalized EBITDA": 202400000.0,
        "Total Unusual Items": -15400000.0,
        "Total Unusual Items Excluding Goodwill": -15400000.0,
        "Net Income From Continuing Operation Net Minority Interest": 135000000.0,
        "Reconciled Depreciation": 15500000.0,
        "Reconciled Cost Of Revenue": 2252000000.0,
        "EBITDA": 187000000.0,
        "EBIT": 171500000.0,
        "Net Interest Income": -8900000.0,
        "Interest Expense": 400000.0,
        "Interest Income": NaN,
        "Normalized Income": 147150789.012274,
        "Net Income From Continuing And Discontinued Operation": 135000000.0,
        "Total Expenses": 2347200000.0,
        "Total Operating Income As Reported": 195000000.0,
        "Diluted Average Shares": 117300000.0,
        "Basic Average Shares": 116300000.0,
        "Diluted EPS": 1.29,
        "Basic EPS": 1.3,
        "Diluted NI Availto Com Stockholders": 135000000.0,
        "Net Income Common Stockholders": 135000000.0,
        "Net Income": 135000000.0,
        "Net Income Including Noncontrolling Interests": 135000000.0,
        "Net Income Continuous Operations": 135000000.0,
        "Tax Provision": 36100000.0,
        "Pretax Income": 171100000.0,
        "Other Income Expense": -18500000.0,
        "Other Non Operating Income Expenses": -3100000.0,
        "Special Income Charges": -2200000.0,
        "Gain On Sale Of Ppe": NaN,
        "Other Special Charges": NaN,
        "Restructuring And Mergern Acquisition": 5600000.0,
        "Gain On Sale Of Security": NaN,
        "Net Non Operating Interest Income Expense": -8900000.0,
        "Interest Expense Non Operating": 400000.0,
        "Interest Income Non Operating": NaN,
        "Operating Income": 198500000.0,
        "Operating Expense": 91200000.0,
        "Depreciation Amortization Depletion Income Statement": 11500000.0,
        "Depreciation And Amortization In Income Statement": 11500000.0,
        "Amortization": 11500000.0,
        "Amortization Of Intangibles Income Statement": 11500000.0,
        "Research And Development": 23400000.0,
        "Selling General And Administration": 56300000.0,
        "Gross Profit": 289700000.0,
        "Cost Of Revenue": 2256000000.0,
        "Total Revenue": 2545700000.0,
        "Operating Revenue": 2545700000.0
    },
    "2025-03-31": {
        "Tax Effect Of Unusual Items": -1248000.0,
        "Tax Rate For Calcs": 0.24,
        "Normalized EBITDA": 170000000.0,
        "Total Unusual Items": -5200000.0,
        "Total Unusual Items Excluding Goodwill": -5200000.0,
        "Net Income From Continuing Operation Net Minority Interest": 86200000.0,
        "Reconciled Depreciation": 37400000.0,
        "Reconciled Cost Of Revenue": 2348400000.0,
        "EBITDA": 164800000.0,
        "EBIT": 127400000.0,
        "Net Interest Income": -13700000.0,
        "Interest Expense": 13700000.0,
        "Interest Income": NaN,
        "Normalized Income": 90152000.0,
        "Net Income From Continuing And Discontinued Operation": 86200000.0,
        "Total Expenses": 2515900000.0,
        "Total Operating Income As Reported": 128800000.0,
        "Diluted Average Shares": 116900000.0,
        "Basic Average Shares": 115900000.0,
        "Diluted EPS": 0.74,
        "Basic EPS": 0.74,
        "Diluted NI Availto Com Stockholders": 86200000.0,
        "Net Income Common Stockholders": 86200000.0,
        "Net Income": 86200000.0,
        "Net Income Including Noncontrolling Interests": 86200000.0,
        "Net Income Continuous Operations": 86200000.0,
        "Tax Provision": 27500000.0,
        "Pretax Income": 113700000.0,
        "Other Income Expense": -5300000.0,
        "Other Non Operating Income Expenses": -100000.0,
        "Special Income Charges": -3900000.0,
        "Gain On Sale Of Ppe": NaN,
        "Other Special Charges": NaN,
        "Restructuring And Mergern Acquisition": 3900000.0,
        "Gain On Sale Of Security": -1300000.0,
        "Net Non Operating Interest Income Expense": -13700000.0,
        "Interest Expense Non Operating": 13700000.0,
        "Interest Income Non Operating": NaN,
        "Operating Income": 132700000.0,
        "Operating Expense": 141200000.0,
        "Depreciation Amortization Depletion Income Statement": 11100000.0,
        "Depreciation And Amortization In Income Statement": 11100000.0,
        "Amortization": 11100000.0,
        "Amortization Of Intangibles Income Statement": 11100000.0,
        "Research And Development": 17600000.0,
        "Selling General And Administration": 112500000.0,
        "Gross Profit": 273900000.0,
        "Cost Of Revenue": 2374700000.0,
        "Total Revenue": 2648600000.0,
        "Operating Revenue": 2648600000.0
    },
    "2025-06-30": {
        "Tax Effect Of Unusual Items": -2843140.303148,
        "Tax Rate For Calcs": 0.179946,
        "Normalized EBITDA": 331900000.0,
        "Total Unusual Items": -15800000.0,
        "Total Unusual Items Excluding Goodwill": -15800000.0,
        "Net Income From Continuing Operation Net Minority Interest": 211000000.0,
        "Reconciled Depreciation": 45300000.0,
        "Reconciled Cost Of Revenue": 2488200000.0,
        "EBITDA": 316100000.0,
        "EBIT": 270800000.0,
        "Net Interest Income": -13500000.0,
        "Interest Expense": 13500000.0,
        "Interest Income": NaN,
        "Normalized Income": 223956859.696852,
        "Net Income From Continuing And Discontinued Operation": 211000000.0,
        "Total Expenses": 2606400000.0,
        "Total Operating Income As Reported": 272500000.0,
        "Diluted Average Shares": 115900000.0,
        "Basic Average Shares": 115100000.0,
        "Diluted EPS": 1.82,
        "Basic EPS": 1.83,
        "Diluted NI Availto Com Stockholders": 211000000.0,
        "Net Income Common Stockholders": 211000000.0,
        "Net Income": 211000000.0,
        "Net Income Including Noncontrolling Interests": 211000000.0,
        "Net Income Continuous Operations": 211000000.0,
        "Tax Provision": 46300000.0,
        "Pretax Income": 257300000.0,
        "Other Income Expense": -16200000.0,
        "Other Non Operating Income Expenses": -400000.0,
        "Special Income Charges": -14500000.0,
        "Gain On Sale Of Ppe": NaN,
        "Other Special Charges": NaN,
        "Restructuring And Mergern Acquisition": 14500000.0,
        "Gain On Sale Of Security": -1300000.0,
        "Net Non Operating Interest Income Expense": -13500000.0,
        "Interest Expense Non Operating": 13500000.0,
        "Interest Income Non Operating": NaN,
        "Operating Income": 287000000.0,
        "Operating Expense": 84000000.0,
        "Depreciation Amortization Depletion Income Statement": 11100000.0,
        "Depreciation And Amortization In Income Statement": 11100000.0,
        "Amortization": 11100000.0,
        "Amortization Of Intangibles Income Statement": 11100000.0,
        "Research And Development": 34000000.0,
        "Selling General And Administration": 38900000.0,
        "Gross Profit": 371000000.0,
        "Cost Of Revenue": 2522400000.0,
        "Total Revenue": 2893400000.0,
        "Operating Revenue": 2893400000.0
    }
}