{
    "2023-03-31": {
        "Tax Effect Of Unusual Items": NaN,
        "Tax Rate For Calcs": NaN,
        "Normalized EBITDA": NaN,
        "Net Income From Continuing Operation Net Minority Interest": NaN,
        "Reconciled Depreciation": NaN,
        "Reconciled Cost Of Revenue": NaN,
        "EBITDA": NaN,
        "EBIT": NaN,
        "Net Interest Income": NaN,
        "Interest Expense": NaN,
        "Interest Income": 492000.0,
        "Normalized Income": NaN,
        "Net Income From Continuing And Discontinued Operation": NaN,
        "Total Expenses": NaN,
        "Total Operating Income As Reported": NaN,
        "Diluted Average Shares": 61169486.0,
        "Basic Average Shares": 61169486.0,
        "Diluted EPS": -0.15,
        "Basic EPS": -0.15,
        "Diluted NI Availto Com Stockholders": NaN,
        "Net Income Common Stockholders": NaN,
        "Net Income": NaN,
        "Net Income Including Noncontrolling Interests": NaN,
        "Net Income Continuous Operations": NaN,
        "Pretax Income": NaN,
        "Other Income Expense": NaN,
        "Other Non Operating Income Expenses": NaN,
        "Net Non Operating Interest Income Expense": NaN,
        "Interest Expense Non Operating": NaN,
        "Interest Income Non Operating": 492000.0,
        "Operating Income": NaN,
        "Operating Expense": NaN,
        "Research And Development": NaN,
        "Selling General And Administration": NaN,
        "General And Administrative Expense": NaN,
        "Other Gand A": NaN,
        "Gross Profit": NaN,
        "Cost Of Revenue": NaN,
        "Total Revenue": NaN,
        "Operating Revenue": NaN
    },
    "2022-12-31": {
        "Tax Effect Of Unusual Items": NaN,
        "Tax Rate For Calcs": NaN,
        "Normalized EBITDA": NaN,
        "Net Income From Continuing Operation Net Minority Interest": NaN,
        "Reconciled Depreciation": NaN,
        "Reconciled Cost Of Revenue": NaN,
        "EBITDA": NaN,
        "EBIT": NaN,
        "Net Interest Income": NaN,
        "Interest Expense": NaN,
        "Interest Income": NaN,
        "Normalized Income": NaN,
        "Net Income From Continuing And Discontinued Operation": NaN,
        "Total Expenses": NaN,
        "Total Operating Income As Reported": NaN,
        "Diluted Average Shares": 60412700.0,
        "Basic Average Shares": 60412700.0,
        "Diluted EPS": -0.16,
        "Basic EPS": -0.16,
        "Diluted NI Availto Com Stockholders": NaN,
        "Net Income Common Stockholders": NaN,
        "Net Income": NaN,
        "Net Income Including Noncontrolling Interests": NaN,
        "Net Income Continuous Operations": NaN,
        "Pretax Income": NaN,
        "Other Income Expense": NaN,
        "Other Non Operating Income Expenses": NaN,
        "Net Non Operating Interest Income Expense": NaN,
        "Interest Expense Non Operating": NaN,
        "Interest Income Non Operating": NaN,
        "Operating Income": NaN,
        "Operating Expense": NaN,
        "Research And Development": NaN,
        "Selling General And Administration": NaN,
        "General And Administrative Expense": NaN,
        "Other Gand A": NaN,
        "Gross Profit": NaN,
        "Cost Of Revenue": NaN,
        "Total Revenue": NaN,
        "Operating Revenue": NaN
    },
    "2022-09-30": {
        "Tax Effect Of Unusual Items": NaN,
        "Tax Rate For Calcs": NaN,
        "Normalized EBITDA": NaN,
        "Net Income From Continuing Operation Net Minority Interest": NaN,
        "Reconciled Depreciation": NaN,
        "Reconciled Cost Of Revenue": 0.0,
        "EBITDA": NaN,
        "EBIT": NaN,
        "Net Interest Income": NaN,
        "Interest Expense": NaN,
        "Interest Income": NaN,
        "Normalized Income": NaN,
        "Net Income From Continuing And Discontinued Operation": NaN,
        "Total Expenses": NaN,
        "Total Operating Income As Reported": NaN,
        "Diluted Average Shares": NaN,
        "Basic Average Shares": NaN,
        "Diluted EPS": NaN,
        "Basic EPS": NaN,
        "Diluted NI Availto Com Stockholders": NaN,
        "Net Income Common Stockholders": NaN,
        "Net Income": NaN,
        "Net Income Including Noncontrolling Interests": NaN,
        "Net Income Continuous Operations": NaN,
        "Pretax Income": NaN,
        "Other Income Expense": NaN,
        "Other Non Operating Income Expenses": NaN,
        "Net Non Operating Interest Income Expense": NaN,
        "Interest Expense Non Operating": NaN,
        "Interest Income Non Operating": NaN,
        "Operating Income": NaN,
        "Operating Expense": NaN,
        "Research And Development": NaN,
        "Selling General And Administration": NaN,
        "General And Administrative Expense": NaN,
        "Other Gand A": NaN,
        "Gross Profit": 266000.0,
        "Cost Of Revenue": 0.0,
        "Total Revenue": NaN,
        "Operating Revenue": NaN
    },
    "2022-06-30": {
        "Tax Effect Of Unusual Items": 0.0,
        "Tax Rate For Calcs": 0.0,
        "Normalized EBITDA": -7837000.0,
        "Net Income From Continuing Operation Net Minority Interest": -7813000.0,
        "Reconciled Depreciation": 38000.0,
        "Reconciled Cost Of Revenue": NaN,
        "EBITDA": -7837000.0,
        "EBIT": -7837000.0,
        "Net Interest Income": NaN,
        "Interest Expense": NaN,
        "Normalized Income": -7813000.0,
        "Net Income From Continuing And Discontinued Operation": -7813000.0,
        "Total Expenses": 8221000.0,
        "Total Operating Income As Reported": -7837000.0,
        "Diluted Average Shares": 60150348.0,
        "Basic Average Shares": 60150348.0,
        "Diluted EPS": -0.13,
        "Basic EPS": -0.13,
        "Diluted NI Availto Com Stockholders": -7813000.0,
        "Net Income Common Stockholders": -7813000.0,
        "Net Income": -7813000.0,
        "Net Income Including Noncontrolling Interests": -7813000.0,
        "Net Income Continuous Operations": -7813000.0,
        "Pretax Income": -7813000.0,
        "Other Income Expense": 24000.0,
        "Other Non Operating Income Expenses": 24000.0,
        "Net Non Operating Interest Income Expense": NaN,
        "Interest Expense Non Operating": NaN,
        "Operating Income": -7837000.0,
        "Operating Expense": 8221000.0,
        "Research And Development": 5430000.0,
        "Selling General And Administration": 2791000.0,
        "General And Administrative Expense": 2791000.0,
        "Other Gand A": 2791000.0,
        "Gross Profit": NaN,
        "Cost Of Revenue": NaN,
        "Total Revenue": 384000.0,
        "Operating Revenue": 384000.0
    },
    "2022-03-31": {
        "Diluted EPS": -0.13,
        "Total Revenue": 0,
        "Gross Profit": 0,
        "Operating Income": -8,
        "EBIT": -8,
        "Net Income": -8
    },
    "2021-12-31": {
        "Diluted EPS": 0.33,
        "Total Revenue": 26,
        "Gross Profit": 26,
        "Operating Income": 19,
        "EBIT": 19,
        "Net Income": 19
    },
    "2021-09-30": {
        "Diluted EPS": -0.08,
        "Total Revenue": 3,
        "Gross Profit": 3,
        "Operating Income": -5,
        "EBIT": -5,
        "Net Income": -5
    },
    "2021-06-30": {
        "Diluted EPS": -0.11,
        "Total Revenue": 1,
        "Gross Profit": 1,
        "Operating Income": -6,
        "EBIT": -6,
        "Net Income": -6
    },
    "2021-03-31": {
        "Diluted EPS": -0.13,
        "Total Revenue": 0,
        "Gross Profit": 0,
        "Operating Income": -8,
        "EBIT": -8,
        "Net Income": -7
    },
    "2020-12-31": {
        "Diluted EPS": -0.14,
        "Total Revenue": 0,
        "Gross Profit": 0,
        "Operating Income": -7,
        "EBIT": -7,
        "Net Income": -7
    },
    "2020-09-30": {
        "Diluted EPS": -0.05,
        "Total Revenue": 3,
        "Gross Profit": 3,
        "Operating Income": -2,
        "EBIT": -2,
        "Net Income": -2
    },
    "2020-06-30": {
        "Diluted EPS": -0.13,
        "Total Revenue": 0,
        "Gross Profit": 0,
        "Operating Income": -6,
        "EBIT": -5,
        "Net Income": -6
    },
    "2020-03-31": {
        "Diluted EPS": -0.07,
        "Total Revenue": 4,
        "Gross Profit": 4,
        "Operating Income": -3,
        "EBIT": -3,
        "Net Income": -3
    },
    "2019-12-31": {
        "Diluted EPS": -0.04,
        "Total Revenue": 2,
        "Gross Profit": 2,
        "Operating Income": -3,
        "EBIT": -3,
        "Net Income": -3
    },
    "2019-09-30": {
        "Diluted EPS": -0.17,
        "Total Revenue": 0,
        "Gross Profit": 0,
        "Operating Income": -6,
        "EBIT": -6,
        "Net Income": -7
    },
    "2019-06-30": {
        "Diluted EPS": -0.15,
        "Total Revenue": 0,
        "Gross Profit": 0,
        "Operating Income": -6,
        "EBIT": -6,
        "Net Income": -6
    },
    "2019-03-31": {
        "Diluted EPS": -0.45,
        "Total Revenue": 0,
        "Gross Profit": 0,
        "Operating Income": -15,
        "EBIT": -15,
        "Net Income": -15
    },
    "2018-12-31": {
        "Diluted EPS": -0.67,
        "Total Revenue": NaN,
        "Gross Profit": NaN,
        "Operating Income": -22,
        "EBIT": -22,
        "Net Income": -22
    },
    "2018-09-30": {
        "Diluted EPS": -0.75,
        "Total Revenue": NaN,
        "Gross Profit": NaN,
        "Operating Income": -24,
        "EBIT": -24,
        "Net Income": -24
    },
    "2018-06-30": {
        "Diluted EPS": -0.65,
        "Total Revenue": NaN,
        "Gross Profit": NaN,
        "Operating Income": -21,
        "EBIT": -21,
        "Net Income": -21
    },
    "2018-03-31": {
        "Diluted EPS": -0.62,
        "Total Revenue": NaN,
        "Gross Profit": NaN,
        "Operating Income": -16,
        "EBIT": -16,
        "Net Income": -17
    },
    "2017-12-31": {
        "Diluted EPS": -0.66,
        "Total Revenue": 0,
        "Gross Profit": 0,
        "Operating Income": -16,
        "EBIT": -16,
        "Net Income": -16
    },
    "2017-09-30": {
        "Diluted EPS": -0.72,
        "Total Revenue": 0,
        "Gross Profit": 0,
        "Operating Income": -18,
        "EBIT": -18,
        "Net Income": -18
    },
    "2017-06-30": {
        "Diluted EPS": -0.54,
        "Total Revenue": 0,
        "Gross Profit": 0,
        "Operating Income": -14,
        "EBIT": -14,
        "Net Income": -14
    },
    "2017-03-31": {
        "Diluted EPS": -0.41,
        "Total Revenue": 0,
        "Gross Profit": 0,
        "Operating Income": -10,
        "EBIT": -10,
        "Net Income": -10
    },
    "2016-12-31": {
        "Diluted EPS": 0.98,
        "Total Revenue": 0,
        "Gross Profit": 0,
        "Operating Income": -9,
        "EBIT": -9,
        "Net Income": -10
    },
    "2016-09-30": {
        "Diluted EPS": -0.28,
        "Total Revenue": 0,
        "Gross Profit": 0,
        "Operating Income": -5,
        "EBIT": -5,
        "Net Income": -6
    },
    "2016-06-30": {
        "Diluted EPS": -0.62,
        "Total Revenue": 0,
        "Gross Profit": 0,
        "Operating Income": -5,
        "EBIT": -5,
        "Net Income": -5
    },
    "2016-03-31": {
        "Diluted EPS": -2.05,
        "Total Revenue": 1,
        "Gross Profit": 1,
        "Operating Income": -5,
        "EBIT": -5,
        "Net Income": -5
    },
    "2015-12-31": {
        "Diluted EPS": -1.8,
        "Total Revenue": NaN,
        "Gross Profit": NaN,
        "Operating Income": -5,
        "EBIT": -5,
        "Net Income": -5
    },
    "2015-09-30": {
        "Diluted EPS": -1.31,
        "Total Revenue": NaN,
        "Gross Profit": NaN,
        "Operating Income": -3,
        "EBIT": -3,
        "Net Income": -3
    },
    "2015-06-30": {
        "Diluted EPS": -2.36,
        "Total Revenue": NaN,
        "Gross Profit": NaN,
        "Operating Income": -5,
        "EBIT": -5,
        "Net Income": -5
    },
    "2015-03-31": {
        "Diluted EPS": -2.07,
        "Total Revenue": NaN,
        "Gross Profit": NaN,
        "Operating Income": -4,
        "EBIT": -4,
        "Net Income": -4
    },
    "2014-12-31": {
        "Diluted EPS": 0.0,
        "Total Revenue": NaN,
        "Gross Profit": NaN,
        "Operating Income": NaN,
        "EBIT": NaN,
        "Net Income": NaN
    },
    "2023-06-30": {
        "Tax Effect Of Unusual Items": NaN,
        "Tax Rate For Calcs": NaN,
        "Normalized EBITDA": NaN,
        "Net Income From Continuing Operation Net Minority Interest": NaN,
        "Reconciled Depreciation": NaN,
        "Reconciled Cost Of Revenue": 213000.0,
        "EBITDA": NaN,
        "EBIT": NaN,
        "Net Interest Income": NaN,
        "Interest Expense": NaN,
        "Interest Income": 458000.0,
        "Normalized Income": NaN,
        "Net Income From Continuing And Discontinued Operation": NaN,
        "Total Expenses": NaN,
        "Total Operating Income As Reported": NaN,
        "Diluted Average Shares": 61654520.0,
        "Basic Average Shares": 61654520.0,
        "Diluted EPS": -0.15,
        "Basic EPS": -0.15,
        "Diluted NI Availto Com Stockholders": NaN,
        "Net Income Common Stockholders": NaN,
        "Net Income": NaN,
        "Net Income Including Noncontrolling Interests": NaN,
        "Net Income Continuous Operations": NaN,
        "Pretax Income": NaN,
        "Other Income Expense": NaN,
        "Other Non Operating Income Expenses": NaN,
        "Net Non Operating Interest Income Expense": NaN,
        "Interest Expense Non Operating": NaN,
        "Interest Income Non Operating": 458000.0,
        "Operating Income": NaN,
        "Operating Expense": NaN,
        "Research And Development": NaN,
        "Selling General And Administration": NaN,
        "General And Administrative Expense": NaN,
        "Other Gand A": NaN,
        "Gross Profit": 805000.0,
        "Cost Of Revenue": 213000.0,
        "Total Revenue": NaN,
        "Operating Revenue": NaN
    },
    "2023-09-30": {
        "Tax Effect Of Unusual Items": NaN,
        "Tax Rate For Calcs": NaN,
        "Normalized EBITDA": NaN,
        "Net Income From Continuing Operation Net Minority Interest": NaN,
        "Reconciled Depreciation": NaN,
        "Reconciled Cost Of Revenue": 142000.0,
        "EBITDA": NaN,
        "EBIT": NaN,
        "Net Interest Income": NaN,
        "Interest Expense": NaN,
        "Interest Income": 409000.0,
        "Normalized Income": NaN,
        "Net Income From Continuing And Discontinued Operation": NaN,
        "Total Expenses": NaN,
        "Total Operating Income As Reported": NaN,
        "Diluted Average Shares": 61983987.0,
        "Basic Average Shares": 61983987.0,
        "Diluted EPS": -0.15,
        "Basic EPS": -0.15,
        "Diluted NI Availto Com Stockholders": NaN,
        "Net Income Common Stockholders": NaN,
        "Net Income": NaN,
        "Net Income Including Noncontrolling Interests": NaN,
        "Net Income Continuous Operations": NaN,
        "Pretax Income": NaN,
        "Other Income Expense": NaN,
        "Other Non Operating Income Expenses": NaN,
        "Net Non Operating Interest Income Expense": NaN,
        "Interest Expense Non Operating": NaN,
        "Interest Income Non Operating": 409000.0,
        "Operating Income": NaN,
        "Operating Expense": NaN,
        "Research And Development": NaN,
        "Selling General And Administration": NaN,
        "General And Administrative Expense": NaN,
        "Other Gand A": NaN,
        "Gross Profit": 717000.0,
        "Cost Of Revenue": 142000.0,
        "Total Revenue": NaN,
        "Operating Revenue": NaN
    },
    "2023-12-31": {
        "Tax Effect Of Unusual Items": 0.0,
        "Tax Rate For Calcs": 0.0,
        "Normalized EBITDA": -2535000.0,
        "Net Income From Continuing Operation Net Minority Interest": -4832000.0,
        "Reconciled Depreciation": 20000.0,
        "Reconciled Cost Of Revenue": 0.0,
        "EBITDA": -2535000.0,
        "EBIT": -2555000.0,
        "Net Interest Income": -2277000.0,
        "Interest Expense": 2277000.0,
        "Interest Income": NaN,
        "Normalized Income": -4832000.0,
        "Net Income From Continuing And Discontinued Operation": -4832000.0,
        "Total Expenses": 9260000.0,
        "Total Operating Income As Reported": -2915000.0,
        "Diluted Average Shares": NaN,
        "Basic Average Shares": NaN,
        "Diluted EPS": NaN,
        "Basic EPS": NaN,
        "Diluted NI Availto Com Stockholders": -4832000.0,
        "Net Income Common Stockholders": -4832000.0,
        "Net Income": -4832000.0,
        "Net Income Including Noncontrolling Interests": -4832000.0,
        "Net Income Continuous Operations": -4832000.0,
        "Pretax Income": -4832000.0,
        "Other Income Expense": 360000.0,
        "Other Non Operating Income Expenses": 360000.0,
        "Net Non Operating Interest Income Expense": -2277000.0,
        "Interest Expense Non Operating": 2277000.0,
        "Interest Income Non Operating": NaN,
        "Operating Income": -2915000.0,
        "Operating Expense": 9260000.0,
        "Research And Development": 6313000.0,
        "Selling General And Administration": 2947000.0,
        "General And Administrative Expense": 2947000.0,
        "Other Gand A": 2947000.0,
        "Gross Profit": 6345000.0,
        "Cost Of Revenue": 0.0,
        "Total Revenue": 6345000.0,
        "Operating Revenue": 6345000.0
    },
    "2024-03-31": {
        "Tax Effect Of Unusual Items": 0.0,
        "Tax Rate For Calcs": 0.0,
        "Normalized EBITDA": -9332000.0,
        "Net Income From Continuing Operation Net Minority Interest": -11763000.0,
        "Reconciled Depreciation": 28000.0,
        "Reconciled Cost Of Revenue": NaN,
        "EBITDA": -9332000.0,
        "EBIT": -9360000.0,
        "Net Interest Income": -2055000.0,
        "Interest Expense": 2403000.0,
        "Interest Income": 348000.0,
        "Normalized Income": -11763000.0,
        "Net Income From Continuing And Discontinued Operation": -11763000.0,
        "Total Expenses": 8439000.0,
        "Total Operating Income As Reported": -8209000.0,
        "Diluted Average Shares": 69853227.0,
        "Basic Average Shares": 69853227.0,
        "Diluted EPS": -0.17,
        "Basic EPS": -0.17,
        "Diluted NI Availto Com Stockholders": -11763000.0,
        "Net Income Common Stockholders": -11763000.0,
        "Net Income": -11763000.0,
        "Net Income Including Noncontrolling Interests": -11763000.0,
        "Net Income Continuous Operations": -11763000.0,
        "Pretax Income": -11763000.0,
        "Other Income Expense": -1499000.0,
        "Other Non Operating Income Expenses": -1499000.0,
        "Net Non Operating Interest Income Expense": -2055000.0,
        "Interest Expense Non Operating": 2403000.0,
        "Interest Income Non Operating": 348000.0,
        "Operating Income": -8209000.0,
        "Operating Expense": 8439000.0,
        "Research And Development": 5615000.0,
        "Selling General And Administration": 2824000.0,
        "General And Administrative Expense": 2824000.0,
        "Other Gand A": 2824000.0,
        "Gross Profit": NaN,
        "Cost Of Revenue": NaN,
        "Total Revenue": 230000.0,
        "Operating Revenue": 230000.0
    },
    "2024-06-30": {
        "Tax Effect Of Unusual Items": 0.0,
        "Tax Rate For Calcs": 0.0,
        "Normalized EBITDA": -5210000.0,
        "Net Income From Continuing Operation Net Minority Interest": -7594000.0,
        "Reconciled Depreciation": 44000.0,
        "Reconciled Cost Of Revenue": 0.0,
        "EBITDA": -5210000.0,
        "EBIT": -5254000.0,
        "Net Interest Income": -1921000.0,
        "Interest Expense": 2340000.0,
        "Interest Income": 419000.0,
        "Normalized Income": -7594000.0,
        "Net Income From Continuing And Discontinued Operation": -7594000.0,
        "Total Expenses": 7680000.0,
        "Total Operating Income As Reported": -7590000.0,
        "Diluted Average Shares": 74731139.0,
        "Basic Average Shares": 74731139.0,
        "Diluted EPS": -0.1,
        "Basic EPS": -0.1,
        "Diluted NI Availto Com Stockholders": -7594000.0,
        "Net Income Common Stockholders": -7594000.0,
        "Net Income": -7594000.0,
        "Net Income Including Noncontrolling Interests": -7594000.0,
        "Net Income Continuous Operations": -7594000.0,
        "Pretax Income": -7594000.0,
        "Other Income Expense": 1917000.0,
        "Other Non Operating Income Expenses": 1917000.0,
        "Net Non Operating Interest Income Expense": -1921000.0,
        "Interest Expense Non Operating": 2340000.0,
        "Interest Income Non Operating": 419000.0,
        "Operating Income": -7590000.0,
        "Operating Expense": 7680000.0,
        "Research And Development": 4603000.0,
        "Selling General And Administration": 3077000.0,
        "General And Administrative Expense": 3077000.0,
        "Other Gand A": 3077000.0,
        "Gross Profit": 90000.0,
        "Cost Of Revenue": 0.0,
        "Total Revenue": 90000.0,
        "Operating Revenue": 90000.0
    },
    "2024-09-30": {
        "Tax Effect Of Unusual Items": 0.0,
        "Tax Rate For Calcs": 0.0,
        "Normalized EBITDA": -5156000.0,
        "Net Income From Continuing Operation Net Minority Interest": -7688000.0,
        "Reconciled Depreciation": 75000.0,
        "Reconciled Cost Of Revenue": 0.0,
        "EBITDA": -5156000.0,
        "EBIT": -5231000.0,
        "Net Interest Income": -2119000.0,
        "Interest Expense": 2457000.0,
        "Interest Income": 338000.0,
        "Normalized Income": -7688000.0,
        "Net Income From Continuing And Discontinued Operation": -7688000.0,
        "Total Expenses": 6972000.0,
        "Total Operating Income As Reported": -5934000.0,
        "Diluted Average Shares": 74745415.0,
        "Basic Average Shares": 74745415.0,
        "Diluted EPS": -0.1,
        "Basic EPS": -0.1,
        "Diluted NI Availto Com Stockholders": -7688000.0,
        "Net Income Common Stockholders": -7688000.0,
        "Net Income": -7688000.0,
        "Net Income Including Noncontrolling Interests": -7688000.0,
        "Net Income Continuous Operations": -7688000.0,
        "Pretax Income": -7688000.0,
        "Other Income Expense": 365000.0,
        "Other Non Operating Income Expenses": 365000.0,
        "Net Non Operating Interest Income Expense": -2119000.0,
        "Interest Expense Non Operating": 2457000.0,
        "Interest Income Non Operating": 338000.0,
        "Operating Income": -5934000.0,
        "Operating Expense": 6972000.0,
        "Research And Development": 4128000.0,
        "Selling General And Administration": 2844000.0,
        "General And Administrative Expense": 2844000.0,
        "Other Gand A": 2844000.0,
        "Gross Profit": 1038000.0,
        "Cost Of Revenue": 0.0,
        "Total Revenue": 1038000.0,
        "Operating Revenue": 1038000.0
    },
    "2024-12-31": {
        "Tax Effect Of Unusual Items": 0.0,
        "Tax Rate For Calcs": 0.0,
        "Normalized EBITDA": -4648000.0,
        "Net Income From Continuing Operation Net Minority Interest": -7306000.0,
        "Reconciled Depreciation": 79000.0,
        "Reconciled Cost Of Revenue": 149000.0,
        "EBITDA": -4648000.0,
        "EBIT": -4727000.0,
        "Net Interest Income": -2221000.0,
        "Interest Expense": 2579000.0,
        "Interest Income": 358000.0,
        "Normalized Income": -7306000.0,
        "Net Income From Continuing And Discontinued Operation": -7306000.0,
        "Total Expenses": 7455000.0,
        "Total Operating Income As Reported": -7149000.0,
        "Diluted Average Shares": NaN,
        "Basic Average Shares": NaN,
        "Diluted EPS": NaN,
        "Basic EPS": NaN,
        "Diluted NI Availto Com Stockholders": -7306000.0,
        "Net Income Common Stockholders": -7306000.0,
        "Net Income": -7306000.0,
        "Net Income Including Noncontrolling Interests": -7306000.0,
        "Net Income Continuous Operations": -7306000.0,
        "Pretax Income": -7306000.0,
        "Other Income Expense": 2064000.0,
        "Other Non Operating Income Expenses": 2064000.0,
        "Net Non Operating Interest Income Expense": -2221000.0,
        "Interest Expense Non Operating": 2579000.0,
        "Interest Income Non Operating": 358000.0,
        "Operating Income": -7149000.0,
        "Operating Expense": 7306000.0,
        "Research And Development": 4244000.0,
        "Selling General And Administration": 3062000.0,
        "General And Administrative Expense": 3062000.0,
        "Other Gand A": 3062000.0,
        "Gross Profit": 157000.0,
        "Cost Of Revenue": 149000.0,
        "Total Revenue": 306000.0,
        "Operating Revenue": 306000.0
    }
}