{
    "2023-06-30": {
        "Tax Effect Of Unusual Items": NaN,
        "Tax Rate For Calcs": NaN,
        "Total Unusual Items": NaN,
        "Total Unusual Items Excluding Goodwill": NaN,
        "Net Income From Continuing Operation Net Minority Interest": NaN,
        "Reconciled Depreciation": NaN,
        "Net Interest Income": NaN,
        "Interest Expense": NaN,
        "Interest Income": NaN,
        "Normalized Income": NaN,
        "Net Income From Continuing And Discontinued Operation": NaN,
        "Diluted Average Shares": NaN,
        "Basic Average Shares": NaN,
        "Diluted EPS": NaN,
        "Basic EPS": NaN,
        "Diluted NI Availto Com Stockholders": NaN,
        "Net Income Common Stockholders": NaN,
        "Net Income": NaN,
        "Net Income Including Noncontrolling Interests": NaN,
        "Net Income Continuous Operations": NaN,
        "Tax Provision": NaN,
        "Pretax Income": NaN,
        "Special Income Charges": NaN,
        "Other Special Charges": NaN,
        "Gain On Sale Of Security": 0.0,
        "Selling General And Administration": NaN,
        "Selling And Marketing Expense": NaN,
        "General And Administrative Expense": NaN,
        "Insurance And Claims": NaN,
        "Salaries And Wages": NaN,
        "Total Revenue": NaN,
        "Operating Revenue": NaN,
        "Occupancy And Equipment": NaN,
        "Professional Expense And Contract Services Expense": NaN,
        "Other Non Interest Expense": NaN
    },
    "2023-03-31": {
        "Tax Effect Of Unusual Items": NaN,
        "Tax Rate For Calcs": NaN,
        "Total Unusual Items": NaN,
        "Total Unusual Items Excluding Goodwill": NaN,
        "Net Income From Continuing Operation Net Minority Interest": NaN,
        "Reconciled Depreciation": NaN,
        "Net Interest Income": NaN,
        "Interest Expense": NaN,
        "Interest Income": NaN,
        "Normalized Income": NaN,
        "Net Income From Continuing And Discontinued Operation": NaN,
        "Diluted Average Shares": NaN,
        "Basic Average Shares": NaN,
        "Diluted EPS": NaN,
        "Basic EPS": NaN,
        "Diluted NI Availto Com Stockholders": NaN,
        "Net Income Common Stockholders": NaN,
        "Net Income": NaN,
        "Net Income Including Noncontrolling Interests": NaN,
        "Net Income Continuous Operations": NaN,
        "Tax Provision": NaN,
        "Pretax Income": NaN,
        "Special Income Charges": NaN,
        "Other Special Charges": NaN,
        "Gain On Sale Of Security": NaN,
        "Selling General And Administration": NaN,
        "Selling And Marketing Expense": NaN,
        "General And Administrative Expense": NaN,
        "Other Gand A": 227000.0,
        "Insurance And Claims": NaN,
        "Salaries And Wages": NaN,
        "Total Revenue": NaN,
        "Operating Revenue": NaN,
        "Occupancy And Equipment": NaN,
        "Professional Expense And Contract Services Expense": NaN,
        "Other Non Interest Expense": NaN
    },
    "2022-12-31": {
        "Tax Effect Of Unusual Items": NaN,
        "Tax Rate For Calcs": NaN,
        "Total Unusual Items": NaN,
        "Total Unusual Items Excluding Goodwill": NaN,
        "Net Income From Continuing Operation Net Minority Interest": NaN,
        "Reconciled Depreciation": NaN,
        "Net Interest Income": NaN,
        "Interest Expense": NaN,
        "Interest Income": NaN,
        "Normalized Income": NaN,
        "Net Income From Continuing And Discontinued Operation": NaN,
        "Diluted Average Shares": NaN,
        "Basic Average Shares": NaN,
        "Diluted EPS": NaN,
        "Basic EPS": NaN,
        "Diluted NI Availto Com Stockholders": NaN,
        "Net Income Common Stockholders": NaN,
        "Net Income": NaN,
        "Net Income Including Noncontrolling Interests": NaN,
        "Net Income Continuous Operations": NaN,
        "Tax Provision": NaN,
        "Pretax Income": NaN,
        "Special Income Charges": NaN,
        "Other Special Charges": 0.0,
        "Gain On Sale Of Security": NaN,
        "Selling General And Administration": NaN,
        "Selling And Marketing Expense": NaN,
        "General And Administrative Expense": NaN,
        "Other Gand A": -640000.0,
        "Insurance And Claims": NaN,
        "Salaries And Wages": NaN,
        "Total Revenue": NaN,
        "Operating Revenue": NaN,
        "Occupancy And Equipment": NaN,
        "Professional Expense And Contract Services Expense": NaN,
        "Other Non Interest Expense": NaN
    },
    "2022-09-30": {
        "Tax Effect Of Unusual Items": NaN,
        "Tax Rate For Calcs": NaN,
        "Total Unusual Items": NaN,
        "Total Unusual Items Excluding Goodwill": NaN,
        "Net Income From Continuing Operation Net Minority Interest": NaN,
        "Reconciled Depreciation": NaN,
        "Net Interest Income": NaN,
        "Interest Expense": NaN,
        "Interest Income": NaN,
        "Normalized Income": NaN,
        "Net Income From Continuing And Discontinued Operation": NaN,
        "Diluted Average Shares": NaN,
        "Basic Average Shares": NaN,
        "Diluted EPS": NaN,
        "Basic EPS": NaN,
        "Diluted NI Availto Com Stockholders": NaN,
        "Net Income Common Stockholders": NaN,
        "Net Income": NaN,
        "Net Income Including Noncontrolling Interests": NaN,
        "Net Income Continuous Operations": NaN,
        "Tax Provision": NaN,
        "Pretax Income": NaN,
        "Special Income Charges": NaN,
        "Other Special Charges": NaN,
        "Gain On Sale Of Security": NaN,
        "Selling General And Administration": NaN,
        "Selling And Marketing Expense": NaN,
        "General And Administrative Expense": NaN,
        "Other Gand A": 253000.0,
        "Insurance And Claims": NaN,
        "Salaries And Wages": NaN,
        "Total Revenue": NaN,
        "Operating Revenue": NaN
    },
    "2022-06-30": {
        "Tax Effect Of Unusual Items": -30800.0,
        "Tax Rate For Calcs": 0.4,
        "Total Unusual Items": -77000.0,
        "Total Unusual Items Excluding Goodwill": -77000.0,
        "Net Income From Continuing Operation Net Minority Interest": 18000.0,
        "Reconciled Depreciation": 116000.0,
        "Net Interest Income": 1810000.0,
        "Interest Expense": 155000.0,
        "Interest Income": 1965000.0,
        "Normalized Income": 64200.0,
        "Net Income From Continuing And Discontinued Operation": 18000.0,
        "Diluted Average Shares": 4880000.0,
        "Basic Average Shares": 4880000.0,
        "Diluted EPS": 0.003074,
        "Basic EPS": 0.01,
        "Diluted NI Availto Com Stockholders": 18000.0,
        "Net Income Common Stockholders": 18000.0,
        "Net Income": 18000.0,
        "Net Income Including Noncontrolling Interests": 18000.0,
        "Net Income Continuous Operations": 18000.0,
        "Tax Provision": -21000.0,
        "Pretax Income": -3000.0,
        "Special Income Charges": -77000.0,
        "Other Special Charges": 77000.0,
        "Selling General And Administration": 1624000.0,
        "Selling And Marketing Expense": 109000.0,
        "General And Administrative Expense": 1515000.0,
        "Other Gand A": 242000.0,
        "Insurance And Claims": 34000.0,
        "Salaries And Wages": 1273000.0,
        "Total Revenue": 2207000.0,
        "Operating Revenue": 2207000.0
    },
    "2022-03-31": {
        "Diluted EPS": -0.03,
        "Total Revenue": 2,
        "Gross Profit": 2,
        "Operating Income": 0,
        "EBIT": NaN,
        "Net Income": 0
    },
    "2021-12-31": {
        "Diluted EPS": 0.0,
        "Total Revenue": 2,
        "Gross Profit": 2,
        "Operating Income": 0,
        "EBIT": NaN,
        "Net Income": 0
    },
    "2021-09-30": {
        "Diluted EPS": 0.0,
        "Total Revenue": 4,
        "Gross Profit": 4,
        "Operating Income": 2,
        "EBIT": NaN,
        "Net Income": 1
    },
    "2021-06-30": {
        "Diluted EPS": 0.0,
        "Total Revenue": 2,
        "Gross Profit": 2,
        "Operating Income": 0,
        "EBIT": NaN,
        "Net Income": 0
    },
    "2021-03-31": {
        "Diluted EPS": 0.0,
        "Total Revenue": 2,
        "Gross Profit": 2,
        "Operating Income": 0,
        "EBIT": NaN,
        "Net Income": 0
    },
    "2020-12-31": {
        "Diluted EPS": 0.0,
        "Total Revenue": 2,
        "Gross Profit": 2,
        "Operating Income": -2,
        "EBIT": NaN,
        "Net Income": -1
    },
    "2020-09-30": {
        "Diluted EPS": 0.0,
        "Total Revenue": 2,
        "Gross Profit": 2,
        "Operating Income": -1,
        "EBIT": NaN,
        "Net Income": 0
    },
    "2020-06-30": {
        "Diluted EPS": 0.0,
        "Total Revenue": 2,
        "Gross Profit": 2,
        "Operating Income": 0,
        "EBIT": NaN,
        "Net Income": 0
    },
    "2020-03-31": {
        "Diluted EPS": 0.0,
        "Total Revenue": 2,
        "Gross Profit": 2,
        "Operating Income": 0,
        "EBIT": NaN,
        "Net Income": 0
    },
    "2019-12-31": {
        "Diluted EPS": 0.0,
        "Total Revenue": NaN,
        "Gross Profit": NaN,
        "Operating Income": NaN,
        "EBIT": NaN,
        "Net Income": NaN
    },
    "2023-09-30": {
        "Tax Effect Of Unusual Items": NaN,
        "Tax Rate For Calcs": NaN,
        "Total Unusual Items": NaN,
        "Total Unusual Items Excluding Goodwill": NaN,
        "Net Income From Continuing Operation Net Minority Interest": NaN,
        "Reconciled Depreciation": NaN,
        "Net Interest Income": NaN,
        "Interest Expense": NaN,
        "Interest Income": NaN,
        "Normalized Income": NaN,
        "Net Income From Continuing And Discontinued Operation": NaN,
        "Diluted Average Shares": 4324000.0,
        "Basic Average Shares": 4313000.0,
        "Diluted EPS": 0.03,
        "Basic EPS": 0.03,
        "Diluted NI Availto Com Stockholders": NaN,
        "Net Income Common Stockholders": NaN,
        "Net Income": NaN,
        "Net Income Including Noncontrolling Interests": NaN,
        "Net Income Continuous Operations": NaN,
        "Tax Provision": NaN,
        "Pretax Income": NaN,
        "Special Income Charges": NaN,
        "Other Special Charges": NaN,
        "Gain On Sale Of Security": 0.0,
        "Selling General And Administration": NaN,
        "Selling And Marketing Expense": NaN,
        "General And Administrative Expense": NaN,
        "Insurance And Claims": NaN,
        "Salaries And Wages": NaN,
        "Total Revenue": NaN,
        "Operating Revenue": NaN,
        "Occupancy And Equipment": NaN,
        "Professional Expense And Contract Services Expense": NaN,
        "Other Non Interest Expense": NaN
    },
    "2023-12-31": {
        "Tax Effect Of Unusual Items": 0.0,
        "Tax Rate For Calcs": 0.162304,
        "Total Unusual Items": 0.0,
        "Total Unusual Items Excluding Goodwill": 0.0,
        "Net Income From Continuing Operation Net Minority Interest": 320000.0,
        "Reconciled Depreciation": 102000.0,
        "Net Interest Income": 1960000.0,
        "Interest Expense": 643000.0,
        "Interest Income": 2603000.0,
        "Normalized Income": 320000.0,
        "Net Income From Continuing And Discontinued Operation": 320000.0,
        "Diluted Average Shares": 4000000.0,
        "Basic Average Shares": 4000000.0,
        "Diluted EPS": 0.08,
        "Basic EPS": 0.08,
        "Diluted NI Availto Com Stockholders": 320000.0,
        "Net Income Common Stockholders": 320000.0,
        "Net Income": 320000.0,
        "Net Income Including Noncontrolling Interests": 320000.0,
        "Net Income Continuous Operations": 320000.0,
        "Tax Provision": 62000.0,
        "Pretax Income": 382000.0,
        "Special Income Charges": 0.0,
        "Other Special Charges": NaN,
        "Gain On Sale Of Security": NaN,
        "Selling General And Administration": 1461000.0,
        "Selling And Marketing Expense": 23000.0,
        "General And Administrative Expense": 1438000.0,
        "Insurance And Claims": 26000.0,
        "Salaries And Wages": 1267000.0,
        "Total Revenue": 2569000.0,
        "Operating Revenue": 2569000.0,
        "Occupancy And Equipment": 193000.0,
        "Professional Expense And Contract Services Expense": 172000.0,
        "Other Non Interest Expense": 233000.0
    },
    "2024-03-31": {
        "Tax Effect Of Unusual Items": 2340.346743,
        "Tax Rate For Calcs": 0.212759,
        "Total Unusual Items": 11000.0,
        "Total Unusual Items Excluding Goodwill": 11000.0,
        "Net Income From Continuing Operation Net Minority Interest": -4677000.0,
        "Reconciled Depreciation": 101000.0,
        "Net Interest Income": 2108000.0,
        "Interest Expense": 1047000.0,
        "Interest Income": 3155000.0,
        "Normalized Income": -4685659.653257,
        "Net Income From Continuing And Discontinued Operation": -4677000.0,
        "Diluted Average Shares": 4089000.0,
        "Basic Average Shares": 4089000.0,
        "Diluted EPS": -1.14,
        "Basic EPS": -1.14,
        "Diluted NI Availto Com Stockholders": -4677000.0,
        "Net Income Common Stockholders": -4677000.0,
        "Net Income": -4677000.0,
        "Net Income Including Noncontrolling Interests": -4677000.0,
        "Net Income Continuous Operations": -4677000.0,
        "Tax Provision": -1264000.0,
        "Pretax Income": -5941000.0,
        "Special Income Charges": 11000.0,
        "Other Special Charges": -11000.0,
        "Gain On Sale Of Security": -5507000.0,
        "Selling General And Administration": 1439000.0,
        "Selling And Marketing Expense": 38000.0,
        "General And Administrative Expense": 1401000.0,
        "Insurance And Claims": 26000.0,
        "Salaries And Wages": 1375000.0,
        "Total Revenue": -3135000.0,
        "Operating Revenue": -3135000.0,
        "Occupancy And Equipment": 196000.0,
        "Professional Expense And Contract Services Expense": 130000.0,
        "Other Non Interest Expense": 957000.0
    },
    "2024-06-30": {
        "Tax Effect Of Unusual Items": -927.357032,
        "Tax Rate For Calcs": 0.185471,
        "Total Unusual Items": -5000.0,
        "Total Unusual Items Excluding Goodwill": -5000.0,
        "Net Income From Continuing Operation Net Minority Interest": 527000.0,
        "Reconciled Depreciation": 101000.0,
        "Net Interest Income": 2448000.0,
        "Interest Expense": 1077000.0,
        "Interest Income": 3525000.0,
        "Normalized Income": 531072.642968,
        "Net Income From Continuing And Discontinued Operation": 527000.0,
        "Diluted Average Shares": 3970000.0,
        "Basic Average Shares": 3963000.0,
        "Diluted EPS": 0.13,
        "Basic EPS": 0.13,
        "Diluted NI Availto Com Stockholders": 527000.0,
        "Net Income Common Stockholders": 527000.0,
        "Net Income": 527000.0,
        "Net Income Including Noncontrolling Interests": 527000.0,
        "Net Income Continuous Operations": 527000.0,
        "Tax Provision": 120000.0,
        "Pretax Income": 647000.0,
        "Special Income Charges": -5000.0,
        "Other Special Charges": 5000.0,
        "Gain On Sale Of Security": 0.0,
        "Selling General And Administration": 1326000.0,
        "Selling And Marketing Expense": 43000.0,
        "General And Administrative Expense": 1283000.0,
        "Insurance And Claims": 26000.0,
        "Salaries And Wages": 1257000.0,
        "Total Revenue": 2783000.0,
        "Operating Revenue": 2783000.0,
        "Occupancy And Equipment": 183000.0,
        "Professional Expense And Contract Services Expense": 163000.0,
        "Other Non Interest Expense": 360000.0
    },
    "2024-09-30": {
        "Tax Effect Of Unusual Items": 0.0,
        "Tax Rate For Calcs": 0.194595,
        "Total Unusual Items": 0.0,
        "Total Unusual Items Excluding Goodwill": 0.0,
        "Net Income From Continuing Operation Net Minority Interest": 447000.0,
        "Reconciled Depreciation": 104000.0,
        "Net Interest Income": 2532000.0,
        "Interest Expense": 1139000.0,
        "Interest Income": 3671000.0,
        "Normalized Income": 447000.0,
        "Net Income From Continuing And Discontinued Operation": 447000.0,
        "Diluted Average Shares": 3905000.0,
        "Basic Average Shares": 3893000.0,
        "Diluted EPS": 0.11,
        "Basic EPS": 0.11,
        "Diluted NI Availto Com Stockholders": 447000.0,
        "Net Income Common Stockholders": 447000.0,
        "Net Income": 447000.0,
        "Net Income Including Noncontrolling Interests": 447000.0,
        "Net Income Continuous Operations": 447000.0,
        "Tax Provision": 108000.0,
        "Pretax Income": 555000.0,
        "Special Income Charges": 0.0,
        "Other Special Charges": NaN,
        "Gain On Sale Of Security": 0.0,
        "Selling General And Administration": 1373000.0,
        "Selling And Marketing Expense": 31000.0,
        "General And Administrative Expense": 1342000.0,
        "Insurance And Claims": 26000.0,
        "Salaries And Wages": 1316000.0,
        "Total Revenue": 3128000.0,
        "Operating Revenue": 3128000.0,
        "Occupancy And Equipment": 193000.0,
        "Professional Expense And Contract Services Expense": 193000.0,
        "Other Non Interest Expense": 477000.0
    },
    "2024-12-31": {
        "Tax Effect Of Unusual Items": 0.0,
        "Tax Rate For Calcs": 0.188067,
        "Total Unusual Items": 0.0,
        "Total Unusual Items Excluding Goodwill": 0.0,
        "Net Income From Continuing Operation Net Minority Interest": 626000.0,
        "Reconciled Depreciation": 106000.0,
        "Net Interest Income": 2472000.0,
        "Interest Expense": 1039000.0,
        "Interest Income": 3511000.0,
        "Normalized Income": 626000.0,
        "Net Income From Continuing And Discontinued Operation": 626000.0,
        "Diluted Average Shares": NaN,
        "Basic Average Shares": NaN,
        "Diluted EPS": NaN,
        "Basic EPS": NaN,
        "Diluted NI Availto Com Stockholders": 626000.0,
        "Net Income Common Stockholders": 626000.0,
        "Net Income": 626000.0,
        "Net Income Including Noncontrolling Interests": 626000.0,
        "Net Income Continuous Operations": 626000.0,
        "Tax Provision": 145000.0,
        "Pretax Income": 771000.0,
        "Special Income Charges": 0.0,
        "Other Special Charges": 0.0,
        "Gain On Sale Of Security": 0.0,
        "Selling General And Administration": 1473000.0,
        "Selling And Marketing Expense": 17000.0,
        "General And Administrative Expense": 1456000.0,
        "Insurance And Claims": 26000.0,
        "Salaries And Wages": 1343000.0,
        "Total Revenue": 2792000.0,
        "Operating Revenue": 2792000.0,
        "Occupancy And Equipment": 193000.0,
        "Professional Expense And Contract Services Expense": 132000.0,
        "Other Non Interest Expense": 223000.0
    }
}