{
    "2023-03-31": {
        "Tax Effect Of Unusual Items": 0.0,
        "Tax Rate For Calcs": 0.0,
        "Normalized EBITDA": -3508000.0,
        "Total Unusual Items": 1000.0,
        "Total Unusual Items Excluding Goodwill": 1000.0,
        "Net Income From Continuing Operation Net Minority Interest": -4151000.0,
        "Reconciled Depreciation": 623000.0,
        "Reconciled Cost Of Revenue": 1357000.0,
        "EBITDA": -3507000.0,
        "EBIT": -4130000.0,
        "Net Interest Income": 17000.0,
        "Interest Expense": NaN,
        "Interest Income": 17000.0,
        "Normalized Income": -4152000.0,
        "Net Income From Continuing And Discontinued Operation": -4081000.0,
        "Total Expenses": 8108000.0,
        "Rent Expense Supplemental": 187000.0,
        "Total Operating Income As Reported": -4130000.0,
        "Diluted Average Shares": 1463442.0,
        "Basic Average Shares": 1463442.0,
        "Diluted EPS": -2.7,
        "Basic EPS": -2.7,
        "Diluted NI Availto Com Stockholders": -4081000.0,
        "Net Income Common Stockholders": -4081000.0,
        "Net Income": -4081000.0,
        "Net Income Including Noncontrolling Interests": -4081000.0,
        "Net Income Discontinuous Operations": 70000.0,
        "Net Income Continuous Operations": -4151000.0,
        "Earnings From Equity Interest Net Of Tax": 0.0,
        "Tax Provision": NaN,
        "Pretax Income": -4151000.0,
        "Other Income Expense": -38000.0,
        "Other Non Operating Income Expenses": -39000.0,
        "Special Income Charges": 0.0,
        "Write Off": NaN,
        "Restructuring And Mergern Acquisition": 0.0,
        "Gain On Sale Of Security": 1000.0,
        "Net Non Operating Interest Income Expense": 17000.0,
        "Interest Expense Non Operating": NaN,
        "Interest Income Non Operating": 17000.0,
        "Operating Income": -4130000.0,
        "Operating Expense": 6364000.0,
        "Other Operating Expenses": NaN,
        "Depreciation Amortization Depletion Income Statement": 236000.0,
        "Depreciation And Amortization In Income Statement": 236000.0,
        "Research And Development": 212000.0,
        "Selling General And Administration": 5916000.0,
        "Selling And Marketing Expense": 549000.0,
        "General And Administrative Expense": 5367000.0,
        "Other Gand A": 2047000.0,
        "Rent And Landing Fees": 187000.0,
        "Salaries And Wages": 3133000.0,
        "Gross Profit": 2234000.0,
        "Cost Of Revenue": 1744000.0,
        "Total Revenue": 3978000.0,
        "Operating Revenue": 3978000.0
    },
    "2022-12-31": {
        "Tax Effect Of Unusual Items": -4783170.0,
        "Tax Rate For Calcs": 0.21,
        "Normalized EBITDA": -5023000.0,
        "Total Unusual Items": -22777000.0,
        "Total Unusual Items Excluding Goodwill": -22777000.0,
        "Net Income From Continuing Operation Net Minority Interest": -28816000.0,
        "Reconciled Depreciation": 737000.0,
        "Reconciled Cost Of Revenue": 3666000.0,
        "EBITDA": -27800000.0,
        "EBIT": -28537000.0,
        "Net Interest Income": 17000.0,
        "Interest Expense": -17000.0,
        "Interest Income": NaN,
        "Normalized Income": -10822170.0,
        "Net Income From Continuing And Discontinued Operation": -28816000.0,
        "Total Expenses": 10283000.0,
        "Rent Expense Supplemental": 335000.0,
        "Total Operating Income As Reported": -28820000.0,
        "Diluted Average Shares": NaN,
        "Basic Average Shares": NaN,
        "Diluted EPS": NaN,
        "Basic EPS": NaN,
        "Diluted NI Availto Com Stockholders": -28816000.0,
        "Net Income Common Stockholders": -28816000.0,
        "Net Income": -28816000.0,
        "Net Income Including Noncontrolling Interests": -28816000.0,
        "Net Income Discontinuous Operations": NaN,
        "Net Income Continuous Operations": -28816000.0,
        "Earnings From Equity Interest Net Of Tax": 0.0,
        "Tax Provision": 296000.0,
        "Pretax Income": -28520000.0,
        "Other Income Expense": -22868000.0,
        "Other Non Operating Income Expenses": -91000.0,
        "Special Income Charges": -23151000.0,
        "Other Special Charges": 0.0,
        "Write Off": NaN,
        "Impairment Of Capital Assets": 0.0,
        "Restructuring And Mergern Acquisition": 23151000.0,
        "Gain On Sale Of Security": 374000.0,
        "Net Non Operating Interest Income Expense": 17000.0,
        "Interest Expense Non Operating": -17000.0,
        "Interest Income Non Operating": NaN,
        "Operating Income": -5669000.0,
        "Operating Expense": 6377000.0,
        "Other Operating Expenses": NaN,
        "Depreciation Amortization Depletion Income Statement": 497000.0,
        "Depreciation And Amortization In Income Statement": 497000.0,
        "Research And Development": 605000.0,
        "Selling General And Administration": 5275000.0,
        "Selling And Marketing Expense": -179000.0,
        "General And Administrative Expense": 5454000.0,
        "Other Gand A": 2402000.0,
        "Rent And Landing Fees": 335000.0,
        "Salaries And Wages": 2717000.0,
        "Gross Profit": 708000.0,
        "Cost Of Revenue": 3906000.0,
        "Total Revenue": 4614000.0,
        "Operating Revenue": 4614000.0
    },
    "2022-09-30": {
        "Tax Effect Of Unusual Items": -4833793.309216,
        "Tax Rate For Calcs": 0.248014,
        "Normalized EBITDA": 13168000.0,
        "Total Unusual Items": -19490000.0,
        "Total Unusual Items Excluding Goodwill": -19490000.0,
        "Net Income From Continuing Operation Net Minority Interest": -20163000.0,
        "Reconciled Depreciation": 951000.0,
        "Reconciled Cost Of Revenue": 2582000.0,
        "EBITDA": -6322000.0,
        "EBIT": -7273000.0,
        "Net Interest Income": 51000.0,
        "Interest Expense": NaN,
        "Interest Income": 51000.0,
        "Normalized Income": -5506793.309216,
        "Net Income From Continuing And Discontinued Operation": -20163000.0,
        "Total Expenses": 10578000.0,
        "Rent Expense Supplemental": 257000.0,
        "Total Operating Income As Reported": -26191000.0,
        "Diluted Average Shares": 1407419.0,
        "Basic Average Shares": 1407419.0,
        "Diluted EPS": -14.33,
        "Basic EPS": -14.33,
        "Diluted NI Availto Com Stockholders": -20163000.0,
        "Net Income Common Stockholders": -20163000.0,
        "Net Income": -20163000.0,
        "Net Income Including Noncontrolling Interests": -20163000.0,
        "Net Income Discontinuous Operations": NaN,
        "Net Income Continuous Operations": -20163000.0,
        "Earnings From Equity Interest Net Of Tax": 0.0,
        "Tax Provision": -6650000.0,
        "Pretax Income": -26813000.0,
        "Other Income Expense": -19591000.0,
        "Other Non Operating Income Expenses": -101000.0,
        "Special Income Charges": -18918000.0,
        "Other Special Charges": NaN,
        "Write Off": NaN,
        "Impairment Of Capital Assets": 19000000.0,
        "Restructuring And Mergern Acquisition": -82000.0,
        "Gain On Sale Of Security": -572000.0,
        "Net Non Operating Interest Income Expense": 51000.0,
        "Interest Expense Non Operating": NaN,
        "Interest Income Non Operating": 51000.0,
        "Operating Income": -7273000.0,
        "Operating Expense": 7553000.0,
        "Other Operating Expenses": NaN,
        "Depreciation Amortization Depletion Income Statement": 508000.0,
        "Depreciation And Amortization In Income Statement": 508000.0,
        "Research And Development": 343000.0,
        "Selling General And Administration": 6702000.0,
        "Selling And Marketing Expense": 615000.0,
        "General And Administrative Expense": 6087000.0,
        "Other Gand A": 1592000.0,
        "Rent And Landing Fees": 257000.0,
        "Salaries And Wages": 4238000.0,
        "Gross Profit": 280000.0,
        "Cost Of Revenue": 3025000.0,
        "Total Revenue": 3305000.0,
        "Operating Revenue": 3305000.0
    },
    "2022-06-30": {
        "Tax Effect Of Unusual Items": 0.0,
        "Tax Rate For Calcs": 0.0,
        "Normalized EBITDA": -7308000.0,
        "Total Unusual Items": 8002000.0,
        "Total Unusual Items Excluding Goodwill": 8002000.0,
        "Net Income From Continuing Operation Net Minority Interest": -1046000.0,
        "Reconciled Depreciation": 1088000.0,
        "Reconciled Cost Of Revenue": 2802000.0,
        "EBITDA": 694000.0,
        "EBIT": -394000.0,
        "Net Interest Income": -652000.0,
        "Interest Expense": 652000.0,
        "Interest Income": NaN,
        "Normalized Income": -9048000.0,
        "Net Income From Continuing And Discontinued Operation": -1046000.0,
        "Total Expenses": 12990000.0,
        "Rent Expense Supplemental": 388000.0,
        "Total Operating Income As Reported": -8198000.0,
        "Diluted Average Shares": 1318659.0,
        "Basic Average Shares": 1318659.0,
        "Diluted EPS": -0.9,
        "Basic EPS": -0.9,
        "Diluted NI Availto Com Stockholders": -1046000.0,
        "Net Income Common Stockholders": -1046000.0,
        "Net Income": -1046000.0,
        "Net Income Including Noncontrolling Interests": -1046000.0,
        "Net Income Discontinuous Operations": NaN,
        "Net Income Continuous Operations": -1046000.0,
        "Earnings From Equity Interest Net Of Tax": 0.0,
        "Tax Provision": NaN,
        "Pretax Income": -1046000.0,
        "Other Income Expense": 7939000.0,
        "Other Non Operating Income Expenses": -63000.0,
        "Special Income Charges": 135000.0,
        "Other Special Charges": NaN,
        "Impairment Of Capital Assets": NaN,
        "Restructuring And Mergern Acquisition": -135000.0,
        "Gain On Sale Of Security": 7867000.0,
        "Net Non Operating Interest Income Expense": -652000.0,
        "Interest Expense Non Operating": 652000.0,
        "Interest Income Non Operating": NaN,
        "Operating Income": -8333000.0,
        "Operating Expense": 9637000.0,
        "Other Operating Expenses": NaN,
        "Depreciation Amortization Depletion Income Statement": 537000.0,
        "Depreciation And Amortization In Income Statement": 537000.0,
        "Research And Development": 359000.0,
        "Selling General And Administration": 8741000.0,
        "Selling And Marketing Expense": 728000.0,
        "General And Administrative Expense": 8013000.0,
        "Other Gand A": 2621000.0,
        "Rent And Landing Fees": 388000.0,
        "Salaries And Wages": 5004000.0,
        "Gross Profit": 1304000.0,
        "Cost Of Revenue": 3353000.0,
        "Total Revenue": 4657000.0,
        "Operating Revenue": 4657000.0
    },
    "2022-03-31": {
        "Diluted EPS": -0.58,
        "Total Revenue": 5,
        "Gross Profit": 3,
        "Operating Income": -10,
        "EBIT": -7,
        "Net Income": -16
    },
    "2021-12-31": {
        "Diluted EPS": -0.92,
        "Total Revenue": 4,
        "Gross Profit": 1,
        "Operating Income": -30,
        "EBIT": -6,
        "Net Income": -24
    },
    "2021-09-30": {
        "Diluted EPS": 0.04,
        "Total Revenue": 4,
        "Gross Profit": 2,
        "Operating Income": -10,
        "EBIT": -9,
        "Net Income": 1
    },
    "2021-06-30": {
        "Diluted EPS": -0.35,
        "Total Revenue": 4,
        "Gross Profit": 2,
        "Operating Income": -10,
        "EBIT": -9,
        "Net Income": -9
    },
    "2021-03-31": {
        "Diluted EPS": -0.55,
        "Total Revenue": 3,
        "Gross Profit": 2,
        "Operating Income": -8,
        "EBIT": -7,
        "Net Income": -14
    },
    "2020-12-31": {
        "Diluted EPS": -0.81,
        "Total Revenue": 3,
        "Gross Profit": 2,
        "Operating Income": -7,
        "EBIT": -5,
        "Net Income": -14
    },
    "2020-09-30": {
        "Diluted EPS": -0.48,
        "Total Revenue": 4,
        "Gross Profit": 2,
        "Operating Income": -5,
        "EBIT": -4,
        "Net Income": -5
    },
    "2020-06-30": {
        "Diluted EPS": -0.82,
        "Total Revenue": 2,
        "Gross Profit": 1,
        "Operating Income": -7,
        "EBIT": -7,
        "Net Income": -8
    },
    "2020-03-31": {
        "Diluted EPS": -1.23,
        "Total Revenue": 3,
        "Gross Profit": 2,
        "Operating Income": -9,
        "EBIT": -7,
        "Net Income": -9
    },
    "2019-12-31": {
        "Diluted EPS": -5.0,
        "Total Revenue": NaN,
        "Gross Profit": NaN,
        "Operating Income": -44,
        "EBIT": -44,
        "Net Income": -41
    },
    "2019-09-30": {
        "Diluted EPS": -0.02,
        "Total Revenue": NaN,
        "Gross Profit": NaN,
        "Operating Income": 0,
        "EBIT": 0,
        "Net Income": 0
    },
    "2019-06-30": {
        "Diluted EPS": -0.02,
        "Total Revenue": NaN,
        "Gross Profit": NaN,
        "Operating Income": 0,
        "EBIT": 0,
        "Net Income": 1
    },
    "2019-03-31": {
        "Diluted EPS": -0.02,
        "Total Revenue": NaN,
        "Gross Profit": NaN,
        "Operating Income": 0,
        "EBIT": 0,
        "Net Income": 1
    },
    "2018-12-31": {
        "Diluted EPS": 0.0,
        "Total Revenue": NaN,
        "Gross Profit": NaN,
        "Operating Income": NaN,
        "EBIT": NaN,
        "Net Income": NaN
    },
    "2018-09-30": {
        "Diluted EPS": 0.0,
        "Total Revenue": NaN,
        "Gross Profit": NaN,
        "Operating Income": NaN,
        "EBIT": NaN,
        "Net Income": NaN
    },
    "2023-06-30": {
        "Tax Effect Of Unusual Items": 0.0,
        "Tax Rate For Calcs": 0.0,
        "Normalized EBITDA": -2529000.0,
        "Total Unusual Items": -78000.0,
        "Total Unusual Items Excluding Goodwill": -78000.0,
        "Net Income From Continuing Operation Net Minority Interest": -3261000.0,
        "Reconciled Depreciation": 619000.0,
        "Reconciled Cost Of Revenue": 1860000.0,
        "EBITDA": -2607000.0,
        "EBIT": -3226000.0,
        "Net Interest Income": -35000.0,
        "Interest Expense": 35000.0,
        "Interest Income": NaN,
        "Normalized Income": -3183000.0,
        "Net Income From Continuing And Discontinued Operation": -3595000.0,
        "Total Expenses": 8156000.0,
        "Rent Expense Supplemental": 199000.0,
        "Total Operating Income As Reported": -3175000.0,
        "Diluted Average Shares": 1495539.0,
        "Basic Average Shares": 1495539.0,
        "Diluted EPS": -2.4,
        "Basic EPS": -2.4,
        "Diluted NI Availto Com Stockholders": -3595000.0,
        "Net Income Common Stockholders": -3595000.0,
        "Net Income": -3595000.0,
        "Net Income Including Noncontrolling Interests": -3595000.0,
        "Net Income Discontinuous Operations": -334000.0,
        "Net Income Continuous Operations": -3261000.0,
        "Earnings From Equity Interest Net Of Tax": 0.0,
        "Tax Provision": NaN,
        "Pretax Income": -3261000.0,
        "Other Income Expense": -51000.0,
        "Other Non Operating Income Expenses": 27000.0,
        "Special Income Charges": 0.0,
        "Write Off": NaN,
        "Restructuring And Mergern Acquisition": 0.0,
        "Gain On Sale Of Security": -78000.0,
        "Net Non Operating Interest Income Expense": -35000.0,
        "Interest Expense Non Operating": 35000.0,
        "Interest Income Non Operating": NaN,
        "Operating Income": -3175000.0,
        "Operating Expense": 5901000.0,
        "Other Operating Expenses": -21000.0,
        "Depreciation Amortization Depletion Income Statement": 224000.0,
        "Depreciation And Amortization In Income Statement": 224000.0,
        "Research And Development": 403000.0,
        "Selling General And Administration": 5295000.0,
        "Selling And Marketing Expense": 469000.0,
        "General And Administrative Expense": 4826000.0,
        "Other Gand A": 1657000.0,
        "Rent And Landing Fees": 199000.0,
        "Salaries And Wages": 2970000.0,
        "Gross Profit": 2726000.0,
        "Cost Of Revenue": 2255000.0,
        "Total Revenue": 4981000.0,
        "Operating Revenue": 4981000.0
    },
    "2023-09-30": {
        "Tax Effect Of Unusual Items": 0.0,
        "Tax Rate For Calcs": 0.0,
        "Normalized EBITDA": -2172000.0,
        "Total Unusual Items": -3920000.0,
        "Total Unusual Items Excluding Goodwill": -3920000.0,
        "Net Income From Continuing Operation Net Minority Interest": -7271000.0,
        "Reconciled Depreciation": 1174000.0,
        "Reconciled Cost Of Revenue": 994000.0,
        "EBITDA": -6092000.0,
        "EBIT": -7266000.0,
        "Net Interest Income": -5000.0,
        "Interest Expense": 5000.0,
        "Interest Income": NaN,
        "Normalized Income": -3351000.0,
        "Net Income From Continuing And Discontinued Operation": -5138000.0,
        "Total Expenses": 7197000.0,
        "Rent Expense Supplemental": 178000.0,
        "Total Operating Income As Reported": -3377000.0,
        "Diluted Average Shares": 1580456.0,
        "Basic Average Shares": 1580456.0,
        "Diluted EPS": -3.25,
        "Basic EPS": -3.25,
        "Diluted NI Availto Com Stockholders": -5138000.0,
        "Net Income Common Stockholders": -5138000.0,
        "Net Income": -5138000.0,
        "Net Income Including Noncontrolling Interests": -5138000.0,
        "Net Income Discontinuous Operations": 2133000.0,
        "Net Income Continuous Operations": -7271000.0,
        "Earnings From Equity Interest Net Of Tax": 0.0,
        "Tax Provision": 0.0,
        "Pretax Income": -7271000.0,
        "Other Income Expense": -3889000.0,
        "Other Non Operating Income Expenses": 31000.0,
        "Special Income Charges": -3705000.0,
        "Write Off": 3705000.0,
        "Restructuring And Mergern Acquisition": 0.0,
        "Gain On Sale Of Security": -215000.0,
        "Net Non Operating Interest Income Expense": -5000.0,
        "Interest Expense Non Operating": 5000.0,
        "Interest Income Non Operating": NaN,
        "Operating Income": -3377000.0,
        "Operating Expense": 5319000.0,
        "Other Operating Expenses": NaN,
        "Depreciation Amortization Depletion Income Statement": 290000.0,
        "Depreciation And Amortization In Income Statement": 290000.0,
        "Research And Development": 292000.0,
        "Selling General And Administration": 4737000.0,
        "Selling And Marketing Expense": 582000.0,
        "General And Administrative Expense": 4155000.0,
        "Other Gand A": 1662000.0,
        "Rent And Landing Fees": 178000.0,
        "Salaries And Wages": 2315000.0,
        "Gross Profit": 1942000.0,
        "Cost Of Revenue": 1878000.0,
        "Total Revenue": 3820000.0,
        "Operating Revenue": 3820000.0
    },
    "2023-12-31": {
        "Tax Effect Of Unusual Items": -12810.0,
        "Tax Rate For Calcs": 0.21,
        "Normalized EBITDA": -4530000.0,
        "Total Unusual Items": -61000.0,
        "Total Unusual Items Excluding Goodwill": -61000.0,
        "Net Income From Continuing Operation Net Minority Interest": -5114000.0,
        "Reconciled Depreciation": 432000.0,
        "Reconciled Cost Of Revenue": 4783000.0,
        "EBITDA": -4591000.0,
        "EBIT": -5023000.0,
        "Net Interest Income": -23000.0,
        "Interest Expense": 23000.0,
        "Interest Income": NaN,
        "Normalized Income": -5065810.0,
        "Net Income From Continuing And Discontinued Operation": -5085000.0,
        "Total Expenses": 9550000.0,
        "Rent Expense Supplemental": 183000.0,
        "Total Operating Income As Reported": -4912000.0,
        "Diluted Average Shares": NaN,
        "Basic Average Shares": NaN,
        "Diluted EPS": NaN,
        "Basic EPS": NaN,
        "Diluted NI Availto Com Stockholders": -5085000.0,
        "Net Income Common Stockholders": -5085000.0,
        "Net Income": -5085000.0,
        "Net Income Including Noncontrolling Interests": -5085000.0,
        "Net Income Discontinuous Operations": 29000.0,
        "Net Income Continuous Operations": -5114000.0,
        "Earnings From Equity Interest Net Of Tax": 0.0,
        "Tax Provision": 68000.0,
        "Pretax Income": -5046000.0,
        "Other Income Expense": -111000.0,
        "Other Non Operating Income Expenses": -50000.0,
        "Special Income Charges": 3705000.0,
        "Write Off": NaN,
        "Restructuring And Mergern Acquisition": 0.0,
        "Gain On Sale Of Security": -3766000.0,
        "Net Non Operating Interest Income Expense": -23000.0,
        "Interest Expense Non Operating": 23000.0,
        "Interest Income Non Operating": NaN,
        "Operating Income": -4912000.0,
        "Operating Expense": 4566000.0,
        "Other Operating Expenses": NaN,
        "Depreciation Amortization Depletion Income Statement": 231000.0,
        "Depreciation And Amortization In Income Statement": 231000.0,
        "Research And Development": 233000.0,
        "Selling General And Administration": 4102000.0,
        "Selling And Marketing Expense": 436000.0,
        "General And Administrative Expense": 3666000.0,
        "Other Gand A": 1667000.0,
        "Rent And Landing Fees": 183000.0,
        "Salaries And Wages": 1816000.0,
        "Gross Profit": -346000.0,
        "Cost Of Revenue": 4984000.0,
        "Total Revenue": 4638000.0,
        "Operating Revenue": 4638000.0
    }
}