{
    "2023-03-31": {
        "Tax Effect Of Unusual Items": NaN,
        "Tax Rate For Calcs": NaN,
        "Normalized EBITDA": NaN,
        "Total Unusual Items": NaN,
        "Total Unusual Items Excluding Goodwill": NaN,
        "Net Income From Continuing Operation Net Minority Interest": NaN,
        "Reconciled Depreciation": NaN,
        "Reconciled Cost Of Revenue": NaN,
        "EBITDA": NaN,
        "EBIT": NaN,
        "Net Interest Income": NaN,
        "Interest Expense": NaN,
        "Normalized Income": NaN,
        "Net Income From Continuing And Discontinued Operation": NaN,
        "Total Expenses": NaN,
        "Diluted Average Shares": NaN,
        "Basic Average Shares": NaN,
        "Diluted EPS": NaN,
        "Basic EPS": NaN,
        "Diluted NI Availto Com Stockholders": NaN,
        "Net Income Common Stockholders": NaN,
        "Net Income": NaN,
        "Minority Interests": NaN,
        "Net Income Including Noncontrolling Interests": NaN,
        "Net Income Continuous Operations": NaN,
        "Tax Provision": NaN,
        "Pretax Income": NaN,
        "Other Income Expense": NaN,
        "Other Non Operating Income Expenses": NaN,
        "Special Income Charges": NaN,
        "Gain On Sale Of Business": 0.0,
        "Other Special Charges": NaN,
        "Impairment Of Capital Assets": 445000000.0,
        "Net Non Operating Interest Income Expense": NaN,
        "Interest Expense Non Operating": NaN,
        "Operating Income": NaN,
        "Operating Expense": NaN,
        "Research And Development": NaN,
        "Selling General And Administration": NaN,
        "Selling And Marketing Expense": NaN,
        "General And Administrative Expense": NaN,
        "Other Gand A": NaN,
        "Gross Profit": NaN,
        "Cost Of Revenue": NaN,
        "Total Revenue": NaN,
        "Operating Revenue": NaN
    },
    "2022-12-31": {
        "Tax Effect Of Unusual Items": NaN,
        "Tax Rate For Calcs": NaN,
        "Normalized EBITDA": NaN,
        "Total Unusual Items": 0.0,
        "Total Unusual Items Excluding Goodwill": 0.0,
        "Net Income From Continuing Operation Net Minority Interest": NaN,
        "Reconciled Depreciation": NaN,
        "Reconciled Cost Of Revenue": NaN,
        "EBITDA": NaN,
        "EBIT": NaN,
        "Net Interest Income": NaN,
        "Interest Expense": NaN,
        "Normalized Income": NaN,
        "Net Income From Continuing And Discontinued Operation": NaN,
        "Total Expenses": NaN,
        "Diluted Average Shares": NaN,
        "Basic Average Shares": NaN,
        "Diluted EPS": NaN,
        "Basic EPS": NaN,
        "Diluted NI Availto Com Stockholders": NaN,
        "Net Income Common Stockholders": NaN,
        "Net Income": NaN,
        "Minority Interests": NaN,
        "Net Income Including Noncontrolling Interests": NaN,
        "Net Income Continuous Operations": NaN,
        "Tax Provision": NaN,
        "Pretax Income": NaN,
        "Other Income Expense": NaN,
        "Other Non Operating Income Expenses": NaN,
        "Special Income Charges": 0.0,
        "Gain On Sale Of Business": NaN,
        "Other Special Charges": NaN,
        "Impairment Of Capital Assets": NaN,
        "Net Non Operating Interest Income Expense": NaN,
        "Interest Expense Non Operating": NaN,
        "Operating Income": NaN,
        "Operating Expense": NaN,
        "Research And Development": NaN,
        "Selling General And Administration": NaN,
        "Selling And Marketing Expense": NaN,
        "General And Administrative Expense": NaN,
        "Other Gand A": NaN,
        "Gross Profit": NaN,
        "Cost Of Revenue": NaN,
        "Total Revenue": NaN,
        "Operating Revenue": NaN
    },
    "2022-09-30": {
        "Tax Effect Of Unusual Items": 0.0,
        "Tax Rate For Calcs": 0.25,
        "Normalized EBITDA": 194000000.0,
        "Total Unusual Items": NaN,
        "Total Unusual Items Excluding Goodwill": NaN,
        "Net Income From Continuing Operation Net Minority Interest": 85000000.0,
        "Reconciled Depreciation": 56000000.0,
        "Reconciled Cost Of Revenue": 1114000000.0,
        "EBITDA": 194000000.0,
        "EBIT": 138000000.0,
        "Net Interest Income": -22000000.0,
        "Interest Expense": 22000000.0,
        "Normalized Income": 85000000.0,
        "Net Income From Continuing And Discontinued Operation": 85000000.0,
        "Total Expenses": 1568000000.0,
        "Diluted Average Shares": 123914000.0,
        "Basic Average Shares": 123339000.0,
        "Diluted EPS": 0.68,
        "Basic EPS": 0.69,
        "Diluted NI Availto Com Stockholders": 85000000.0,
        "Net Income Common Stockholders": 85000000.0,
        "Net Income": 85000000.0,
        "Minority Interests": -2000000.0,
        "Net Income Including Noncontrolling Interests": 87000000.0,
        "Net Income Continuous Operations": 87000000.0,
        "Tax Provision": 29000000.0,
        "Pretax Income": 116000000.0,
        "Other Income Expense": -34000000.0,
        "Other Non Operating Income Expenses": -34000000.0,
        "Special Income Charges": NaN,
        "Impairment Of Capital Assets": NaN,
        "Net Non Operating Interest Income Expense": -22000000.0,
        "Interest Expense Non Operating": 22000000.0,
        "Operating Income": 172000000.0,
        "Operating Expense": 454000000.0,
        "Research And Development": 32000000.0,
        "Selling General And Administration": 422000000.0,
        "Selling And Marketing Expense": 161000000.0,
        "General And Administrative Expense": 261000000.0,
        "Other Gand A": 261000000.0,
        "Gross Profit": 626000000.0,
        "Cost Of Revenue": 1114000000.0,
        "Total Revenue": 1740000000.0,
        "Operating Revenue": 1740000000.0
    },
    "2022-06-30": {
        "Tax Effect Of Unusual Items": 0.0,
        "Tax Rate For Calcs": 0.193798,
        "Normalized EBITDA": 166000000.0,
        "Total Unusual Items": 0.0,
        "Total Unusual Items Excluding Goodwill": 0.0,
        "Net Income From Continuing Operation Net Minority Interest": 101000000.0,
        "Reconciled Depreciation": 57000000.0,
        "Reconciled Cost Of Revenue": 1133000000.0,
        "EBITDA": 166000000.0,
        "EBIT": 166000000.0,
        "Net Interest Income": -37000000.0,
        "Interest Expense": 37000000.0,
        "Normalized Income": 101000000.0,
        "Net Income From Continuing And Discontinued Operation": 101000000.0,
        "Total Expenses": 1618000000.0,
        "Diluted Average Shares": 123795000.0,
        "Basic Average Shares": 123230000.0,
        "Diluted EPS": 0.81,
        "Basic EPS": 0.81,
        "Diluted NI Availto Com Stockholders": 101000000.0,
        "Net Income Common Stockholders": 101000000.0,
        "Net Income": 101000000.0,
        "Minority Interests": -3000000.0,
        "Net Income Including Noncontrolling Interests": 104000000.0,
        "Net Income Continuous Operations": 104000000.0,
        "Tax Provision": 25000000.0,
        "Pretax Income": 129000000.0,
        "Other Income Expense": -17000000.0,
        "Other Non Operating Income Expenses": -17000000.0,
        "Special Income Charges": 0.0,
        "Impairment Of Capital Assets": 0.0,
        "Net Non Operating Interest Income Expense": -37000000.0,
        "Interest Expense Non Operating": 37000000.0,
        "Operating Income": 183000000.0,
        "Operating Expense": 485000000.0,
        "Research And Development": 34000000.0,
        "Selling General And Administration": 451000000.0,
        "Selling And Marketing Expense": 207000000.0,
        "General And Administrative Expense": 244000000.0,
        "Other Gand A": 244000000.0,
        "Gross Profit": 668000000.0,
        "Cost Of Revenue": 1133000000.0,
        "Total Revenue": 1801000000.0,
        "Operating Revenue": 1801000000.0
    },
    "2023-06-30": {
        "Tax Effect Of Unusual Items": NaN,
        "Tax Rate For Calcs": NaN,
        "Normalized EBITDA": NaN,
        "Total Unusual Items": NaN,
        "Total Unusual Items Excluding Goodwill": NaN,
        "Net Income From Continuing Operation Net Minority Interest": NaN,
        "Reconciled Depreciation": NaN,
        "Reconciled Cost Of Revenue": NaN,
        "EBITDA": NaN,
        "EBIT": NaN,
        "Net Interest Income": NaN,
        "Interest Expense": NaN,
        "Interest Income": NaN,
        "Normalized Income": NaN,
        "Net Income From Continuing And Discontinued Operation": NaN,
        "Total Expenses": NaN,
        "Diluted Average Shares": NaN,
        "Basic Average Shares": NaN,
        "Diluted EPS": NaN,
        "Basic EPS": NaN,
        "Diluted NI Availto Com Stockholders": NaN,
        "Net Income Common Stockholders": NaN,
        "Net Income": NaN,
        "Minority Interests": NaN,
        "Net Income Including Noncontrolling Interests": NaN,
        "Net Income Continuous Operations": NaN,
        "Tax Provision": NaN,
        "Pretax Income": NaN,
        "Other Income Expense": NaN,
        "Other Non Operating Income Expenses": NaN,
        "Special Income Charges": NaN,
        "Gain On Sale Of Ppe": NaN,
        "Gain On Sale Of Business": NaN,
        "Other Special Charges": NaN,
        "Impairment Of Capital Assets": 0.0,
        "Earnings From Equity Interest": NaN,
        "Gain On Sale Of Security": NaN,
        "Net Non Operating Interest Income Expense": NaN,
        "Interest Expense Non Operating": NaN,
        "Interest Income Non Operating": NaN,
        "Operating Income": NaN,
        "Operating Expense": NaN,
        "Depreciation Amortization Depletion Income Statement": NaN,
        "Depreciation And Amortization In Income Statement": NaN,
        "Amortization": NaN,
        "Amortization Of Intangibles Income Statement": NaN,
        "Research And Development": NaN,
        "Selling General And Administration": NaN,
        "Selling And Marketing Expense": NaN,
        "General And Administrative Expense": NaN,
        "Other Gand A": NaN,
        "Salaries And Wages": NaN,
        "Gross Profit": NaN,
        "Cost Of Revenue": NaN,
        "Total Revenue": NaN,
        "Operating Revenue": NaN
    },
    "2022-03-31": {
        "Diluted EPS": 1.21,
        "Total Revenue": NaN,
        "Gross Profit": 649,
        "Operating Income": 232,
        "EBIT": 289,
        "Net Income": 150
    },
    "2021-12-31": {
        "Diluted EPS": 0.56,
        "Total Revenue": NaN,
        "Gross Profit": 558,
        "Operating Income": 116,
        "EBIT": 171,
        "Net Income": 69
    },
    "2021-09-30": {
        "Diluted EPS": 1.14,
        "Total Revenue": NaN,
        "Gross Profit": 670,
        "Operating Income": 219,
        "EBIT": 274,
        "Net Income": 142
    },
    "2021-06-30": {
        "Diluted EPS": 0.82,
        "Total Revenue": NaN,
        "Gross Profit": 668,
        "Operating Income": 139,
        "EBIT": 193,
        "Net Income": 97
    },
    "2021-03-31": {
        "Diluted EPS": -0.49,
        "Total Revenue": NaN,
        "Gross Profit": 774,
        "Operating Income": -24,
        "EBIT": 358,
        "Net Income": -61
    },
    "2020-12-31": {
        "Diluted EPS": 2.03,
        "Total Revenue": NaN,
        "Gross Profit": 837,
        "Operating Income": 341,
        "EBIT": 394,
        "Net Income": 259
    },
    "2020-09-30": {
        "Diluted EPS": 3.22,
        "Total Revenue": NaN,
        "Gross Profit": 920,
        "Operating Income": 471,
        "EBIT": 522,
        "Net Income": 415
    },
    "2020-06-30": {
        "Diluted EPS": 2.42,
        "Total Revenue": NaN,
        "Gross Profit": 929,
        "Operating Income": 394,
        "EBIT": 441,
        "Net Income": 310
    },
    "2020-03-31": {
        "Diluted EPS": 1.89,
        "Total Revenue": NaN,
        "Gross Profit": 832,
        "Operating Income": 340,
        "EBIT": 385,
        "Net Income": 241
    },
    "2019-12-31": {
        "Diluted EPS": 1.46,
        "Total Revenue": NaN,
        "Gross Profit": 639,
        "Operating Income": 255,
        "EBIT": 299,
        "Net Income": 185
    },
    "2019-09-30": {
        "Diluted EPS": 1.59,
        "Total Revenue": NaN,
        "Gross Profit": 663,
        "Operating Income": 285,
        "EBIT": 329,
        "Net Income": 203
    },
    "2019-06-30": {
        "Diluted EPS": 1.86,
        "Total Revenue": NaN,
        "Gross Profit": 734,
        "Operating Income": 312,
        "EBIT": 359,
        "Net Income": 241
    },
    "2019-03-31": {
        "Diluted EPS": 1.44,
        "Total Revenue": NaN,
        "Gross Profit": 673,
        "Operating Income": 262,
        "EBIT": 307,
        "Net Income": 187
    },
    "2018-12-31": {
        "Diluted EPS": 1.4,
        "Total Revenue": NaN,
        "Gross Profit": 643,
        "Operating Income": 255,
        "EBIT": 299,
        "Net Income": 182
    },
    "2018-09-30": {
        "Diluted EPS": 1.62,
        "Total Revenue": NaN,
        "Gross Profit": 678,
        "Operating Income": 295,
        "EBIT": 339,
        "Net Income": 210
    },
    "2018-06-30": {
        "Diluted EPS": 1.66,
        "Total Revenue": NaN,
        "Gross Profit": 744,
        "Operating Income": 333,
        "EBIT": 378,
        "Net Income": 217
    },
    "2018-03-31": {
        "Diluted EPS": 1.37,
        "Total Revenue": NaN,
        "Gross Profit": 649,
        "Operating Income": 259,
        "EBIT": 299,
        "Net Income": 181
    },
    "2017-12-31": {
        "Diluted EPS": 1.77,
        "Total Revenue": NaN,
        "Gross Profit": 609,
        "Operating Income": 241,
        "EBIT": 282,
        "Net Income": 233
    },
    "2017-09-30": {
        "Diluted EPS": 1.46,
        "Total Revenue": NaN,
        "Gross Profit": 673,
        "Operating Income": 303,
        "EBIT": 343,
        "Net Income": 192
    },
    "2017-06-30": {
        "Diluted EPS": 1.52,
        "Total Revenue": NaN,
        "Gross Profit": 752,
        "Operating Income": 321,
        "EBIT": 363,
        "Net Income": 201
    },
    "2017-03-31": {
        "Diluted EPS": 1.31,
        "Total Revenue": NaN,
        "Gross Profit": 650,
        "Operating Income": 253,
        "EBIT": 292,
        "Net Income": 172
    },
    "2016-12-31": {
        "Diluted EPS": 1.14,
        "Total Revenue": NaN,
        "Gross Profit": 629,
        "Operating Income": 272,
        "EBIT": 313,
        "Net Income": 149
    },
    "2016-09-30": {
        "Diluted EPS": 1.36,
        "Total Revenue": NaN,
        "Gross Profit": 640,
        "Operating Income": 281,
        "EBIT": 322,
        "Net Income": 179
    },
    "2016-06-30": {
        "Diluted EPS": 1.25,
        "Total Revenue": NaN,
        "Gross Profit": 727,
        "Operating Income": 268,
        "EBIT": 311,
        "Net Income": 165
    },
    "2016-03-31": {
        "Diluted EPS": 1.23,
        "Total Revenue": NaN,
        "Gross Profit": 646,
        "Operating Income": 261,
        "EBIT": 301,
        "Net Income": 162
    },
    "2015-12-31": {
        "Diluted EPS": 1.13,
        "Total Revenue": NaN,
        "Gross Profit": 600,
        "Operating Income": 249,
        "EBIT": 290,
        "Net Income": 149
    },
    "2015-09-30": {
        "Diluted EPS": 1.31,
        "Total Revenue": NaN,
        "Gross Profit": 625,
        "Operating Income": 286,
        "EBIT": 327,
        "Net Income": 172
    },
    "2015-06-30": {
        "Diluted EPS": 1.44,
        "Total Revenue": NaN,
        "Gross Profit": 710,
        "Operating Income": 299,
        "EBIT": 342,
        "Net Income": 191
    },
    "2015-03-31": {
        "Diluted EPS": 1.3,
        "Total Revenue": NaN,
        "Gross Profit": 605,
        "Operating Income": 241,
        "EBIT": 282,
        "Net Income": 174
    },
    "2014-12-31": {
        "Diluted EPS": 0.95,
        "Total Revenue": NaN,
        "Gross Profit": 572,
        "Operating Income": 221,
        "EBIT": 263,
        "Net Income": 125
    },
    "2014-09-30": {
        "Diluted EPS": 0.68,
        "Total Revenue": NaN,
        "Gross Profit": 578,
        "Operating Income": 247,
        "EBIT": 290,
        "Net Income": 90
    },
    "2014-06-30": {
        "Diluted EPS": 1.29,
        "Total Revenue": NaN,
        "Gross Profit": 642,
        "Operating Income": 283,
        "EBIT": 329,
        "Net Income": 170
    },
    "2014-03-31": {
        "Diluted EPS": 1.04,
        "Total Revenue": NaN,
        "Gross Profit": 575,
        "Operating Income": 249,
        "EBIT": 292,
        "Net Income": 137
    },
    "2013-12-31": {
        "Diluted EPS": 0.87,
        "Total Revenue": NaN,
        "Gross Profit": 555,
        "Operating Income": 206,
        "EBIT": 251,
        "Net Income": 115
    },
    "2013-09-30": {
        "Diluted EPS": 1.03,
        "Total Revenue": NaN,
        "Gross Profit": 584,
        "Operating Income": 239,
        "EBIT": 282,
        "Net Income": 136
    },
    "2013-06-30": {
        "Diluted EPS": 1.36,
        "Total Revenue": NaN,
        "Gross Profit": 659,
        "Operating Income": 298,
        "EBIT": 342,
        "Net Income": 183
    },
    "2013-03-31": {
        "Diluted EPS": 1.0,
        "Total Revenue": NaN,
        "Gross Profit": 595,
        "Operating Income": 233,
        "EBIT": 279,
        "Net Income": 133
    },
    "2012-12-31": {
        "Diluted EPS": 0.93,
        "Total Revenue": NaN,
        "Gross Profit": 563,
        "Operating Income": 212,
        "EBIT": 258,
        "Net Income": 123
    },
    "2012-09-30": {
        "Diluted EPS": 1.01,
        "Total Revenue": NaN,
        "Gross Profit": 574,
        "Operating Income": 227,
        "EBIT": 271,
        "Net Income": 133
    },
    "2012-06-30": {
        "Diluted EPS": 1.31,
        "Total Revenue": NaN,
        "Gross Profit": 658,
        "Operating Income": 288,
        "EBIT": 333,
        "Net Income": 174
    },
    "2012-03-31": {
        "Diluted EPS": 1.01,
        "Total Revenue": NaN,
        "Gross Profit": 593,
        "Operating Income": 226,
        "EBIT": 270,
        "Net Income": 132
    },
    "2011-12-31": {
        "Diluted EPS": 0.79,
        "Total Revenue": NaN,
        "Gross Profit": 507,
        "Operating Income": 179,
        "EBIT": 222,
        "Net Income": 105
    },
    "2011-09-30": {
        "Diluted EPS": 0.98,
        "Total Revenue": NaN,
        "Gross Profit": 546,
        "Operating Income": 210,
        "EBIT": 256,
        "Net Income": 130
    },
    "2011-06-30": {
        "Diluted EPS": 1.26,
        "Total Revenue": NaN,
        "Gross Profit": 645,
        "Operating Income": 282,
        "EBIT": 325,
        "Net Income": 167
    },
    "2011-03-31": {
        "Diluted EPS": 1.09,
        "Total Revenue": NaN,
        "Gross Profit": 575,
        "Operating Income": 239,
        "EBIT": 281,
        "Net Income": 151
    },
    "2010-12-31": {
        "Diluted EPS": 0.15,
        "Total Revenue": NaN,
        "Gross Profit": 492,
        "Operating Income": -91,
        "EBIT": 210,
        "Net Income": 21
    },
    "2010-09-30": {
        "Diluted EPS": 1.52,
        "Total Revenue": NaN,
        "Gross Profit": 561,
        "Operating Income": 233,
        "EBIT": 278,
        "Net Income": 216
    },
    "2010-06-30": {
        "Diluted EPS": 1.2,
        "Total Revenue": NaN,
        "Gross Profit": 633,
        "Operating Income": 274,
        "EBIT": 319,
        "Net Income": 168
    },
    "2010-03-31": {
        "Diluted EPS": 1.16,
        "Total Revenue": NaN,
        "Gross Profit": 574,
        "Operating Income": 244,
        "EBIT": 288,
        "Net Income": 165
    },
    "2009-12-31": {
        "Diluted EPS": 0.77,
        "Total Revenue": NaN,
        "Gross Profit": 529,
        "Operating Income": 192,
        "EBIT": 238,
        "Net Income": 110
    },
    "2009-09-30": {
        "Diluted EPS": 1.11,
        "Total Revenue": NaN,
        "Gross Profit": 583,
        "Operating Income": 263,
        "EBIT": 311,
        "Net Income": 157
    },
    "2009-06-30": {
        "Diluted EPS": 1.2,
        "Total Revenue": NaN,
        "Gross Profit": 545,
        "Operating Income": 217,
        "EBIT": 263,
        "Net Income": 169
    },
    "2009-03-31": {
        "Diluted EPS": 1.08,
        "Total Revenue": NaN,
        "Gross Profit": 611,
        "Operating Income": 285,
        "EBIT": 334,
        "Net Income": 151
    },
    "2023-09-30": {
        "Tax Effect Of Unusual Items": 0.0,
        "Tax Rate For Calcs": 0.146,
        "Normalized EBITDA": 111000000.0,
        "Total Unusual Items": 0.0,
        "Total Unusual Items Excluding Goodwill": 0.0,
        "Net Income From Continuing Operation Net Minority Interest": 22000000.0,
        "Reconciled Depreciation": 61000000.0,
        "Reconciled Cost Of Revenue": 854000000.0,
        "EBITDA": 111000000.0,
        "EBIT": 50000000.0,
        "Net Interest Income": -21000000.0,
        "Interest Expense": 21000000.0,
        "Normalized Income": 22000000.0,
        "Net Income From Continuing And Discontinued Operation": 22000000.0,
        "Total Expenses": 1324000000.0,
        "Diluted Average Shares": 124650000.0,
        "Basic Average Shares": 123973000.0,
        "Diluted EPS": 0.17,
        "Basic EPS": 0.17,
        "Diluted NI Availto Com Stockholders": 22000000.0,
        "Net Income Common Stockholders": 22000000.0,
        "Net Income": 22000000.0,
        "Minority Interests": -3000000.0,
        "Net Income Including Noncontrolling Interests": 25000000.0,
        "Net Income Continuous Operations": 25000000.0,
        "Tax Provision": 4000000.0,
        "Pretax Income": 29000000.0,
        "Other Income Expense": -12000000.0,
        "Other Non Operating Income Expenses": -12000000.0,
        "Special Income Charges": 0.0,
        "Gain On Sale Of Business": 0.0,
        "Other Special Charges": NaN,
        "Impairment Of Capital Assets": NaN,
        "Net Non Operating Interest Income Expense": -21000000.0,
        "Interest Expense Non Operating": 21000000.0,
        "Operating Income": 62000000.0,
        "Operating Expense": 470000000.0,
        "Research And Development": 29000000.0,
        "Selling General And Administration": 441000000.0,
        "Selling And Marketing Expense": 165000000.0,
        "General And Administrative Expense": 276000000.0,
        "Other Gand A": 276000000.0,
        "Gross Profit": 532000000.0,
        "Cost Of Revenue": 854000000.0,
        "Total Revenue": 1386000000.0,
        "Operating Revenue": 1386000000.0
    },
    "2023-12-31": {
        "Tax Effect Of Unusual Items": NaN,
        "Tax Rate For Calcs": NaN,
        "Normalized EBITDA": NaN,
        "Total Unusual Items": NaN,
        "Total Unusual Items Excluding Goodwill": NaN,
        "Net Income From Continuing Operation Net Minority Interest": NaN,
        "Reconciled Depreciation": NaN,
        "Reconciled Cost Of Revenue": NaN,
        "EBITDA": NaN,
        "EBIT": NaN,
        "Net Interest Income": NaN,
        "Interest Expense": NaN,
        "Interest Income": 7000000.0,
        "Normalized Income": NaN,
        "Net Income From Continuing And Discontinued Operation": NaN,
        "Total Expenses": NaN,
        "Diluted Average Shares": NaN,
        "Basic Average Shares": NaN,
        "Diluted EPS": NaN,
        "Basic EPS": NaN,
        "Diluted NI Availto Com Stockholders": NaN,
        "Net Income Common Stockholders": NaN,
        "Net Income": NaN,
        "Minority Interests": NaN,
        "Net Income Including Noncontrolling Interests": NaN,
        "Net Income Continuous Operations": NaN,
        "Tax Provision": NaN,
        "Pretax Income": NaN,
        "Other Income Expense": NaN,
        "Other Non Operating Income Expenses": NaN,
        "Special Income Charges": NaN,
        "Gain On Sale Of Ppe": 16000000.0,
        "Gain On Sale Of Business": NaN,
        "Other Special Charges": 171000000.0,
        "Impairment Of Capital Assets": NaN,
        "Restructuring And Mergern Acquisition": NaN,
        "Earnings From Equity Interest": 1000000.0,
        "Gain On Sale Of Security": -3000000.0,
        "Net Non Operating Interest Income Expense": NaN,
        "Interest Expense Non Operating": NaN,
        "Interest Income Non Operating": 7000000.0,
        "Operating Income": NaN,
        "Operating Expense": NaN,
        "Depreciation Amortization Depletion Income Statement": 7000000.0,
        "Depreciation And Amortization In Income Statement": 7000000.0,
        "Amortization": 7000000.0,
        "Amortization Of Intangibles Income Statement": 7000000.0,
        "Research And Development": NaN,
        "Selling General And Administration": NaN,
        "Selling And Marketing Expense": NaN,
        "General And Administrative Expense": NaN,
        "Other Gand A": NaN,
        "Salaries And Wages": NaN,
        "Gross Profit": NaN,
        "Cost Of Revenue": NaN,
        "Total Revenue": NaN,
        "Operating Revenue": NaN
    },
    "2024-03-31": {
        "Tax Effect Of Unusual Items": NaN,
        "Tax Rate For Calcs": NaN,
        "Normalized EBITDA": NaN,
        "Total Unusual Items": NaN,
        "Total Unusual Items Excluding Goodwill": NaN,
        "Net Income From Continuing Operation Net Minority Interest": NaN,
        "Reconciled Depreciation": NaN,
        "Reconciled Cost Of Revenue": NaN,
        "EBITDA": NaN,
        "EBIT": NaN,
        "Net Interest Income": NaN,
        "Interest Expense": NaN,
        "Interest Income": 4000000.0,
        "Normalized Income": NaN,
        "Net Income From Continuing And Discontinued Operation": NaN,
        "Total Expenses": NaN,
        "Diluted Average Shares": 124249000.0,
        "Basic Average Shares": 124249000.0,
        "Diluted EPS": -0.41,
        "Basic EPS": -0.41,
        "Diluted NI Availto Com Stockholders": NaN,
        "Net Income Common Stockholders": NaN,
        "Net Income": NaN,
        "Minority Interests": NaN,
        "Net Income Including Noncontrolling Interests": NaN,
        "Net Income Continuous Operations": NaN,
        "Tax Provision": NaN,
        "Pretax Income": NaN,
        "Other Income Expense": NaN,
        "Other Non Operating Income Expenses": NaN,
        "Special Income Charges": NaN,
        "Gain On Sale Of Ppe": 0.0,
        "Gain On Sale Of Business": NaN,
        "Other Special Charges": NaN,
        "Impairment Of Capital Assets": 0.0,
        "Restructuring And Mergern Acquisition": 5000000.0,
        "Earnings From Equity Interest": 1000000.0,
        "Gain On Sale Of Security": 7000000.0,
        "Net Non Operating Interest Income Expense": NaN,
        "Interest Expense Non Operating": NaN,
        "Interest Income Non Operating": 4000000.0,
        "Operating Income": NaN,
        "Operating Expense": NaN,
        "Depreciation Amortization Depletion Income Statement": 7000000.0,
        "Depreciation And Amortization In Income Statement": 7000000.0,
        "Amortization": 7000000.0,
        "Amortization Of Intangibles Income Statement": 7000000.0,
        "Research And Development": NaN,
        "Selling General And Administration": NaN,
        "Selling And Marketing Expense": NaN,
        "General And Administrative Expense": NaN,
        "Other Gand A": NaN,
        "Salaries And Wages": 0.0,
        "Gross Profit": NaN,
        "Cost Of Revenue": NaN,
        "Total Revenue": NaN,
        "Operating Revenue": NaN
    },
    "2024-06-30": {
        "Tax Effect Of Unusual Items": -981818.181818,
        "Tax Rate For Calcs": 0.196364,
        "Normalized EBITDA": 360000000.0,
        "Total Unusual Items": -5000000.0,
        "Total Unusual Items Excluding Goodwill": -5000000.0,
        "Net Income From Continuing Operation Net Minority Interest": 216000000.0,
        "Reconciled Depreciation": 59000000.0,
        "Reconciled Cost Of Revenue": 1019000000.0,
        "EBITDA": 355000000.0,
        "EBIT": 296000000.0,
        "Net Interest Income": 2000000.0,
        "Interest Expense": 21000000.0,
        "Interest Income": NaN,
        "Normalized Income": 220018181.818182,
        "Net Income From Continuing And Discontinued Operation": 216000000.0,
        "Total Expenses": 1615000000.0,
        "Diluted Average Shares": 125052000.0,
        "Basic Average Shares": 124300000.0,
        "Diluted EPS": 1.73,
        "Basic EPS": 1.74,
        "Diluted NI Availto Com Stockholders": 216000000.0,
        "Net Income Common Stockholders": 216000000.0,
        "Net Income": 216000000.0,
        "Minority Interests": -5000000.0,
        "Net Income Including Noncontrolling Interests": 221000000.0,
        "Net Income Continuous Operations": 221000000.0,
        "Tax Provision": 54000000.0,
        "Pretax Income": 275000000.0,
        "Other Income Expense": -15000000.0,
        "Other Non Operating Income Expenses": -15000000.0,
        "Special Income Charges": 0.0,
        "Gain On Sale Of Ppe": NaN,
        "Gain On Sale Of Business": 0.0,
        "Other Special Charges": 0.0,
        "Impairment Of Capital Assets": 0.0,
        "Restructuring And Mergern Acquisition": NaN,
        "Earnings From Equity Interest": NaN,
        "Gain On Sale Of Security": NaN,
        "Net Non Operating Interest Income Expense": 2000000.0,
        "Interest Expense Non Operating": 21000000.0,
        "Interest Income Non Operating": NaN,
        "Operating Income": 288000000.0,
        "Operating Expense": 596000000.0,
        "Depreciation Amortization Depletion Income Statement": NaN,
        "Depreciation And Amortization In Income Statement": NaN,
        "Amortization": NaN,
        "Amortization Of Intangibles Income Statement": NaN,
        "Research And Development": 33000000.0,
        "Selling General And Administration": 534000000.0,
        "Selling And Marketing Expense": 266000000.0,
        "General And Administrative Expense": 268000000.0,
        "Other Gand A": 268000000.0,
        "Salaries And Wages": 0.0,
        "Gross Profit": 884000000.0,
        "Cost Of Revenue": 1019000000.0,
        "Total Revenue": 1903000000.0,
        "Operating Revenue": 1903000000.0
    },
    "2024-09-30": {
        "Tax Effect Of Unusual Items": -24780000.0,
        "Tax Rate For Calcs": 0.21,
        "Normalized EBITDA": 370000000.0,
        "Total Unusual Items": -118000000.0,
        "Total Unusual Items Excluding Goodwill": -118000000.0,
        "Net Income From Continuing Operation Net Minority Interest": 99000000.0,
        "Reconciled Depreciation": 54000000.0,
        "Reconciled Cost Of Revenue": 955000000.0,
        "EBITDA": 252000000.0,
        "EBIT": 198000000.0,
        "Net Interest Income": -21000000.0,
        "Interest Expense": 21000000.0,
        "Interest Income": NaN,
        "Normalized Income": 192220000.0,
        "Net Income From Continuing And Discontinued Operation": 99000000.0,
        "Total Expenses": 1468000000.0,
        "Diluted Average Shares": 124677000.0,
        "Basic Average Shares": 123795000.0,
        "Diluted EPS": 0.8,
        "Basic EPS": 0.8,
        "Diluted NI Availto Com Stockholders": 99000000.0,
        "Net Income Common Stockholders": 99000000.0,
        "Net Income": 99000000.0,
        "Minority Interests": -4000000.0,
        "Net Income Including Noncontrolling Interests": 103000000.0,
        "Net Income Continuous Operations": 103000000.0,
        "Tax Provision": 74000000.0,
        "Pretax Income": 177000000.0,
        "Other Income Expense": -96000000.0,
        "Other Non Operating Income Expenses": 22000000.0,
        "Special Income Charges": -118000000.0,
        "Gain On Sale Of Ppe": NaN,
        "Gain On Sale Of Business": -118000000.0,
        "Other Special Charges": NaN,
        "Impairment Of Capital Assets": NaN,
        "Restructuring And Mergern Acquisition": NaN,
        "Earnings From Equity Interest": NaN,
        "Gain On Sale Of Security": NaN,
        "Net Non Operating Interest Income Expense": -21000000.0,
        "Interest Expense Non Operating": 21000000.0,
        "Interest Income Non Operating": NaN,
        "Operating Income": 294000000.0,
        "Operating Expense": 513000000.0,
        "Depreciation Amortization Depletion Income Statement": NaN,
        "Depreciation And Amortization In Income Statement": NaN,
        "Amortization": NaN,
        "Amortization Of Intangibles Income Statement": NaN,
        "Research And Development": 31000000.0,
        "Selling General And Administration": 482000000.0,
        "Selling And Marketing Expense": 201000000.0,
        "General And Administrative Expense": 281000000.0,
        "Other Gand A": 281000000.0,
        "Salaries And Wages": NaN,
        "Gross Profit": 807000000.0,
        "Cost Of Revenue": 955000000.0,
        "Total Revenue": 1762000000.0,
        "Operating Revenue": 1762000000.0
    },
    "2024-12-31": {
        "Tax Effect Of Unusual Items": 3620000.0,
        "Tax Rate For Calcs": 0.181,
        "Normalized EBITDA": 292000000.0,
        "Total Unusual Items": 20000000.0,
        "Total Unusual Items Excluding Goodwill": 20000000.0,
        "Net Income From Continuing Operation Net Minority Interest": 193000000.0,
        "Reconciled Depreciation": 53000000.0,
        "Reconciled Cost Of Revenue": 900000000.0,
        "EBITDA": 312000000.0,
        "EBIT": 259000000.0,
        "Net Interest Income": -20000000.0,
        "Interest Expense": 22000000.0,
        "Interest Income": 2000000.0,
        "Normalized Income": 176620000.0,
        "Net Income From Continuing And Discontinued Operation": 193000000.0,
        "Total Expenses": 1455000000.0,
        "Diluted Average Shares": 124662000.0,
        "Basic Average Shares": 123766000.0,
        "Diluted EPS": 1.54,
        "Basic EPS": 1.55,
        "Diluted NI Availto Com Stockholders": 193000000.0,
        "Net Income Common Stockholders": 193000000.0,
        "Net Income": 193000000.0,
        "Minority Interests": -1000000.0,
        "Net Income Including Noncontrolling Interests": 194000000.0,
        "Net Income Continuous Operations": 194000000.0,
        "Tax Provision": 43000000.0,
        "Pretax Income": 237000000.0,
        "Other Income Expense": 26000000.0,
        "Other Non Operating Income Expenses": 5000000.0,
        "Special Income Charges": 23000000.0,
        "Gain On Sale Of Ppe": 0.0,
        "Gain On Sale Of Business": 0.0,
        "Other Special Charges": -23000000.0,
        "Impairment Of Capital Assets": NaN,
        "Restructuring And Mergern Acquisition": NaN,
        "Earnings From Equity Interest": 1000000.0,
        "Gain On Sale Of Security": -3000000.0,
        "Net Non Operating Interest Income Expense": -20000000.0,
        "Interest Expense Non Operating": 22000000.0,
        "Interest Income Non Operating": 2000000.0,
        "Operating Income": 231000000.0,
        "Operating Expense": 507000000.0,
        "Depreciation Amortization Depletion Income Statement": 5000000.0,
        "Depreciation And Amortization In Income Statement": 5000000.0,
        "Amortization": 5000000.0,
        "Amortization Of Intangibles Income Statement": 5000000.0,
        "Research And Development": 31000000.0,
        "Selling General And Administration": 471000000.0,
        "Selling And Marketing Expense": 191000000.0,
        "General And Administrative Expense": 280000000.0,
        "Other Gand A": 280000000.0,
        "Salaries And Wages": 0.0,
        "Gross Profit": 738000000.0,
        "Cost Of Revenue": 948000000.0,
        "Total Revenue": 1686000000.0,
        "Operating Revenue": 1686000000.0
    },
    "2025-03-31": {
        "Tax Effect Of Unusual Items": -248000.0,
        "Tax Rate For Calcs": 0.248,
        "Normalized EBITDA": 333000000.0,
        "Total Unusual Items": -1000000.0,
        "Total Unusual Items Excluding Goodwill": -1000000.0,
        "Net Income From Continuing Operation Net Minority Interest": 186000000.0,
        "Reconciled Depreciation": 55000000.0,
        "Reconciled Cost Of Revenue": 874000000.0,
        "EBITDA": 332000000.0,
        "EBIT": 277000000.0,
        "Net Interest Income": -21000000.0,
        "Interest Expense": 23000000.0,
        "Interest Income": 2000000.0,
        "Normalized Income": 186752000.0,
        "Net Income From Continuing And Discontinued Operation": 186000000.0,
        "Total Expenses": 1430000000.0,
        "Diluted Average Shares": 124066000.0,
        "Basic Average Shares": 123367000.0,
        "Diluted EPS": 1.5,
        "Basic EPS": 1.51,
        "Diluted NI Availto Com Stockholders": 186000000.0,
        "Net Income Common Stockholders": 186000000.0,
        "Net Income": 186000000.0,
        "Minority Interests": -5000000.0,
        "Net Income Including Noncontrolling Interests": 191000000.0,
        "Net Income Continuous Operations": 191000000.0,
        "Tax Provision": 63000000.0,
        "Pretax Income": 254000000.0,
        "Other Income Expense": 37000000.0,
        "Other Non Operating Income Expenses": 38000000.0,
        "Special Income Charges": 0.0,
        "Gain On Sale Of Ppe": 0.0,
        "Gain On Sale Of Business": 0.0,
        "Other Special Charges": NaN,
        "Impairment Of Capital Assets": NaN,
        "Restructuring And Mergern Acquisition": 0.0,
        "Earnings From Equity Interest": 0.0,
        "Gain On Sale Of Security": -1000000.0,
        "Net Non Operating Interest Income Expense": -21000000.0,
        "Interest Expense Non Operating": 23000000.0,
        "Interest Income Non Operating": 2000000.0,
        "Operating Income": 238000000.0,
        "Operating Expense": 506000000.0,
        "Depreciation Amortization Depletion Income Statement": 5000000.0,
        "Depreciation And Amortization In Income Statement": 5000000.0,
        "Amortization": 5000000.0,
        "Amortization Of Intangibles Income Statement": 5000000.0,
        "Research And Development": 27000000.0,
        "Selling General And Administration": 474000000.0,
        "Selling And Marketing Expense": 207000000.0,
        "General And Administrative Expense": 267000000.0,
        "Other Gand A": 267000000.0,
        "Salaries And Wages": 0.0,
        "Gross Profit": 744000000.0,
        "Cost Of Revenue": 924000000.0,
        "Total Revenue": 1668000000.0,
        "Operating Revenue": 1668000000.0
    },
    "2025-06-30": {
        "Tax Effect Of Unusual Items": 13897560.97561,
        "Tax Rate For Calcs": 0.180488,
        "Normalized EBITDA": 412000000.0,
        "Total Unusual Items": 77000000.0,
        "Total Unusual Items Excluding Goodwill": 77000000.0,
        "Net Income From Continuing Operation Net Minority Interest": 332000000.0,
        "Reconciled Depreciation": 57000000.0,
        "Reconciled Cost Of Revenue": 1012000000.0,
        "EBITDA": 489000000.0,
        "EBIT": 432000000.0,
        "Net Interest Income": -20000000.0,
        "Interest Expense": 22000000.0,
        "Interest Income": 2000000.0,
        "Normalized Income": 268897560.97561,
        "Net Income From Continuing And Discontinued Operation": 332000000.0,
        "Total Expenses": 1568000000.0,
        "Diluted Average Shares": NaN,
        "Basic Average Shares": NaN,
        "Diluted EPS": NaN,
        "Basic EPS": NaN,
        "Diluted NI Availto Com Stockholders": 332000000.0,
        "Net Income Common Stockholders": 332000000.0,
        "Net Income": 332000000.0,
        "Minority Interests": -4000000.0,
        "Net Income Including Noncontrolling Interests": 336000000.0,
        "Net Income Continuous Operations": 336000000.0,
        "Tax Provision": 74000000.0,
        "Pretax Income": 410000000.0,
        "Other Income Expense": 10000000.0,
        "Other Non Operating Income Expenses": -68000000.0,
        "Special Income Charges": 65000000.0,
        "Gain On Sale Of Ppe": 0.0,
        "Gain On Sale Of Business": 0.0,
        "Other Special Charges": NaN,
        "Impairment Of Capital Assets": NaN,
        "Restructuring And Mergern Acquisition": 0.0,
        "Earnings From Equity Interest": 1000000.0,
        "Gain On Sale Of Security": 12000000.0,
        "Net Non Operating Interest Income Expense": -20000000.0,
        "Interest Expense Non Operating": 22000000.0,
        "Interest Income Non Operating": 2000000.0,
        "Operating Income": 420000000.0,
        "Operating Expense": 504000000.0,
        "Depreciation Amortization Depletion Income Statement": 5000000.0,
        "Depreciation And Amortization In Income Statement": 5000000.0,
        "Amortization": 5000000.0,
        "Amortization Of Intangibles Income Statement": 5000000.0,
        "Research And Development": 32000000.0,
        "Selling General And Administration": 467000000.0,
        "Selling And Marketing Expense": 171000000.0,
        "General And Administrative Expense": 296000000.0,
        "Other Gand A": 296000000.0,
        "Salaries And Wages": 0.0,
        "Gross Profit": 924000000.0,
        "Cost Of Revenue": 1064000000.0,
        "Total Revenue": 1988000000.0,
        "Operating Revenue": 1988000000.0
    }
}