{
    "2024-03-31": {
        "Tax Effect Of Unusual Items": NaN,
        "Tax Rate For Calcs": NaN,
        "Normalized EBITDA": NaN,
        "Total Unusual Items": NaN,
        "Total Unusual Items Excluding Goodwill": NaN,
        "Net Income From Continuing Operation Net Minority Interest": NaN,
        "Reconciled Depreciation": NaN,
        "Reconciled Cost Of Revenue": NaN,
        "EBITDA": NaN,
        "EBIT": NaN,
        "Net Interest Income": NaN,
        "Interest Expense": NaN,
        "Interest Income": NaN,
        "Normalized Income": NaN,
        "Net Income From Continuing And Discontinued Operation": NaN,
        "Total Expenses": NaN,
        "Rent Expense Supplemental": NaN,
        "Total Operating Income As Reported": NaN,
        "Diluted Average Shares": 201521800.0,
        "Basic Average Shares": 201521800.0,
        "Diluted EPS": 2.46,
        "Basic EPS": 2.46,
        "Diluted NI Availto Com Stockholders": NaN,
        "Net Income Common Stockholders": NaN,
        "Net Income": NaN,
        "Minority Interests": 0.0,
        "Net Income Including Noncontrolling Interests": NaN,
        "Net Income Continuous Operations": NaN,
        "Tax Provision": NaN,
        "Pretax Income": NaN,
        "Other Income Expense": NaN,
        "Special Income Charges": NaN,
        "Gain On Sale Of Ppe": NaN,
        "Write Off": NaN,
        "Earnings From Equity Interest": NaN,
        "Net Non Operating Interest Income Expense": NaN,
        "Interest Expense Non Operating": NaN,
        "Interest Income Non Operating": NaN,
        "Operating Income": NaN,
        "Operating Expense": NaN,
        "Other Operating Expenses": NaN,
        "Selling General And Administration": NaN,
        "General And Administrative Expense": NaN,
        "Other Gand A": NaN,
        "Gross Profit": NaN,
        "Cost Of Revenue": NaN,
        "Total Revenue": NaN,
        "Operating Revenue": NaN
    },
    "2023-12-31": {
        "Tax Effect Of Unusual Items": 653071.915799,
        "Tax Rate For Calcs": 0.00205,
        "Normalized EBITDA": 148420000.0,
        "Total Unusual Items": 318642000.0,
        "Total Unusual Items Excluding Goodwill": 318642000.0,
        "Net Income From Continuing Operation Net Minority Interest": 406584000.0,
        "Reconciled Depreciation": 49416000.0,
        "Reconciled Cost Of Revenue": 147451000.0,
        "EBITDA": 467062000.0,
        "EBIT": 417646000.0,
        "Net Interest Income": -13317000.0,
        "Interest Expense": 10239000.0,
        "Interest Income": -15314000.0,
        "Normalized Income": 88595071.915799,
        "Net Income From Continuing And Discontinued Operation": 406584000.0,
        "Total Expenses": 165623000.0,
        "Rent Expense Supplemental": 2071000.0,
        "Total Operating Income As Reported": 426337000.0,
        "Diluted Average Shares": NaN,
        "Basic Average Shares": NaN,
        "Diluted EPS": NaN,
        "Basic EPS": NaN,
        "Diluted NI Availto Com Stockholders": NaN,
        "Net Income Common Stockholders": 406584000.0,
        "Net Income": 406584000.0,
        "Net Income Including Noncontrolling Interests": 406584000.0,
        "Net Income Continuous Operations": 406584000.0,
        "Earnings From Equity Interest Net Of Tax": NaN,
        "Tax Provision": 835000.0,
        "Pretax Income": 407407000.0,
        "Other Income Expense": NaN,
        "Special Income Charges": 323327000.0,
        "Gain On Sale Of Ppe": 323327000.0,
        "Earnings From Equity Interest": NaN,
        "Net Non Operating Interest Income Expense": -13317000.0,
        "Interest Expense Non Operating": 10239000.0,
        "Interest Income Non Operating": -15314000.0,
        "Operating Income": 103010000.0,
        "Operating Expense": 18172000.0,
        "Other Operating Expenses": -4105000.0,
        "Selling General And Administration": 18691000.0,
        "General And Administrative Expense": 18691000.0,
        "Other Gand A": 2293000.0,
        "Gross Profit": 121182000.0,
        "Cost Of Revenue": 147451000.0,
        "Total Revenue": 268633000.0,
        "Operating Revenue": 268633000.0
    },
    "2023-09-30": {
        "Tax Effect Of Unusual Items": NaN,
        "Tax Rate For Calcs": NaN,
        "Normalized EBITDA": NaN,
        "Total Unusual Items": NaN,
        "Total Unusual Items Excluding Goodwill": NaN,
        "Net Income From Continuing Operation Net Minority Interest": NaN,
        "Reconciled Depreciation": NaN,
        "Reconciled Cost Of Revenue": NaN,
        "EBITDA": NaN,
        "EBIT": NaN,
        "Net Interest Income": NaN,
        "Interest Expense": NaN,
        "Interest Income": NaN,
        "Normalized Income": NaN,
        "Net Income From Continuing And Discontinued Operation": NaN,
        "Total Expenses": NaN,
        "Rent Expense Supplemental": NaN,
        "Total Operating Income As Reported": NaN,
        "Diluted Average Shares": NaN,
        "Basic Average Shares": NaN,
        "Diluted EPS": NaN,
        "Basic EPS": NaN,
        "Diluted NI Availto Com Stockholders": NaN,
        "Net Income Common Stockholders": NaN,
        "Net Income": NaN,
        "Minority Interests": NaN,
        "Net Income Including Noncontrolling Interests": NaN,
        "Net Income Continuous Operations": NaN,
        "Earnings From Equity Interest Net Of Tax": -3000.0,
        "Tax Provision": NaN,
        "Pretax Income": NaN,
        "Other Income Expense": NaN,
        "Special Income Charges": NaN,
        "Gain On Sale Of Ppe": NaN,
        "Earnings From Equity Interest": NaN,
        "Net Non Operating Interest Income Expense": NaN,
        "Interest Expense Non Operating": NaN,
        "Interest Income Non Operating": NaN,
        "Operating Income": NaN,
        "Operating Expense": NaN,
        "Other Operating Expenses": NaN,
        "Selling General And Administration": NaN,
        "General And Administrative Expense": NaN,
        "Other Gand A": NaN,
        "Gross Profit": NaN,
        "Cost Of Revenue": NaN,
        "Total Revenue": NaN,
        "Operating Revenue": NaN
    },
    "2023-06-30": {
        "Tax Effect Of Unusual Items": 0.0,
        "Tax Rate For Calcs": 0.008929,
        "Normalized EBITDA": 265408000.0,
        "Total Unusual Items": 0.0,
        "Total Unusual Items Excluding Goodwill": 0.0,
        "Net Income From Continuing Operation Net Minority Interest": 161820000.0,
        "Reconciled Depreciation": 55623000.0,
        "Reconciled Cost Of Revenue": 155047000.0,
        "EBITDA": 265408000.0,
        "EBIT": 209785000.0,
        "Net Interest Income": -29682000.0,
        "Interest Expense": 46498000.0,
        "Interest Income": 16816000.0,
        "Normalized Income": 161820000.0,
        "Net Income From Continuing And Discontinued Operation": 161820000.0,
        "Total Expenses": 155198000.0,
        "Rent Expense Supplemental": 753000.0,
        "Total Operating Income As Reported": 192963000.0,
        "Diluted Average Shares": NaN,
        "Basic Average Shares": NaN,
        "Diluted EPS": NaN,
        "Basic EPS": NaN,
        "Diluted NI Availto Com Stockholders": 161820000.0,
        "Net Income Common Stockholders": 161820000.0,
        "Net Income": 161820000.0,
        "Net Income Including Noncontrolling Interests": 161820000.0,
        "Net Income Continuous Operations": 161820000.0,
        "Earnings From Equity Interest Net Of Tax": NaN,
        "Tax Provision": 1458000.0,
        "Pretax Income": 163287000.0,
        "Other Income Expense": 6000.0,
        "Special Income Charges": 0.0,
        "Gain On Sale Of Ppe": 0.0,
        "Earnings From Equity Interest": NaN,
        "Net Non Operating Interest Income Expense": -29682000.0,
        "Interest Expense Non Operating": 46498000.0,
        "Interest Income Non Operating": 16816000.0,
        "Operating Income": 192963000.0,
        "Operating Expense": 151000.0,
        "Other Operating Expenses": -10074000.0,
        "Selling General And Administration": 10225000.0,
        "General And Administrative Expense": 10225000.0,
        "Other Gand A": 10225000.0,
        "Gross Profit": 193114000.0,
        "Cost Of Revenue": 155047000.0,
        "Total Revenue": 348161000.0,
        "Operating Revenue": 348161000.0
    },
    "2023-03-31": {
        "Tax Effect Of Unusual Items": NaN,
        "Tax Rate For Calcs": NaN,
        "Normalized EBITDA": NaN,
        "Total Unusual Items": NaN,
        "Total Unusual Items Excluding Goodwill": NaN,
        "Net Income From Continuing Operation Net Minority Interest": NaN,
        "Reconciled Depreciation": NaN,
        "Reconciled Cost Of Revenue": NaN,
        "EBITDA": NaN,
        "EBIT": NaN,
        "Net Interest Income": NaN,
        "Interest Expense": NaN,
        "Interest Income": NaN,
        "Normalized Income": NaN,
        "Net Income From Continuing And Discontinued Operation": NaN,
        "Total Expenses": NaN,
        "Rent Expense Supplemental": NaN,
        "Total Operating Income As Reported": NaN,
        "Diluted Average Shares": 201965893.0,
        "Basic Average Shares": 201783532.0,
        "Diluted EPS": 0.87,
        "Basic EPS": 0.87,
        "Diluted NI Availto Com Stockholders": NaN,
        "Net Income Common Stockholders": NaN,
        "Net Income": NaN,
        "Net Income Including Noncontrolling Interests": NaN,
        "Net Income Continuous Operations": NaN,
        "Earnings From Equity Interest Net Of Tax": NaN,
        "Tax Provision": NaN,
        "Pretax Income": NaN,
        "Other Income Expense": NaN,
        "Special Income Charges": NaN,
        "Gain On Sale Of Ppe": NaN,
        "Earnings From Equity Interest": -6000.0,
        "Net Non Operating Interest Income Expense": NaN,
        "Interest Expense Non Operating": NaN,
        "Interest Income Non Operating": NaN,
        "Operating Income": NaN,
        "Operating Expense": NaN,
        "Other Operating Expenses": NaN,
        "Selling General And Administration": NaN,
        "General And Administrative Expense": NaN,
        "Other Gand A": NaN,
        "Gross Profit": NaN,
        "Cost Of Revenue": NaN,
        "Total Revenue": NaN,
        "Operating Revenue": NaN
    },
    "2024-06-30": {
        "Tax Effect Of Unusual Items": NaN,
        "Tax Rate For Calcs": NaN,
        "Normalized EBITDA": NaN,
        "Total Unusual Items": NaN,
        "Total Unusual Items Excluding Goodwill": NaN,
        "Net Income From Continuing Operation Net Minority Interest": NaN,
        "Reconciled Depreciation": NaN,
        "Reconciled Cost Of Revenue": NaN,
        "EBITDA": NaN,
        "EBIT": NaN,
        "Net Interest Income": NaN,
        "Interest Expense": NaN,
        "Interest Income": NaN,
        "Normalized Income": NaN,
        "Net Income From Continuing And Discontinued Operation": NaN,
        "Total Expenses": NaN,
        "Rent Expense Supplemental": NaN,
        "Total Operating Income As Reported": NaN,
        "Diluted Average Shares": 194250949.0,
        "Basic Average Shares": 194250949.0,
        "Diluted EPS": 0.95,
        "Basic EPS": 0.95,
        "Diluted NI Availto Com Stockholders": NaN,
        "Net Income Common Stockholders": NaN,
        "Net Income": NaN,
        "Minority Interests": 0.0,
        "Net Income Including Noncontrolling Interests": NaN,
        "Net Income Continuous Operations": NaN,
        "Tax Provision": NaN,
        "Pretax Income": NaN,
        "Other Income Expense": NaN,
        "Special Income Charges": NaN,
        "Gain On Sale Of Ppe": NaN,
        "Write Off": 0.0,
        "Earnings From Equity Interest": NaN,
        "Net Non Operating Interest Income Expense": NaN,
        "Interest Expense Non Operating": NaN,
        "Interest Income Non Operating": NaN,
        "Operating Income": NaN,
        "Operating Expense": NaN,
        "Other Operating Expenses": NaN,
        "Selling General And Administration": NaN,
        "General And Administrative Expense": NaN,
        "Other Gand A": NaN,
        "Gross Profit": NaN,
        "Cost Of Revenue": NaN,
        "Total Revenue": NaN,
        "Operating Revenue": NaN
    },
    "2024-09-30": {
        "Tax Effect Of Unusual Items": 765982.661579,
        "Tax Rate For Calcs": 0.012465,
        "Normalized EBITDA": 138113000.0,
        "Total Unusual Items": 61450000.0,
        "Total Unusual Items Excluding Goodwill": 61450000.0,
        "Net Income From Continuing Operation Net Minority Interest": 98079000.0,
        "Reconciled Depreciation": 40241000.0,
        "Reconciled Cost Of Revenue": 133371000.0,
        "EBITDA": 199563000.0,
        "EBIT": 159322000.0,
        "Net Interest Income": -37668000.0,
        "Interest Expense": 60005000.0,
        "Interest Income": 17226000.0,
        "Normalized Income": 37394982.661579,
        "Net Income From Continuing And Discontinued Operation": 98079000.0,
        "Total Expenses": 146073000.0,
        "Rent Expense Supplemental": 118000.0,
        "Total Operating Income As Reported": 137123000.0,
        "Diluted Average Shares": NaN,
        "Basic Average Shares": NaN,
        "Diluted EPS": NaN,
        "Basic EPS": NaN,
        "Diluted NI Availto Com Stockholders": 98079000.0,
        "Net Income Common Stockholders": 98079000.0,
        "Net Income": 98079000.0,
        "Minority Interests": NaN,
        "Net Income Including Noncontrolling Interests": 98079000.0,
        "Net Income Continuous Operations": 98079000.0,
        "Tax Provision": 1238000.0,
        "Pretax Income": 99317000.0,
        "Other Income Expense": 61218000.0,
        "Special Income Charges": 61356000.0,
        "Gain On Sale Of Ppe": 61356000.0,
        "Write Off": NaN,
        "Earnings From Equity Interest": -232000.0,
        "Net Non Operating Interest Income Expense": -37668000.0,
        "Interest Expense Non Operating": 60005000.0,
        "Interest Income Non Operating": 17226000.0,
        "Operating Income": 75767000.0,
        "Operating Expense": 12702000.0,
        "Other Operating Expenses": -3998000.0,
        "Selling General And Administration": 17566000.0,
        "General And Administrative Expense": 17566000.0,
        "Other Gand A": 26893000.0,
        "Gross Profit": 88469000.0,
        "Cost Of Revenue": 133371000.0,
        "Total Revenue": 221840000.0,
        "Operating Revenue": 221840000.0
    },
    "2024-12-31": {
        "Tax Effect Of Unusual Items": 19452000.0,
        "Tax Rate For Calcs": 0.25,
        "Normalized EBITDA": 87289000.0,
        "Total Unusual Items": 77808000.0,
        "Total Unusual Items Excluding Goodwill": 77808000.0,
        "Net Income From Continuing Operation Net Minority Interest": 93130000.0,
        "Reconciled Depreciation": 43911000.0,
        "Reconciled Cost Of Revenue": 140999000.0,
        "EBITDA": 165097000.0,
        "EBIT": 121186000.0,
        "Net Interest Income": -55637000.0,
        "Interest Expense": 31765000.0,
        "Interest Income": -14623000.0,
        "Normalized Income": 34774000.0,
        "Net Income From Continuing And Discontinued Operation": 93130000.0,
        "Total Expenses": 157361000.0,
        "Rent Expense Supplemental": 3000.0,
        "Total Operating Income As Reported": 137935000.0,
        "Diluted Average Shares": NaN,
        "Basic Average Shares": NaN,
        "Diluted EPS": NaN,
        "Basic EPS": NaN,
        "Diluted NI Availto Com Stockholders": 93130000.0,
        "Net Income Common Stockholders": 93130000.0,
        "Net Income": 93130000.0,
        "Minority Interests": NaN,
        "Net Income Including Noncontrolling Interests": 93130000.0,
        "Net Income Continuous Operations": 93130000.0,
        "Tax Provision": -3709000.0,
        "Pretax Income": 89421000.0,
        "Other Income Expense": 76390000.0,
        "Special Income Charges": 69267000.0,
        "Gain On Sale Of Ppe": 71114000.0,
        "Write Off": NaN,
        "Earnings From Equity Interest": -1418000.0,
        "Net Non Operating Interest Income Expense": -55637000.0,
        "Interest Expense Non Operating": 31765000.0,
        "Interest Income Non Operating": -14623000.0,
        "Operating Income": 68668000.0,
        "Operating Expense": 16362000.0,
        "Other Operating Expenses": -8578000.0,
        "Selling General And Administration": 22735000.0,
        "General And Administrative Expense": 22735000.0,
        "Other Gand A": -2401000.0,
        "Gross Profit": 85030000.0,
        "Cost Of Revenue": 140999000.0,
        "Total Revenue": 226029000.0,
        "Operating Revenue": 226029000.0
    },
    "2025-03-31": {
        "Tax Effect Of Unusual Items": 11612750.0,
        "Tax Rate For Calcs": 0.25,
        "Normalized EBITDA": 118162000.0,
        "Total Unusual Items": 46451000.0,
        "Total Unusual Items Excluding Goodwill": 46451000.0,
        "Net Income From Continuing Operation Net Minority Interest": 43998000.0,
        "Reconciled Depreciation": 55671000.0,
        "Reconciled Cost Of Revenue": 163026000.0,
        "EBITDA": 164613000.0,
        "EBIT": 108942000.0,
        "Net Interest Income": -64215000.0,
        "Interest Expense": 70452000.0,
        "Interest Income": 6237000.0,
        "Normalized Income": 9159750.0,
        "Net Income From Continuing And Discontinued Operation": 43998000.0,
        "Total Expenses": 178739000.0,
        "Rent Expense Supplemental": 313000.0,
        "Total Operating Income As Reported": 102756000.0,
        "Diluted Average Shares": 194216835.0,
        "Basic Average Shares": 194216835.0,
        "Diluted EPS": 0.226541,
        "Basic EPS": 0.226541,
        "Diluted NI Availto Com Stockholders": 43998000.0,
        "Net Income Common Stockholders": 43998000.0,
        "Net Income": 43998000.0,
        "Minority Interests": 3625000.0,
        "Net Income Including Noncontrolling Interests": 40373000.0,
        "Net Income Continuous Operations": 40373000.0,
        "Tax Provision": -1883000.0,
        "Pretax Income": 38490000.0,
        "Other Income Expense": 46400000.0,
        "Special Income Charges": 46451000.0,
        "Gain On Sale Of Ppe": 46451000.0,
        "Write Off": NaN,
        "Earnings From Equity Interest": -51000.0,
        "Net Non Operating Interest Income Expense": -64215000.0,
        "Interest Expense Non Operating": 70452000.0,
        "Interest Income Non Operating": 6237000.0,
        "Operating Income": 56305000.0,
        "Operating Expense": 15713000.0,
        "Other Operating Expenses": -7134000.0,
        "Selling General And Administration": 22847000.0,
        "General And Administrative Expense": 22847000.0,
        "Other Gand A": 22847000.0,
        "Gross Profit": 72018000.0,
        "Cost Of Revenue": 163026000.0,
        "Total Revenue": 235044000.0,
        "Operating Revenue": 235044000.0
    },
    "2025-06-30": {
        "Tax Effect Of Unusual Items": 7778000.0,
        "Tax Rate For Calcs": 0.25,
        "Normalized EBITDA": 166627000.0,
        "Total Unusual Items": 31112000.0,
        "Total Unusual Items Excluding Goodwill": 31112000.0,
        "Net Income From Continuing Operation Net Minority Interest": 7768000.0,
        "Reconciled Depreciation": 108698000.0,
        "Reconciled Cost Of Revenue": 307306000.0,
        "EBITDA": 197739000.0,
        "EBIT": 89041000.0,
        "Net Interest Income": -95570000.0,
        "Interest Expense": 91902000.0,
        "Interest Income": 629000.0,
        "Normalized Income": -15566000.0,
        "Net Income From Continuing And Discontinued Operation": 7768000.0,
        "Total Expenses": 327833000.0,
        "Rent Expense Supplemental": 1307000.0,
        "Total Operating Income As Reported": 113742000.0,
        "Diluted Average Shares": 194216835.0,
        "Basic Average Shares": 194216835.0,
        "Diluted EPS": 0.039997,
        "Basic EPS": 0.039997,
        "Diluted NI Availto Com Stockholders": 7768000.0,
        "Net Income Common Stockholders": 7768000.0,
        "Net Income": 7768000.0,
        "Minority Interests": 15352000.0,
        "Net Income Including Noncontrolling Interests": -7584000.0,
        "Net Income Continuous Operations": -7584000.0,
        "Tax Provision": 4723000.0,
        "Pretax Income": -2861000.0,
        "Other Income Expense": 32734000.0,
        "Special Income Charges": 53767000.0,
        "Gain On Sale Of Ppe": 57340000.0,
        "Write Off": 3573000.0,
        "Earnings From Equity Interest": 1622000.0,
        "Net Non Operating Interest Income Expense": -95570000.0,
        "Interest Expense Non Operating": 91902000.0,
        "Interest Income Non Operating": 629000.0,
        "Operating Income": 59975000.0,
        "Operating Expense": 20527000.0,
        "Other Operating Expenses": -13170000.0,
        "Selling General And Administration": 32238000.0,
        "General And Administrative Expense": 32238000.0,
        "Other Gand A": 16654000.0,
        "Gross Profit": 80502000.0,
        "Cost Of Revenue": 307306000.0,
        "Total Revenue": 387808000.0,
        "Operating Revenue": 387808000.0
    },
    "2025-09-30": {
        "Tax Effect Of Unusual Items": 2974368.331223,
        "Tax Rate For Calcs": 0.047789,
        "Normalized EBITDA": 221143000.0,
        "Total Unusual Items": 62239000.0,
        "Total Unusual Items Excluding Goodwill": 62239000.0,
        "Net Income From Continuing Operation Net Minority Interest": 19872000.0,
        "Reconciled Depreciation": 109073000.0,
        "Reconciled Cost Of Revenue": 338643000.0,
        "EBITDA": 283382000.0,
        "EBIT": 174309000.0,
        "Net Interest Income": -133848000.0,
        "Interest Expense": 156146000.0,
        "Interest Income": 18001000.0,
        "Normalized Income": -39392631.668777,
        "Net Income From Continuing And Discontinued Operation": 19872000.0,
        "Total Expenses": 364622000.0,
        "Rent Expense Supplemental": 1089000.0,
        "Total Operating Income As Reported": 129210000.0,
        "Diluted Average Shares": NaN,
        "Basic Average Shares": NaN,
        "Diluted EPS": NaN,
        "Basic EPS": NaN,
        "Diluted NI Availto Com Stockholders": 19872000.0,
        "Net Income Common Stockholders": 19872000.0,
        "Net Income": 19872000.0,
        "Minority Interests": 2577000.0,
        "Net Income Including Noncontrolling Interests": 17295000.0,
        "Net Income Continuous Operations": 17295000.0,
        "Tax Provision": 868000.0,
        "Pretax Income": 18163000.0,
        "Other Income Expense": 62385000.0,
        "Special Income Charges": 39584000.0,
        "Gain On Sale Of Ppe": 39284000.0,
        "Write Off": -300000.0,
        "Earnings From Equity Interest": 146000.0,
        "Net Non Operating Interest Income Expense": -133848000.0,
        "Interest Expense Non Operating": 156146000.0,
        "Interest Income Non Operating": 18001000.0,
        "Operating Income": 89626000.0,
        "Operating Expense": 25979000.0,
        "Other Operating Expenses": -7948000.0,
        "Selling General And Administration": 35386000.0,
        "General And Administrative Expense": 35386000.0,
        "Other Gand A": 50970000.0,
        "Gross Profit": 115605000.0,
        "Cost Of Revenue": 338643000.0,
        "Total Revenue": 454248000.0,
        "Operating Revenue": 454248000.0
    }
}