{
    "2023-09-30": {
        "Tax Effect Of Unusual Items": NaN,
        "Tax Rate For Calcs": NaN,
        "Normalized EBITDA": NaN,
        "Total Unusual Items": NaN,
        "Total Unusual Items Excluding Goodwill": NaN,
        "Net Income From Continuing Operation Net Minority Interest": NaN,
        "Reconciled Depreciation": NaN,
        "Reconciled Cost Of Revenue": NaN,
        "EBITDA": NaN,
        "EBIT": NaN,
        "Net Interest Income": NaN,
        "Interest Expense": NaN,
        "Interest Income": 21000.0,
        "Normalized Income": NaN,
        "Net Income From Continuing And Discontinued Operation": NaN,
        "Total Expenses": NaN,
        "Total Operating Income As Reported": NaN,
        "Diluted Average Shares": NaN,
        "Basic Average Shares": NaN,
        "Diluted EPS": NaN,
        "Basic EPS": NaN,
        "Diluted NI Availto Com Stockholders": NaN,
        "Net Income Common Stockholders": NaN,
        "Net Income": NaN,
        "Minority Interests": NaN,
        "Net Income Including Noncontrolling Interests": NaN,
        "Net Income Continuous Operations": NaN,
        "Tax Provision": NaN,
        "Pretax Income": NaN,
        "Other Income Expense": NaN,
        "Other Non Operating Income Expenses": NaN,
        "Special Income Charges": NaN,
        "Impairment Of Capital Assets": NaN,
        "Restructuring And Mergern Acquisition": NaN,
        "Gain On Sale Of Security": NaN,
        "Net Non Operating Interest Income Expense": NaN,
        "Interest Expense Non Operating": NaN,
        "Interest Income Non Operating": 21000.0,
        "Operating Income": NaN,
        "Operating Expense": NaN,
        "Other Operating Expenses": NaN,
        "Other Taxes": NaN,
        "Selling General And Administration": NaN,
        "General And Administrative Expense": NaN,
        "Other Gand A": NaN,
        "Insurance And Claims": NaN,
        "Salaries And Wages": NaN,
        "Gross Profit": NaN,
        "Cost Of Revenue": NaN,
        "Total Revenue": NaN,
        "Operating Revenue": NaN
    },
    "2023-06-30": {
        "Tax Effect Of Unusual Items": NaN,
        "Tax Rate For Calcs": NaN,
        "Normalized EBITDA": NaN,
        "Total Unusual Items": NaN,
        "Total Unusual Items Excluding Goodwill": NaN,
        "Net Income From Continuing Operation Net Minority Interest": NaN,
        "Reconciled Depreciation": NaN,
        "Reconciled Cost Of Revenue": NaN,
        "EBITDA": NaN,
        "EBIT": NaN,
        "Net Interest Income": NaN,
        "Interest Expense": NaN,
        "Interest Income": 4000.0,
        "Normalized Income": NaN,
        "Net Income From Continuing And Discontinued Operation": NaN,
        "Total Expenses": NaN,
        "Total Operating Income As Reported": NaN,
        "Diluted Average Shares": 19188073.0,
        "Basic Average Shares": 19188073.0,
        "Diluted EPS": -0.01,
        "Basic EPS": -0.01,
        "Diluted NI Availto Com Stockholders": NaN,
        "Net Income Common Stockholders": NaN,
        "Net Income": NaN,
        "Minority Interests": NaN,
        "Net Income Including Noncontrolling Interests": NaN,
        "Net Income Continuous Operations": NaN,
        "Tax Provision": NaN,
        "Pretax Income": NaN,
        "Other Income Expense": NaN,
        "Other Non Operating Income Expenses": NaN,
        "Special Income Charges": NaN,
        "Impairment Of Capital Assets": NaN,
        "Gain On Sale Of Security": NaN,
        "Net Non Operating Interest Income Expense": NaN,
        "Interest Expense Non Operating": NaN,
        "Interest Income Non Operating": 4000.0,
        "Operating Income": NaN,
        "Operating Expense": NaN,
        "Other Operating Expenses": NaN,
        "Other Taxes": NaN,
        "Selling General And Administration": NaN,
        "General And Administrative Expense": NaN,
        "Other Gand A": NaN,
        "Insurance And Claims": NaN,
        "Salaries And Wages": NaN,
        "Gross Profit": NaN,
        "Cost Of Revenue": NaN,
        "Total Revenue": NaN,
        "Operating Revenue": NaN
    },
    "2023-03-31": {
        "Tax Effect Of Unusual Items": NaN,
        "Tax Rate For Calcs": NaN,
        "Normalized EBITDA": NaN,
        "Total Unusual Items": NaN,
        "Total Unusual Items Excluding Goodwill": NaN,
        "Net Income From Continuing Operation Net Minority Interest": NaN,
        "Reconciled Depreciation": 2255000.0,
        "Reconciled Cost Of Revenue": NaN,
        "EBITDA": NaN,
        "EBIT": NaN,
        "Net Interest Income": NaN,
        "Interest Expense": NaN,
        "Interest Income": NaN,
        "Normalized Income": NaN,
        "Net Income From Continuing And Discontinued Operation": NaN,
        "Total Expenses": NaN,
        "Total Operating Income As Reported": NaN,
        "Diluted Average Shares": NaN,
        "Basic Average Shares": NaN,
        "Diluted EPS": NaN,
        "Basic EPS": NaN,
        "Diluted NI Availto Com Stockholders": NaN,
        "Net Income Common Stockholders": NaN,
        "Net Income": NaN,
        "Minority Interests": NaN,
        "Net Income Including Noncontrolling Interests": NaN,
        "Net Income Continuous Operations": NaN,
        "Tax Provision": NaN,
        "Pretax Income": NaN,
        "Other Income Expense": NaN,
        "Other Non Operating Income Expenses": NaN,
        "Special Income Charges": 0.0,
        "Impairment Of Capital Assets": 0.0,
        "Gain On Sale Of Security": NaN,
        "Net Non Operating Interest Income Expense": NaN,
        "Interest Expense Non Operating": NaN,
        "Interest Income Non Operating": NaN,
        "Operating Income": NaN,
        "Operating Expense": NaN,
        "Other Operating Expenses": NaN,
        "Other Taxes": 382000.0,
        "Selling General And Administration": NaN,
        "General And Administrative Expense": NaN,
        "Other Gand A": NaN,
        "Insurance And Claims": 243000.0,
        "Salaries And Wages": NaN,
        "Gross Profit": NaN,
        "Cost Of Revenue": NaN,
        "Total Revenue": NaN,
        "Operating Revenue": NaN
    },
    "2024-03-31": {
        "Tax Effect Of Unusual Items": NaN,
        "Tax Rate For Calcs": NaN,
        "Normalized EBITDA": NaN,
        "Total Unusual Items": NaN,
        "Total Unusual Items Excluding Goodwill": NaN,
        "Net Income From Continuing Operation Net Minority Interest": NaN,
        "Reconciled Depreciation": 3819000.0,
        "Reconciled Cost Of Revenue": NaN,
        "EBITDA": NaN,
        "EBIT": NaN,
        "Net Interest Income": NaN,
        "Interest Expense": NaN,
        "Interest Income": 6000.0,
        "Normalized Income": NaN,
        "Net Income From Continuing And Discontinued Operation": NaN,
        "Total Expenses": NaN,
        "Total Operating Income As Reported": NaN,
        "Diluted Average Shares": NaN,
        "Basic Average Shares": NaN,
        "Diluted EPS": NaN,
        "Basic EPS": NaN,
        "Diluted NI Availto Com Stockholders": NaN,
        "Net Income Common Stockholders": NaN,
        "Net Income": NaN,
        "Minority Interests": NaN,
        "Net Income Including Noncontrolling Interests": NaN,
        "Net Income Continuous Operations": NaN,
        "Tax Provision": NaN,
        "Pretax Income": NaN,
        "Other Income Expense": NaN,
        "Other Non Operating Income Expenses": -346000.0,
        "Special Income Charges": 0.0,
        "Gain On Sale Of Ppe": NaN,
        "Restructuring And Mergern Acquisition": 0.0,
        "Gain On Sale Of Security": NaN,
        "Net Non Operating Interest Income Expense": NaN,
        "Interest Expense Non Operating": NaN,
        "Interest Income Non Operating": 6000.0,
        "Operating Income": NaN,
        "Operating Expense": NaN,
        "Other Operating Expenses": NaN,
        "Other Taxes": 254000.0,
        "Selling General And Administration": NaN,
        "General And Administrative Expense": NaN,
        "Other Gand A": NaN,
        "Insurance And Claims": 353000.0,
        "Salaries And Wages": NaN,
        "Gross Profit": NaN,
        "Cost Of Revenue": NaN,
        "Total Revenue": NaN,
        "Operating Revenue": NaN
    },
    "2023-12-31": {
        "Tax Effect Of Unusual Items": NaN,
        "Tax Rate For Calcs": NaN,
        "Normalized EBITDA": NaN,
        "Total Unusual Items": NaN,
        "Total Unusual Items Excluding Goodwill": NaN,
        "Net Income From Continuing Operation Net Minority Interest": NaN,
        "Reconciled Depreciation": 4437000.0,
        "Reconciled Cost Of Revenue": NaN,
        "EBITDA": NaN,
        "EBIT": NaN,
        "Net Interest Income": NaN,
        "Interest Expense": NaN,
        "Interest Income": 9000.0,
        "Normalized Income": NaN,
        "Net Income From Continuing And Discontinued Operation": NaN,
        "Total Expenses": NaN,
        "Total Operating Income As Reported": NaN,
        "Diluted Average Shares": NaN,
        "Basic Average Shares": NaN,
        "Diluted EPS": NaN,
        "Basic EPS": NaN,
        "Diluted NI Availto Com Stockholders": NaN,
        "Net Income Common Stockholders": NaN,
        "Net Income": NaN,
        "Minority Interests": NaN,
        "Net Income Including Noncontrolling Interests": NaN,
        "Net Income Continuous Operations": NaN,
        "Tax Provision": NaN,
        "Pretax Income": NaN,
        "Other Income Expense": NaN,
        "Other Non Operating Income Expenses": NaN,
        "Special Income Charges": -719000.0,
        "Gain On Sale Of Ppe": NaN,
        "Impairment Of Capital Assets": 719000.0,
        "Restructuring And Mergern Acquisition": NaN,
        "Gain On Sale Of Security": NaN,
        "Net Non Operating Interest Income Expense": NaN,
        "Interest Expense Non Operating": NaN,
        "Interest Income Non Operating": 9000.0,
        "Operating Income": NaN,
        "Operating Expense": NaN,
        "Other Operating Expenses": NaN,
        "Other Taxes": 267000.0,
        "Selling General And Administration": NaN,
        "General And Administrative Expense": NaN,
        "Other Gand A": NaN,
        "Insurance And Claims": 221000.0,
        "Salaries And Wages": NaN,
        "Gross Profit": NaN,
        "Cost Of Revenue": NaN,
        "Total Revenue": NaN,
        "Operating Revenue": NaN
    },
    "2022-12-31": {
        "Tax Effect Of Unusual Items": NaN,
        "Tax Rate For Calcs": NaN,
        "Normalized EBITDA": NaN,
        "Total Unusual Items": NaN,
        "Total Unusual Items Excluding Goodwill": NaN,
        "Net Income From Continuing Operation Net Minority Interest": NaN,
        "Reconciled Depreciation": 2769000.0,
        "Reconciled Cost Of Revenue": NaN,
        "EBITDA": NaN,
        "EBIT": NaN,
        "Net Interest Income": NaN,
        "Interest Expense": NaN,
        "Interest Income": NaN,
        "Normalized Income": NaN,
        "Net Income From Continuing And Discontinued Operation": NaN,
        "Total Expenses": NaN,
        "Total Operating Income As Reported": NaN,
        "Diluted Average Shares": NaN,
        "Basic Average Shares": NaN,
        "Diluted EPS": NaN,
        "Basic EPS": NaN,
        "Diluted NI Availto Com Stockholders": NaN,
        "Net Income Common Stockholders": NaN,
        "Net Income": NaN,
        "Minority Interests": NaN,
        "Net Income Including Noncontrolling Interests": NaN,
        "Net Income Continuous Operations": NaN,
        "Tax Provision": NaN,
        "Pretax Income": NaN,
        "Other Income Expense": NaN,
        "Other Non Operating Income Expenses": NaN,
        "Special Income Charges": -8980000.0,
        "Impairment Of Capital Assets": 8150000.0,
        "Gain On Sale Of Security": NaN,
        "Net Non Operating Interest Income Expense": NaN,
        "Interest Expense Non Operating": NaN,
        "Interest Income Non Operating": NaN,
        "Operating Income": NaN,
        "Operating Expense": NaN,
        "Other Operating Expenses": NaN,
        "Other Taxes": 417000.0,
        "Selling General And Administration": NaN,
        "General And Administrative Expense": NaN,
        "Other Gand A": NaN,
        "Insurance And Claims": 226000.0,
        "Salaries And Wages": NaN,
        "Gross Profit": NaN,
        "Cost Of Revenue": NaN,
        "Total Revenue": NaN,
        "Operating Revenue": NaN
    },
    "2022-09-30": {
        "Tax Effect Of Unusual Items": NaN,
        "Tax Rate For Calcs": NaN,
        "Normalized EBITDA": NaN,
        "Total Unusual Items": NaN,
        "Total Unusual Items Excluding Goodwill": NaN,
        "Net Income From Continuing Operation Net Minority Interest": NaN,
        "Reconciled Depreciation": 2670000.0,
        "Reconciled Cost Of Revenue": NaN,
        "EBITDA": NaN,
        "EBIT": NaN,
        "Net Interest Income": NaN,
        "Interest Expense": NaN,
        "Interest Income": NaN,
        "Normalized Income": NaN,
        "Net Income From Continuing And Discontinued Operation": NaN,
        "Total Expenses": NaN,
        "Total Operating Income As Reported": NaN,
        "Diluted Average Shares": 13171254.0,
        "Basic Average Shares": 13171254.0,
        "Diluted EPS": 0.654,
        "Basic EPS": 0.654,
        "Diluted NI Availto Com Stockholders": NaN,
        "Net Income Common Stockholders": NaN,
        "Net Income": NaN,
        "Minority Interests": NaN,
        "Net Income Including Noncontrolling Interests": NaN,
        "Net Income Continuous Operations": NaN,
        "Tax Provision": NaN,
        "Pretax Income": NaN,
        "Other Income Expense": NaN,
        "Other Non Operating Income Expenses": NaN,
        "Special Income Charges": NaN,
        "Impairment Of Capital Assets": NaN,
        "Gain On Sale Of Security": NaN,
        "Net Non Operating Interest Income Expense": NaN,
        "Interest Expense Non Operating": NaN,
        "Interest Income Non Operating": NaN,
        "Operating Income": NaN,
        "Operating Expense": NaN,
        "Other Operating Expenses": NaN,
        "Other Taxes": NaN,
        "Selling General And Administration": NaN,
        "General And Administrative Expense": NaN,
        "Other Gand A": NaN,
        "Insurance And Claims": NaN,
        "Salaries And Wages": NaN,
        "Gross Profit": NaN,
        "Cost Of Revenue": NaN,
        "Total Revenue": NaN,
        "Operating Revenue": NaN
    },
    "2024-06-30": {
        "Tax Effect Of Unusual Items": -791582.806079,
        "Tax Rate For Calcs": 0.335986,
        "Normalized EBITDA": 18484000.0,
        "Total Unusual Items": -2356000.0,
        "Total Unusual Items Excluding Goodwill": -2356000.0,
        "Net Income From Continuing Operation Net Minority Interest": 8283000.0,
        "Reconciled Depreciation": NaN,
        "Reconciled Cost Of Revenue": 27174000.0,
        "EBITDA": 16128000.0,
        "EBIT": 16128000.0,
        "Net Interest Income": -794000.0,
        "Interest Expense": 797000.0,
        "Interest Income": 3000.0,
        "Normalized Income": 9847417.193921,
        "Net Income From Continuing And Discontinued Operation": 8283000.0,
        "Total Expenses": 30962000.0,
        "Total Operating Income As Reported": 16125000.0,
        "Diluted Average Shares": 19721429.0,
        "Basic Average Shares": 19721429.0,
        "Diluted EPS": 0.42,
        "Basic EPS": 0.42,
        "Diluted NI Availto Com Stockholders": 8283000.0,
        "Net Income Common Stockholders": 8283000.0,
        "Net Income": 8283000.0,
        "Minority Interests": -1897000.0,
        "Net Income Including Noncontrolling Interests": 10180000.0,
        "Net Income Continuous Operations": 10180000.0,
        "Tax Provision": 5151000.0,
        "Pretax Income": 15331000.0,
        "Other Income Expense": -3020000.0,
        "Other Non Operating Income Expenses": -664000.0,
        "Special Income Charges": 0.0,
        "Gain On Sale Of Ppe": 0.0,
        "Restructuring And Mergern Acquisition": NaN,
        "Gain On Sale Of Security": -2356000.0,
        "Net Non Operating Interest Income Expense": -794000.0,
        "Interest Expense Non Operating": 797000.0,
        "Interest Income Non Operating": 3000.0,
        "Operating Income": 19145000.0,
        "Operating Expense": 3788000.0,
        "Other Operating Expenses": -185000.0,
        "Other Taxes": NaN,
        "Selling General And Administration": 3973000.0,
        "General And Administrative Expense": 3973000.0,
        "Other Gand A": 3664000.0,
        "Insurance And Claims": NaN,
        "Salaries And Wages": 309000.0,
        "Gross Profit": 22933000.0,
        "Cost Of Revenue": 27174000.0,
        "Total Revenue": 50107000.0,
        "Operating Revenue": 50107000.0
    },
    "2024-09-30": {
        "Tax Effect Of Unusual Items": -778432.8,
        "Tax Rate For Calcs": 0.2472,
        "Normalized EBITDA": 11860000.0,
        "Total Unusual Items": -3149000.0,
        "Total Unusual Items Excluding Goodwill": -3149000.0,
        "Net Income From Continuing Operation Net Minority Interest": 2267000.0,
        "Reconciled Depreciation": NaN,
        "Reconciled Cost Of Revenue": 27555000.0,
        "EBITDA": 8711000.0,
        "EBIT": 8711000.0,
        "Net Interest Income": -824000.0,
        "Interest Expense": 824000.0,
        "Interest Income": NaN,
        "Normalized Income": 4637567.2,
        "Net Income From Continuing And Discontinued Operation": 2267000.0,
        "Total Expenses": 32194000.0,
        "Total Operating Income As Reported": 8711000.0,
        "Diluted Average Shares": 18891667.0,
        "Basic Average Shares": 18891667.0,
        "Diluted EPS": 0.12,
        "Basic EPS": 0.12,
        "Diluted NI Availto Com Stockholders": 2267000.0,
        "Net Income Common Stockholders": 2267000.0,
        "Net Income": 2267000.0,
        "Minority Interests": -1020000.0,
        "Net Income Including Noncontrolling Interests": 3287000.0,
        "Net Income Continuous Operations": 3287000.0,
        "Tax Provision": 4600000.0,
        "Pretax Income": 7887000.0,
        "Other Income Expense": -5963000.0,
        "Other Non Operating Income Expenses": -2814000.0,
        "Special Income Charges": NaN,
        "Gain On Sale Of Ppe": NaN,
        "Restructuring And Mergern Acquisition": NaN,
        "Gain On Sale Of Security": -3149000.0,
        "Net Non Operating Interest Income Expense": -824000.0,
        "Interest Expense Non Operating": 824000.0,
        "Interest Income Non Operating": NaN,
        "Operating Income": 14674000.0,
        "Operating Expense": 4639000.0,
        "Other Operating Expenses": -16000.0,
        "Other Taxes": NaN,
        "Selling General And Administration": 4655000.0,
        "General And Administrative Expense": 4655000.0,
        "Other Gand A": 3954000.0,
        "Insurance And Claims": NaN,
        "Salaries And Wages": 701000.0,
        "Gross Profit": 19313000.0,
        "Cost Of Revenue": 27555000.0,
        "Total Revenue": 46868000.0,
        "Operating Revenue": 46868000.0
    },
    "2025-03-31": {
        "Tax Effect Of Unusual Items": -1060328.333052,
        "Tax Rate For Calcs": 0.37283,
        "Normalized EBITDA": 25402000.0,
        "Total Unusual Items": -2844000.0,
        "Total Unusual Items Excluding Goodwill": -2844000.0,
        "Net Income From Continuing Operation Net Minority Interest": 8915000.0,
        "Reconciled Depreciation": 3859000.0,
        "Reconciled Cost Of Revenue": 29252000.0,
        "EBITDA": 22558000.0,
        "EBIT": 18699000.0,
        "Net Interest Income": -894000.0,
        "Interest Expense": 900000.0,
        "Interest Income": 6000.0,
        "Normalized Income": 10698671.666948,
        "Net Income From Continuing And Discontinued Operation": 8915000.0,
        "Total Expenses": 34641000.0,
        "Total Operating Income As Reported": 18693000.0,
        "Diluted Average Shares": 19214554.0,
        "Basic Average Shares": 19214554.0,
        "Diluted EPS": 0.0045,
        "Basic EPS": 0.0045,
        "Diluted NI Availto Com Stockholders": 8915000.0,
        "Net Income Common Stockholders": 8915000.0,
        "Net Income": 8915000.0,
        "Minority Interests": -2248000.0,
        "Net Income Including Noncontrolling Interests": 11163000.0,
        "Net Income Continuous Operations": 11163000.0,
        "Tax Provision": 6636000.0,
        "Pretax Income": 17799000.0,
        "Other Income Expense": -2844000.0,
        "Other Non Operating Income Expenses": NaN,
        "Special Income Charges": -786000.0,
        "Gain On Sale Of Ppe": NaN,
        "Restructuring And Mergern Acquisition": 786000.0,
        "Gain On Sale Of Security": -2844000.0,
        "Net Non Operating Interest Income Expense": -894000.0,
        "Interest Expense Non Operating": 900000.0,
        "Interest Income Non Operating": 6000.0,
        "Operating Income": 21537000.0,
        "Operating Expense": 5389000.0,
        "Other Operating Expenses": 245000.0,
        "Other Taxes": 532000.0,
        "Selling General And Administration": 4612000.0,
        "General And Administrative Expense": 4612000.0,
        "Other Gand A": 1236000.0,
        "Insurance And Claims": 222000.0,
        "Salaries And Wages": 3154000.0,
        "Gross Profit": 26926000.0,
        "Cost Of Revenue": 29252000.0,
        "Total Revenue": 56178000.0,
        "Operating Revenue": 56178000.0
    },
    "2024-12-31": {
        "Tax Effect Of Unusual Items": -668181.6,
        "Tax Rate For Calcs": 0.2472,
        "Normalized EBITDA": 15326000.0,
        "Total Unusual Items": -2703000.0,
        "Total Unusual Items Excluding Goodwill": -2703000.0,
        "Net Income From Continuing Operation Net Minority Interest": 5072000.0,
        "Reconciled Depreciation": NaN,
        "Reconciled Cost Of Revenue": 26586000.0,
        "EBITDA": 12623000.0,
        "EBIT": 12623000.0,
        "Net Interest Income": -131000.0,
        "Interest Expense": 813000.0,
        "Interest Income": NaN,
        "Normalized Income": 7106818.4,
        "Net Income From Continuing And Discontinued Operation": 5072000.0,
        "Total Expenses": 35857000.0,
        "Total Operating Income As Reported": 12597000.0,
        "Diluted Average Shares": 19747475.0,
        "Basic Average Shares": 19747475.0,
        "Diluted EPS": 0.297,
        "Basic EPS": 0.297,
        "Diluted NI Availto Com Stockholders": 5072000.0,
        "Net Income Common Stockholders": 5072000.0,
        "Net Income": 5072000.0,
        "Minority Interests": -1530000.0,
        "Net Income Including Noncontrolling Interests": 6602000.0,
        "Net Income Continuous Operations": 6602000.0,
        "Tax Provision": 5208000.0,
        "Pretax Income": 11810000.0,
        "Other Income Expense": 283000.0,
        "Other Non Operating Income Expenses": 2986000.0,
        "Special Income Charges": NaN,
        "Gain On Sale Of Ppe": NaN,
        "Restructuring And Mergern Acquisition": NaN,
        "Gain On Sale Of Security": -775000.0,
        "Net Non Operating Interest Income Expense": -131000.0,
        "Interest Expense Non Operating": 813000.0,
        "Interest Income Non Operating": NaN,
        "Operating Income": 11658000.0,
        "Operating Expense": 9271000.0,
        "Other Operating Expenses": -725000.0,
        "Other Taxes": NaN,
        "Selling General And Administration": 7519000.0,
        "General And Administrative Expense": 7519000.0,
        "Other Gand A": -4380000.0,
        "Insurance And Claims": NaN,
        "Salaries And Wages": 10992000.0,
        "Gross Profit": 20929000.0,
        "Cost Of Revenue": 26586000.0,
        "Total Revenue": 47515000.0,
        "Operating Revenue": 47515000.0
    },
    "2025-06-30": {
        "Tax Effect Of Unusual Items": 2439141.139766,
        "Tax Rate For Calcs": 0.324613,
        "Normalized EBITDA": 28025000.0,
        "Total Unusual Items": 7514000.0,
        "Total Unusual Items Excluding Goodwill": 7514000.0,
        "Net Income From Continuing Operation Net Minority Interest": 20487000.0,
        "Reconciled Depreciation": NaN,
        "Reconciled Cost Of Revenue": 31503000.0,
        "EBITDA": 35539000.0,
        "EBIT": 35539000.0,
        "Net Interest Income": -481000.0,
        "Interest Expense": 602000.0,
        "Interest Income": 121000.0,
        "Normalized Income": 15412141.139766,
        "Net Income From Continuing And Discontinued Operation": 20487000.0,
        "Total Expenses": 36302000.0,
        "Total Operating Income As Reported": 35418000.0,
        "Diluted Average Shares": 19327358.0,
        "Basic Average Shares": 19327358.0,
        "Diluted EPS": 1.06,
        "Basic EPS": 1.06,
        "Diluted NI Availto Com Stockholders": 20487000.0,
        "Net Income Common Stockholders": 20487000.0,
        "Net Income": 20487000.0,
        "Minority Interests": -3109000.0,
        "Net Income Including Noncontrolling Interests": 23596000.0,
        "Net Income Continuous Operations": 23596000.0,
        "Tax Provision": 11341000.0,
        "Pretax Income": 34937000.0,
        "Other Income Expense": 6411000.0,
        "Other Non Operating Income Expenses": -1103000.0,
        "Special Income Charges": 8540000.0,
        "Gain On Sale Of Ppe": 8540000.0,
        "Restructuring And Mergern Acquisition": NaN,
        "Gain On Sale Of Security": -1026000.0,
        "Net Non Operating Interest Income Expense": -481000.0,
        "Interest Expense Non Operating": 602000.0,
        "Interest Income Non Operating": 121000.0,
        "Operating Income": 29007000.0,
        "Operating Expense": 4799000.0,
        "Other Operating Expenses": -75000.0,
        "Other Taxes": NaN,
        "Selling General And Administration": 4874000.0,
        "General And Administrative Expense": 4874000.0,
        "Other Gand A": 4363000.0,
        "Insurance And Claims": NaN,
        "Salaries And Wages": 511000.0,
        "Gross Profit": 33806000.0,
        "Cost Of Revenue": 31503000.0,
        "Total Revenue": 65309000.0,
        "Operating Revenue": 65309000.0
    }
}