{
    "2023-06-30": {
        "Tax Effect Of Unusual Items": NaN,
        "Tax Rate For Calcs": NaN,
        "Normalized EBITDA": NaN,
        "Total Unusual Items": NaN,
        "Total Unusual Items Excluding Goodwill": NaN,
        "Net Income From Continuing Operation Net Minority Interest": NaN,
        "Reconciled Depreciation": NaN,
        "Reconciled Cost Of Revenue": NaN,
        "EBITDA": NaN,
        "EBIT": NaN,
        "Net Interest Income": NaN,
        "Interest Expense": NaN,
        "Normalized Income": NaN,
        "Net Income From Continuing And Discontinued Operation": NaN,
        "Total Expenses": NaN,
        "Total Operating Income As Reported": NaN,
        "Diluted Average Shares": NaN,
        "Basic Average Shares": NaN,
        "Diluted EPS": NaN,
        "Basic EPS": NaN,
        "Diluted NI Availto Com Stockholders": NaN,
        "Net Income Common Stockholders": NaN,
        "Net Income": NaN,
        "Minority Interests": NaN,
        "Net Income Including Noncontrolling Interests": NaN,
        "Net Income Continuous Operations": NaN,
        "Tax Provision": NaN,
        "Pretax Income": NaN,
        "Other Income Expense": NaN,
        "Other Non Operating Income Expenses": NaN,
        "Special Income Charges": NaN,
        "Impairment Of Capital Assets": NaN,
        "Earnings From Equity Interest": NaN,
        "Gain On Sale Of Security": NaN,
        "Net Non Operating Interest Income Expense": NaN,
        "Interest Expense Non Operating": NaN,
        "Operating Income": NaN,
        "Operating Expense": NaN,
        "Other Operating Expenses": NaN,
        "Depreciation Amortization Depletion Income Statement": NaN,
        "Depreciation And Amortization In Income Statement": NaN,
        "Amortization": NaN,
        "Amortization Of Intangibles Income Statement": NaN,
        "Depreciation Income Statement": NaN,
        "Selling General And Administration": NaN,
        "Selling And Marketing Expense": NaN,
        "General And Administrative Expense": 9317000000.0,
        "Other Gand A": 9317000000.0,
        "Gross Profit": NaN,
        "Cost Of Revenue": NaN,
        "Total Revenue": NaN,
        "Operating Revenue": NaN
    },
    "2023-03-31": {
        "Tax Effect Of Unusual Items": NaN,
        "Tax Rate For Calcs": NaN,
        "Normalized EBITDA": NaN,
        "Total Unusual Items": NaN,
        "Total Unusual Items Excluding Goodwill": NaN,
        "Net Income From Continuing Operation Net Minority Interest": NaN,
        "Reconciled Depreciation": NaN,
        "Reconciled Cost Of Revenue": NaN,
        "EBITDA": NaN,
        "EBIT": NaN,
        "Net Interest Income": NaN,
        "Interest Expense": NaN,
        "Normalized Income": NaN,
        "Net Income From Continuing And Discontinued Operation": NaN,
        "Total Expenses": NaN,
        "Total Operating Income As Reported": NaN,
        "Diluted Average Shares": NaN,
        "Basic Average Shares": NaN,
        "Diluted EPS": NaN,
        "Basic EPS": NaN,
        "Diluted NI Availto Com Stockholders": NaN,
        "Net Income Common Stockholders": NaN,
        "Net Income": NaN,
        "Minority Interests": NaN,
        "Net Income Including Noncontrolling Interests": NaN,
        "Net Income Continuous Operations": NaN,
        "Tax Provision": NaN,
        "Pretax Income": NaN,
        "Other Income Expense": NaN,
        "Other Non Operating Income Expenses": NaN,
        "Special Income Charges": NaN,
        "Impairment Of Capital Assets": NaN,
        "Earnings From Equity Interest": NaN,
        "Gain On Sale Of Security": NaN,
        "Net Non Operating Interest Income Expense": NaN,
        "Interest Expense Non Operating": NaN,
        "Operating Income": NaN,
        "Operating Expense": NaN,
        "Other Operating Expenses": 9301000000.0,
        "Depreciation Amortization Depletion Income Statement": NaN,
        "Depreciation And Amortization In Income Statement": NaN,
        "Amortization": NaN,
        "Amortization Of Intangibles Income Statement": NaN,
        "Depreciation Income Statement": NaN,
        "Selling General And Administration": NaN,
        "Selling And Marketing Expense": NaN,
        "General And Administrative Expense": NaN,
        "Other Gand A": NaN,
        "Gross Profit": NaN,
        "Cost Of Revenue": NaN,
        "Total Revenue": NaN,
        "Operating Revenue": NaN
    },
    "2022-12-31": {
        "Tax Effect Of Unusual Items": NaN,
        "Tax Rate For Calcs": NaN,
        "Normalized EBITDA": NaN,
        "Total Unusual Items": NaN,
        "Total Unusual Items Excluding Goodwill": NaN,
        "Net Income From Continuing Operation Net Minority Interest": NaN,
        "Reconciled Depreciation": NaN,
        "Reconciled Cost Of Revenue": NaN,
        "EBITDA": NaN,
        "EBIT": NaN,
        "Net Interest Income": NaN,
        "Interest Expense": NaN,
        "Normalized Income": NaN,
        "Net Income From Continuing And Discontinued Operation": NaN,
        "Total Expenses": NaN,
        "Total Operating Income As Reported": NaN,
        "Diluted Average Shares": NaN,
        "Basic Average Shares": NaN,
        "Diluted EPS": NaN,
        "Basic EPS": NaN,
        "Diluted NI Availto Com Stockholders": NaN,
        "Net Income Common Stockholders": NaN,
        "Net Income": NaN,
        "Minority Interests": NaN,
        "Net Income Including Noncontrolling Interests": NaN,
        "Net Income Continuous Operations": NaN,
        "Tax Provision": NaN,
        "Pretax Income": NaN,
        "Other Income Expense": NaN,
        "Other Non Operating Income Expenses": NaN,
        "Special Income Charges": 0.0,
        "Impairment Of Capital Assets": 0.0,
        "Earnings From Equity Interest": NaN,
        "Gain On Sale Of Security": NaN,
        "Net Non Operating Interest Income Expense": NaN,
        "Interest Expense Non Operating": NaN,
        "Operating Income": NaN,
        "Operating Expense": NaN,
        "Other Operating Expenses": 10562000000.0,
        "Depreciation Amortization Depletion Income Statement": NaN,
        "Depreciation And Amortization In Income Statement": NaN,
        "Amortization": NaN,
        "Amortization Of Intangibles Income Statement": NaN,
        "Depreciation Income Statement": NaN,
        "Selling General And Administration": NaN,
        "Selling And Marketing Expense": NaN,
        "General And Administrative Expense": NaN,
        "Other Gand A": NaN,
        "Gross Profit": NaN,
        "Cost Of Revenue": NaN,
        "Total Revenue": NaN,
        "Operating Revenue": NaN
    },
    "2022-09-30": {
        "Tax Effect Of Unusual Items": NaN,
        "Tax Rate For Calcs": NaN,
        "Normalized EBITDA": NaN,
        "Total Unusual Items": NaN,
        "Total Unusual Items Excluding Goodwill": NaN,
        "Net Income From Continuing Operation Net Minority Interest": NaN,
        "Reconciled Depreciation": NaN,
        "Reconciled Cost Of Revenue": NaN,
        "EBITDA": NaN,
        "EBIT": NaN,
        "Net Interest Income": NaN,
        "Interest Expense": NaN,
        "Normalized Income": NaN,
        "Net Income From Continuing And Discontinued Operation": NaN,
        "Total Expenses": NaN,
        "Total Operating Income As Reported": NaN,
        "Diluted Average Shares": NaN,
        "Basic Average Shares": NaN,
        "Diluted EPS": NaN,
        "Basic EPS": NaN,
        "Diluted NI Availto Com Stockholders": NaN,
        "Net Income Common Stockholders": NaN,
        "Net Income": NaN,
        "Minority Interests": NaN,
        "Net Income Including Noncontrolling Interests": NaN,
        "Net Income Continuous Operations": NaN,
        "Tax Provision": NaN,
        "Pretax Income": NaN,
        "Other Income Expense": NaN,
        "Other Non Operating Income Expenses": NaN,
        "Special Income Charges": -8583000000.0,
        "Impairment Of Capital Assets": 8583000000.0,
        "Earnings From Equity Interest": NaN,
        "Gain On Sale Of Security": NaN,
        "Net Non Operating Interest Income Expense": NaN,
        "Interest Expense Non Operating": NaN,
        "Operating Income": NaN,
        "Operating Expense": NaN,
        "Other Operating Expenses": 9344000000.0,
        "Depreciation Amortization Depletion Income Statement": NaN,
        "Depreciation And Amortization In Income Statement": NaN,
        "Amortization": NaN,
        "Amortization Of Intangibles Income Statement": NaN,
        "Depreciation Income Statement": NaN,
        "Selling General And Administration": NaN,
        "Selling And Marketing Expense": NaN,
        "General And Administrative Expense": NaN,
        "Other Gand A": NaN,
        "Gross Profit": NaN,
        "Cost Of Revenue": NaN,
        "Total Revenue": NaN,
        "Operating Revenue": NaN
    },
    "2022-06-30": {
        "Tax Effect Of Unusual Items": -89911372.723234,
        "Tax Rate For Calcs": 0.280098,
        "Normalized EBITDA": 9259000000.0,
        "Total Unusual Items": -321000000.0,
        "Total Unusual Items Excluding Goodwill": -321000000.0,
        "Net Income From Continuing Operation Net Minority Interest": 3396000000.0,
        "Reconciled Depreciation": 3468000000.0,
        "Reconciled Cost Of Revenue": 8888000000.0,
        "EBITDA": 8938000000.0,
        "EBIT": 5470000000.0,
        "Net Interest Income": -968000000.0,
        "Interest Expense": 968000000.0,
        "Normalized Income": 3627088627.276766,
        "Net Income From Continuing And Discontinued Operation": 3396000000.0,
        "Total Expenses": 23650000000.0,
        "Total Operating Income As Reported": 6367000000.0,
        "Diluted Average Shares": 4482000000.0,
        "Basic Average Shares": 4457000000.0,
        "Diluted EPS": 0.76,
        "Basic EPS": 0.76,
        "Diluted NI Availto Com Stockholders": 3396000000.0,
        "Net Income Common Stockholders": 3396000000.0,
        "Net Income": 3396000000.0,
        "Minority Interests": 155000000.0,
        "Net Income Including Noncontrolling Interests": 3241000000.0,
        "Net Income Continuous Operations": 3241000000.0,
        "Tax Provision": 1261000000.0,
        "Pretax Income": 4502000000.0,
        "Other Income Expense": -896000000.0,
        "Other Non Operating Income Expenses": -162000000.0,
        "Special Income Charges": NaN,
        "Impairment Of Capital Assets": NaN,
        "Earnings From Equity Interest": -413000000.0,
        "Gain On Sale Of Security": -321000000.0,
        "Net Non Operating Interest Income Expense": -968000000.0,
        "Interest Expense Non Operating": 968000000.0,
        "Operating Income": 6366000000.0,
        "Operating Expense": 14762000000.0,
        "Other Operating Expenses": 9098000000.0,
        "Depreciation Amortization Depletion Income Statement": 3468000000.0,
        "Depreciation And Amortization In Income Statement": 3468000000.0,
        "Amortization": 1306000000.0,
        "Amortization Of Intangibles Income Statement": 1306000000.0,
        "Depreciation Income Statement": 2162000000.0,
        "Selling General And Administration": 2196000000.0,
        "Selling And Marketing Expense": 2196000000.0,
        "Gross Profit": 21128000000.0,
        "Cost Of Revenue": 8888000000.0,
        "Total Revenue": 30016000000.0,
        "Operating Revenue": 30016000000.0
    },
    "2022-03-31": {
        "Diluted EPS": 0.78,
        "Total Revenue": NaN,
        "Gross Profit": NaN,
        "Operating Income": NaN,
        "EBIT": NaN,
        "Net Income": NaN
    },
    "2021-12-31": {
        "Diluted EPS": 0.67,
        "Total Revenue": NaN,
        "Gross Profit": NaN,
        "Operating Income": NaN,
        "EBIT": NaN,
        "Net Income": NaN
    },
    "2021-09-30": {
        "Diluted EPS": 0.86,
        "Total Revenue": NaN,
        "Gross Profit": NaN,
        "Operating Income": NaN,
        "EBIT": NaN,
        "Net Income": NaN
    },
    "2021-06-30": {
        "Diluted EPS": 0.8,
        "Total Revenue": NaN,
        "Gross Profit": NaN,
        "Operating Income": NaN,
        "EBIT": NaN,
        "Net Income": NaN
    },
    "2021-03-31": {
        "Diluted EPS": 0.71,
        "Total Revenue": NaN,
        "Gross Profit": NaN,
        "Operating Income": NaN,
        "EBIT": NaN,
        "Net Income": NaN
    },
    "2020-12-31": {
        "Diluted EPS": 0.73,
        "Total Revenue": NaN,
        "Gross Profit": NaN,
        "Operating Income": NaN,
        "EBIT": NaN,
        "Net Income": NaN
    },
    "2020-09-30": {
        "Diluted EPS": 0.44,
        "Total Revenue": NaN,
        "Gross Profit": NaN,
        "Operating Income": NaN,
        "EBIT": NaN,
        "Net Income": NaN
    },
    "2020-06-30": {
        "Diluted EPS": 0.65,
        "Total Revenue": NaN,
        "Gross Profit": NaN,
        "Operating Income": NaN,
        "EBIT": NaN,
        "Net Income": NaN
    },
    "2020-03-31": {
        "Diluted EPS": 0.46,
        "Total Revenue": NaN,
        "Gross Profit": NaN,
        "Operating Income": NaN,
        "EBIT": NaN,
        "Net Income": NaN
    },
    "2019-12-31": {
        "Diluted EPS": 0.68,
        "Total Revenue": NaN,
        "Gross Profit": NaN,
        "Operating Income": NaN,
        "EBIT": NaN,
        "Net Income": NaN
    },
    "2019-09-30": {
        "Diluted EPS": 0.7,
        "Total Revenue": NaN,
        "Gross Profit": NaN,
        "Operating Income": NaN,
        "EBIT": NaN,
        "Net Income": NaN
    },
    "2019-06-30": {
        "Diluted EPS": 0.68,
        "Total Revenue": NaN,
        "Gross Profit": NaN,
        "Operating Income": NaN,
        "EBIT": NaN,
        "Net Income": NaN
    },
    "2019-03-31": {
        "Diluted EPS": 0.77,
        "Total Revenue": NaN,
        "Gross Profit": NaN,
        "Operating Income": NaN,
        "EBIT": NaN,
        "Net Income": NaN
    },
    "2018-12-31": {
        "Diluted EPS": 0.56,
        "Total Revenue": NaN,
        "Gross Profit": NaN,
        "Operating Income": NaN,
        "EBIT": NaN,
        "Net Income": NaN
    },
    "2018-09-30": {
        "Diluted EPS": 0.62,
        "Total Revenue": NaN,
        "Gross Profit": NaN,
        "Operating Income": NaN,
        "EBIT": NaN,
        "Net Income": NaN
    },
    "2018-06-30": {
        "Diluted EPS": 0.69,
        "Total Revenue": NaN,
        "Gross Profit": NaN,
        "Operating Income": NaN,
        "EBIT": NaN,
        "Net Income": NaN
    },
    "2018-03-31": {
        "Diluted EPS": 0.66,
        "Total Revenue": NaN,
        "Gross Profit": NaN,
        "Operating Income": NaN,
        "EBIT": NaN,
        "Net Income": NaN
    },
    "2017-12-31": {
        "Diluted EPS": 3.15,
        "Total Revenue": NaN,
        "Gross Profit": NaN,
        "Operating Income": NaN,
        "EBIT": NaN,
        "Net Income": NaN
    },
    "2017-09-30": {
        "Diluted EPS": 0.55,
        "Total Revenue": NaN,
        "Gross Profit": NaN,
        "Operating Income": NaN,
        "EBIT": NaN,
        "Net Income": NaN
    },
    "2017-06-30": {
        "Diluted EPS": 0.52,
        "Total Revenue": NaN,
        "Gross Profit": NaN,
        "Operating Income": NaN,
        "EBIT": NaN,
        "Net Income": NaN
    },
    "2017-03-31": {
        "Diluted EPS": 0.53,
        "Total Revenue": NaN,
        "Gross Profit": NaN,
        "Operating Income": NaN,
        "EBIT": NaN,
        "Net Income": NaN
    },
    "2016-12-31": {
        "Diluted EPS": 0.48,
        "Total Revenue": NaN,
        "Gross Profit": NaN,
        "Operating Income": NaN,
        "EBIT": NaN,
        "Net Income": NaN
    },
    "2016-09-30": {
        "Diluted EPS": 0.46,
        "Total Revenue": NaN,
        "Gross Profit": NaN,
        "Operating Income": NaN,
        "EBIT": NaN,
        "Net Income": NaN
    },
    "2016-06-30": {
        "Diluted EPS": 0.41,
        "Total Revenue": NaN,
        "Gross Profit": NaN,
        "Operating Income": NaN,
        "EBIT": NaN,
        "Net Income": NaN
    },
    "2016-03-31": {
        "Diluted EPS": 0.43,
        "Total Revenue": NaN,
        "Gross Profit": NaN,
        "Operating Income": NaN,
        "EBIT": NaN,
        "Net Income": NaN
    },
    "2015-12-31": {
        "Diluted EPS": 0.4,
        "Total Revenue": NaN,
        "Gross Profit": NaN,
        "Operating Income": NaN,
        "EBIT": NaN,
        "Net Income": NaN
    },
    "2015-09-30": {
        "Diluted EPS": 0.4,
        "Total Revenue": NaN,
        "Gross Profit": NaN,
        "Operating Income": NaN,
        "EBIT": NaN,
        "Net Income": NaN
    },
    "2015-06-30": {
        "Diluted EPS": 0.42,
        "Total Revenue": NaN,
        "Gross Profit": NaN,
        "Operating Income": NaN,
        "EBIT": NaN,
        "Net Income": NaN
    },
    "2015-03-31": {
        "Diluted EPS": 0.41,
        "Total Revenue": NaN,
        "Gross Profit": NaN,
        "Operating Income": NaN,
        "EBIT": NaN,
        "Net Income": NaN
    },
    "2014-12-31": {
        "Diluted EPS": 0.37,
        "Total Revenue": NaN,
        "Gross Profit": NaN,
        "Operating Income": NaN,
        "EBIT": NaN,
        "Net Income": NaN
    },
    "2014-09-30": {
        "Diluted EPS": 0.5,
        "Total Revenue": NaN,
        "Gross Profit": NaN,
        "Operating Income": NaN,
        "EBIT": NaN,
        "Net Income": NaN
    },
    "2014-06-30": {
        "Diluted EPS": 0.38,
        "Total Revenue": NaN,
        "Gross Profit": NaN,
        "Operating Income": NaN,
        "EBIT": NaN,
        "Net Income": NaN
    },
    "2014-03-31": {
        "Diluted EPS": 0.36,
        "Total Revenue": NaN,
        "Gross Profit": NaN,
        "Operating Income": NaN,
        "EBIT": NaN,
        "Net Income": NaN
    },
    "2013-12-31": {
        "Diluted EPS": 0.36,
        "Total Revenue": NaN,
        "Gross Profit": NaN,
        "Operating Income": NaN,
        "EBIT": NaN,
        "Net Income": NaN
    },
    "2013-09-30": {
        "Diluted EPS": 0.33,
        "Total Revenue": NaN,
        "Gross Profit": NaN,
        "Operating Income": NaN,
        "EBIT": NaN,
        "Net Income": NaN
    },
    "2013-06-30": {
        "Diluted EPS": 0.33,
        "Total Revenue": NaN,
        "Gross Profit": NaN,
        "Operating Income": NaN,
        "EBIT": NaN,
        "Net Income": NaN
    },
    "2013-03-31": {
        "Diluted EPS": 0.27,
        "Total Revenue": NaN,
        "Gross Profit": NaN,
        "Operating Income": NaN,
        "EBIT": NaN,
        "Net Income": NaN
    },
    "2012-12-31": {
        "Diluted EPS": 0.28,
        "Total Revenue": NaN,
        "Gross Profit": NaN,
        "Operating Income": NaN,
        "EBIT": NaN,
        "Net Income": NaN
    },
    "2012-09-30": {
        "Diluted EPS": 0.39,
        "Total Revenue": NaN,
        "Gross Profit": NaN,
        "Operating Income": NaN,
        "EBIT": NaN,
        "Net Income": NaN
    },
    "2012-06-30": {
        "Diluted EPS": 0.25,
        "Total Revenue": NaN,
        "Gross Profit": NaN,
        "Operating Income": NaN,
        "EBIT": NaN,
        "Net Income": NaN
    },
    "2012-03-31": {
        "Diluted EPS": 0.23,
        "Total Revenue": NaN,
        "Gross Profit": NaN,
        "Operating Income": NaN,
        "EBIT": NaN,
        "Net Income": NaN
    },
    "2011-12-31": {
        "Diluted EPS": 0.23,
        "Total Revenue": NaN,
        "Gross Profit": NaN,
        "Operating Income": NaN,
        "EBIT": NaN,
        "Net Income": NaN
    },
    "2011-09-30": {
        "Diluted EPS": 0.17,
        "Total Revenue": NaN,
        "Gross Profit": NaN,
        "Operating Income": NaN,
        "EBIT": NaN,
        "Net Income": 908
    },
    "2011-06-30": {
        "Diluted EPS": 0.19,
        "Total Revenue": NaN,
        "Gross Profit": NaN,
        "Operating Income": NaN,
        "EBIT": NaN,
        "Net Income": NaN
    },
    "2011-03-31": {
        "Diluted EPS": 0.17,
        "Total Revenue": NaN,
        "Gross Profit": NaN,
        "Operating Income": NaN,
        "EBIT": NaN,
        "Net Income": 943
    },
    "2010-12-31": {
        "Diluted EPS": 0.18,
        "Total Revenue": NaN,
        "Gross Profit": NaN,
        "Operating Income": NaN,
        "EBIT": NaN,
        "Net Income": NaN
    },
    "2010-09-30": {
        "Diluted EPS": 0.16,
        "Total Revenue": NaN,
        "Gross Profit": NaN,
        "Operating Income": NaN,
        "EBIT": NaN,
        "Net Income": 867
    },
    "2010-06-30": {
        "Diluted EPS": 0.16,
        "Total Revenue": NaN,
        "Gross Profit": NaN,
        "Operating Income": NaN,
        "EBIT": NaN,
        "Net Income": 884
    },
    "2010-03-31": {
        "Diluted EPS": 0.16,
        "Total Revenue": NaN,
        "Gross Profit": NaN,
        "Operating Income": NaN,
        "EBIT": NaN,
        "Net Income": 866
    },
    "2009-12-31": {
        "Diluted EPS": 0.17,
        "Total Revenue": NaN,
        "Gross Profit": NaN,
        "Operating Income": NaN,
        "EBIT": NaN,
        "Net Income": 955
    },
    "2009-09-30": {
        "Diluted EPS": 0.17,
        "Total Revenue": NaN,
        "Gross Profit": NaN,
        "Operating Income": NaN,
        "EBIT": NaN,
        "Net Income": 944
    },
    "2009-06-30": {
        "Diluted EPS": 0.17,
        "Total Revenue": NaN,
        "Gross Profit": NaN,
        "Operating Income": NaN,
        "EBIT": NaN,
        "Net Income": 967
    },
    "2009-03-31": {
        "Diluted EPS": 0.14,
        "Total Revenue": NaN,
        "Gross Profit": NaN,
        "Operating Income": NaN,
        "EBIT": NaN,
        "Net Income": 772
    },
    "2023-09-30": {
        "Tax Effect Of Unusual Items": NaN,
        "Tax Rate For Calcs": NaN,
        "Normalized EBITDA": NaN,
        "Total Unusual Items": NaN,
        "Total Unusual Items Excluding Goodwill": NaN,
        "Net Income From Continuing Operation Net Minority Interest": NaN,
        "Reconciled Depreciation": NaN,
        "Reconciled Cost Of Revenue": NaN,
        "EBITDA": NaN,
        "EBIT": NaN,
        "Net Interest Income": NaN,
        "Interest Expense": NaN,
        "Normalized Income": NaN,
        "Net Income From Continuing And Discontinued Operation": NaN,
        "Total Expenses": NaN,
        "Total Operating Income As Reported": NaN,
        "Diluted Average Shares": NaN,
        "Basic Average Shares": NaN,
        "Diluted EPS": NaN,
        "Basic EPS": NaN,
        "Diluted NI Availto Com Stockholders": NaN,
        "Net Income Common Stockholders": NaN,
        "Net Income": NaN,
        "Minority Interests": NaN,
        "Net Income Including Noncontrolling Interests": NaN,
        "Net Income Continuous Operations": NaN,
        "Tax Provision": NaN,
        "Pretax Income": NaN,
        "Other Income Expense": NaN,
        "Other Non Operating Income Expenses": NaN,
        "Special Income Charges": 0.0,
        "Impairment Of Capital Assets": 0.0,
        "Earnings From Equity Interest": NaN,
        "Gain On Sale Of Security": NaN,
        "Net Non Operating Interest Income Expense": NaN,
        "Interest Expense Non Operating": NaN,
        "Operating Income": NaN,
        "Operating Expense": NaN,
        "Other Operating Expenses": NaN,
        "Depreciation Amortization Depletion Income Statement": NaN,
        "Depreciation And Amortization In Income Statement": NaN,
        "Amortization": NaN,
        "Amortization Of Intangibles Income Statement": NaN,
        "Depreciation Income Statement": NaN,
        "Selling General And Administration": NaN,
        "Selling And Marketing Expense": NaN,
        "General And Administrative Expense": 9629000000.0,
        "Other Gand A": 9629000000.0,
        "Gross Profit": NaN,
        "Cost Of Revenue": NaN,
        "Total Revenue": NaN,
        "Operating Revenue": NaN
    },
    "2023-12-31": {
        "Tax Effect Of Unusual Items": NaN,
        "Tax Rate For Calcs": NaN,
        "Normalized EBITDA": NaN,
        "Total Unusual Items": NaN,
        "Total Unusual Items Excluding Goodwill": NaN,
        "Net Income From Continuing Operation Net Minority Interest": NaN,
        "Reconciled Depreciation": NaN,
        "Reconciled Cost Of Revenue": NaN,
        "EBITDA": NaN,
        "EBIT": NaN,
        "Net Interest Income": NaN,
        "Interest Expense": NaN,
        "Normalized Income": NaN,
        "Net Income From Continuing And Discontinued Operation": NaN,
        "Total Expenses": NaN,
        "Total Operating Income As Reported": NaN,
        "Diluted Average Shares": NaN,
        "Basic Average Shares": NaN,
        "Diluted EPS": NaN,
        "Basic EPS": NaN,
        "Diluted NI Availto Com Stockholders": NaN,
        "Net Income Common Stockholders": NaN,
        "Net Income": NaN,
        "Minority Interests": NaN,
        "Net Income Including Noncontrolling Interests": NaN,
        "Net Income Continuous Operations": NaN,
        "Tax Provision": NaN,
        "Pretax Income": NaN,
        "Other Income Expense": NaN,
        "Other Non Operating Income Expenses": NaN,
        "Special Income Charges": 0.0,
        "Impairment Of Capital Assets": 0.0,
        "Earnings From Equity Interest": NaN,
        "Gain On Sale Of Security": NaN,
        "Net Non Operating Interest Income Expense": NaN,
        "Interest Expense Non Operating": NaN,
        "Operating Income": NaN,
        "Operating Expense": NaN,
        "Other Operating Expenses": NaN,
        "Depreciation Amortization Depletion Income Statement": NaN,
        "Depreciation And Amortization In Income Statement": NaN,
        "Amortization": NaN,
        "Amortization Of Intangibles Income Statement": NaN,
        "Depreciation Income Statement": NaN,
        "Selling General And Administration": NaN,
        "Selling And Marketing Expense": NaN,
        "General And Administrative Expense": 10943000000.0,
        "Other Gand A": 10943000000.0,
        "Gross Profit": NaN,
        "Cost Of Revenue": NaN,
        "Total Revenue": NaN,
        "Operating Revenue": NaN
    },
    "2024-03-31": {
        "Tax Effect Of Unusual Items": NaN,
        "Tax Rate For Calcs": NaN,
        "Normalized EBITDA": NaN,
        "Total Unusual Items": NaN,
        "Total Unusual Items Excluding Goodwill": NaN,
        "Net Income From Continuing Operation Net Minority Interest": NaN,
        "Reconciled Depreciation": NaN,
        "Reconciled Cost Of Revenue": NaN,
        "EBITDA": NaN,
        "EBIT": NaN,
        "Net Interest Income": NaN,
        "Interest Expense": NaN,
        "Normalized Income": NaN,
        "Net Income From Continuing And Discontinued Operation": NaN,
        "Total Expenses": NaN,
        "Total Operating Income As Reported": NaN,
        "Diluted Average Shares": NaN,
        "Basic Average Shares": NaN,
        "Diluted EPS": NaN,
        "Basic EPS": NaN,
        "Diluted NI Availto Com Stockholders": NaN,
        "Net Income Common Stockholders": NaN,
        "Net Income": NaN,
        "Minority Interests": NaN,
        "Net Income Including Noncontrolling Interests": NaN,
        "Net Income Continuous Operations": NaN,
        "Tax Provision": NaN,
        "Pretax Income": NaN,
        "Other Income Expense": NaN,
        "Other Non Operating Income Expenses": NaN,
        "Earnings From Equity Interest": NaN,
        "Gain On Sale Of Security": NaN,
        "Net Non Operating Interest Income Expense": NaN,
        "Interest Expense Non Operating": NaN,
        "Operating Income": NaN,
        "Operating Expense": NaN,
        "Other Operating Expenses": NaN,
        "Depreciation Amortization Depletion Income Statement": NaN,
        "Depreciation And Amortization In Income Statement": NaN,
        "Amortization": NaN,
        "Amortization Of Intangibles Income Statement": NaN,
        "Depreciation Income Statement": NaN,
        "Selling General And Administration": NaN,
        "Selling And Marketing Expense": NaN,
        "General And Administrative Expense": 9857000000.0,
        "Other Gand A": 9857000000.0,
        "Gross Profit": NaN,
        "Cost Of Revenue": NaN,
        "Total Revenue": NaN,
        "Operating Revenue": NaN
    },
    "2024-06-30": {
        "Tax Effect Of Unusual Items": NaN,
        "Tax Rate For Calcs": NaN,
        "Normalized EBITDA": NaN,
        "Total Unusual Items": NaN,
        "Total Unusual Items Excluding Goodwill": NaN,
        "Net Income From Continuing Operation Net Minority Interest": NaN,
        "Reconciled Depreciation": NaN,
        "Reconciled Cost Of Revenue": NaN,
        "EBITDA": NaN,
        "EBIT": NaN,
        "Net Interest Income": NaN,
        "Interest Expense": NaN,
        "Normalized Income": NaN,
        "Net Income From Continuing And Discontinued Operation": NaN,
        "Total Expenses": NaN,
        "Total Operating Income As Reported": NaN,
        "Diluted Average Shares": NaN,
        "Basic Average Shares": NaN,
        "Diluted EPS": NaN,
        "Basic EPS": NaN,
        "Diluted NI Availto Com Stockholders": NaN,
        "Net Income Common Stockholders": NaN,
        "Net Income": NaN,
        "Minority Interests": NaN,
        "Net Income Including Noncontrolling Interests": NaN,
        "Net Income Continuous Operations": NaN,
        "Tax Provision": NaN,
        "Pretax Income": NaN,
        "Other Income Expense": NaN,
        "Other Non Operating Income Expenses": 99000000.0,
        "Earnings From Equity Interest": NaN,
        "Gain On Sale Of Security": NaN,
        "Net Non Operating Interest Income Expense": NaN,
        "Interest Expense Non Operating": NaN,
        "Operating Income": NaN,
        "Operating Expense": NaN,
        "Other Operating Expenses": NaN,
        "Depreciation Amortization Depletion Income Statement": NaN,
        "Depreciation And Amortization In Income Statement": NaN,
        "Amortization": NaN,
        "Amortization Of Intangibles Income Statement": NaN,
        "Depreciation Income Statement": NaN,
        "Selling General And Administration": NaN,
        "Selling And Marketing Expense": NaN,
        "General And Administrative Expense": 9630000000.0,
        "Other Gand A": 9630000000.0,
        "Gross Profit": NaN,
        "Cost Of Revenue": NaN,
        "Total Revenue": NaN,
        "Operating Revenue": NaN
    },
    "2024-09-30": {
        "Tax Effect Of Unusual Items": NaN,
        "Tax Rate For Calcs": NaN,
        "Normalized EBITDA": NaN,
        "Total Unusual Items": NaN,
        "Total Unusual Items Excluding Goodwill": NaN,
        "Net Income From Continuing Operation Net Minority Interest": NaN,
        "Reconciled Depreciation": NaN,
        "Reconciled Cost Of Revenue": NaN,
        "EBITDA": NaN,
        "EBIT": NaN,
        "Net Interest Income": NaN,
        "Interest Expense": NaN,
        "Normalized Income": NaN,
        "Net Income From Continuing And Discontinued Operation": NaN,
        "Total Expenses": NaN,
        "Total Operating Income As Reported": NaN,
        "Diluted Average Shares": NaN,
        "Basic Average Shares": NaN,
        "Diluted EPS": NaN,
        "Basic EPS": NaN,
        "Diluted NI Availto Com Stockholders": NaN,
        "Net Income Common Stockholders": NaN,
        "Net Income": NaN,
        "Minority Interests": NaN,
        "Net Income Including Noncontrolling Interests": NaN,
        "Net Income Continuous Operations": NaN,
        "Tax Provision": NaN,
        "Pretax Income": NaN,
        "Other Income Expense": NaN,
        "Other Non Operating Income Expenses": 171000000.0,
        "Earnings From Equity Interest": NaN,
        "Gain On Sale Of Security": NaN,
        "Net Non Operating Interest Income Expense": NaN,
        "Interest Expense Non Operating": NaN,
        "Operating Income": NaN,
        "Operating Expense": NaN,
        "Other Operating Expenses": NaN,
        "Depreciation Amortization Depletion Income Statement": NaN,
        "Depreciation And Amortization In Income Statement": NaN,
        "Amortization": NaN,
        "Amortization Of Intangibles Income Statement": NaN,
        "Depreciation Income Statement": NaN,
        "Selling General And Administration": NaN,
        "Selling And Marketing Expense": NaN,
        "General And Administrative Expense": NaN,
        "Other Gand A": NaN,
        "Gross Profit": NaN,
        "Cost Of Revenue": NaN,
        "Total Revenue": NaN,
        "Operating Revenue": NaN
    },
    "2024-12-31": {
        "Tax Effect Of Unusual Items": -31500000.0,
        "Tax Rate For Calcs": 0.21,
        "Normalized EBITDA": 8626000000.0,
        "Total Unusual Items": -150000000.0,
        "Total Unusual Items Excluding Goodwill": -150000000.0,
        "Net Income From Continuing Operation Net Minority Interest": 4777000000.0,
        "Reconciled Depreciation": 3833000000.0,
        "Reconciled Cost Of Revenue": 10025000000.0,
        "EBITDA": 8476000000.0,
        "EBIT": 4643000000.0,
        "Net Interest Income": -1069000000.0,
        "Interest Expense": 1069000000.0,
        "Normalized Income": 4895500000.0,
        "Net Income From Continuing And Discontinued Operation": 4777000000.0,
        "Total Expenses": 26920000000.0,
        "Total Operating Income As Reported": 4993000000.0,
        "Diluted Average Shares": 3842000000.0,
        "Basic Average Shares": 3787746392.0,
        "Diluted EPS": 1.24,
        "Basic EPS": 1.261436,
        "Diluted NI Availto Com Stockholders": 4777000000.0,
        "Net Income Common Stockholders": 4777000000.0,
        "Net Income": 4777000000.0,
        "Minority Interests": 93000000.0,
        "Net Income Including Noncontrolling Interests": 4685000000.0,
        "Net Income Continuous Operations": 4684000000.0,
        "Tax Provision": -1110000000.0,
        "Pretax Income": 3574000000.0,
        "Other Income Expense": -351000000.0,
        "Other Non Operating Income Expenses": 41000000.0,
        "Earnings From Equity Interest": -242000000.0,
        "Gain On Sale Of Security": -150000000.0,
        "Net Non Operating Interest Income Expense": -1069000000.0,
        "Interest Expense Non Operating": 1069000000.0,
        "Operating Income": 4994000000.0,
        "Operating Expense": 16894000000.0,
        "Other Operating Expenses": 10918000000.0,
        "Depreciation Amortization Depletion Income Statement": 3832000000.0,
        "Depreciation And Amortization In Income Statement": 3832000000.0,
        "Amortization": 1651000000.0,
        "Amortization Of Intangibles Income Statement": 1651000000.0,
        "Depreciation Income Statement": 2181000000.0,
        "Selling General And Administration": 2144000000.0,
        "Selling And Marketing Expense": 2144000000.0,
        "General And Administrative Expense": NaN,
        "Other Gand A": NaN,
        "Gross Profit": 21888000000.0,
        "Cost Of Revenue": 10026000000.0,
        "Total Revenue": 31914000000.0,
        "Operating Revenue": 31914000000.0
    },
    "2025-03-31": {
        "Tax Effect Of Unusual Items": -6390026.714159,
        "Tax Rate For Calcs": 0.266251,
        "Normalized EBITDA": 9415000000.0,
        "Total Unusual Items": -24000000.0,
        "Total Unusual Items Excluding Goodwill": -24000000.0,
        "Net Income From Continuing Operation Net Minority Interest": 3375000000.0,
        "Reconciled Depreciation": 3849000000.0,
        "Reconciled Cost Of Revenue": 8415000000.0,
        "EBITDA": 9391000000.0,
        "EBIT": 5542000000.0,
        "Net Interest Income": -1050000000.0,
        "Interest Expense": 1050000000.0,
        "Normalized Income": 3392609973.285841,
        "Net Income From Continuing And Discontinued Operation": 3375000000.0,
        "Total Expenses": 24228000000.0,
        "Total Operating Income As Reported": 5658000000.0,
        "Diluted Average Shares": 3784000000.0,
        "Basic Average Shares": 3744297368.0,
        "Diluted EPS": 0.89,
        "Basic EPS": 0.901371,
        "Diluted NI Availto Com Stockholders": 3375000000.0,
        "Net Income Common Stockholders": 3375000000.0,
        "Net Income": 3375000000.0,
        "Minority Interests": 79000000.0,
        "Net Income Including Noncontrolling Interests": 3296000000.0,
        "Net Income Continuous Operations": 3296000000.0,
        "Tax Provision": 1196000000.0,
        "Pretax Income": 4492000000.0,
        "Other Income Expense": -116000000.0,
        "Other Non Operating Income Expenses": 102000000.0,
        "Earnings From Equity Interest": -194000000.0,
        "Gain On Sale Of Security": -24000000.0,
        "Net Non Operating Interest Income Expense": -1050000000.0,
        "Interest Expense Non Operating": 1050000000.0,
        "Operating Income": 5659000000.0,
        "Operating Expense": 15813000000.0,
        "Other Operating Expenses": 9893000000.0,
        "Depreciation Amortization Depletion Income Statement": 3849000000.0,
        "Depreciation And Amortization In Income Statement": 3849000000.0,
        "Amortization": 1618000000.0,
        "Amortization Of Intangibles Income Statement": 1618000000.0,
        "Depreciation Income Statement": 2231000000.0,
        "Selling General And Administration": 2071000000.0,
        "Selling And Marketing Expense": 2071000000.0,
        "General And Administrative Expense": NaN,
        "Other Gand A": NaN,
        "Gross Profit": 21472000000.0,
        "Cost Of Revenue": 8415000000.0,
        "Total Revenue": 29887000000.0,
        "Operating Revenue": 29887000000.0
    },
    "2025-06-30": {
        "Tax Effect Of Unusual Items": 33454495.801188,
        "Tax Rate For Calcs": 0.245989,
        "Normalized EBITDA": 19770000000.0,
        "Total Unusual Items": 136000000.0,
        "Total Unusual Items Excluding Goodwill": 136000000.0,
        "Net Income From Continuing Operation Net Minority Interest": 11123000000.0,
        "Reconciled Depreciation": 4154000000.0,
        "Reconciled Cost Of Revenue": 7576000000.0,
        "EBITDA": 19906000000.0,
        "EBIT": 15752000000.0,
        "Net Interest Income": -1105000000.0,
        "Interest Expense": 1105000000.0,
        "Normalized Income": 11020454495.801188,
        "Net Income From Continuing And Discontinued Operation": 11123000000.0,
        "Total Expenses": 24320000000.0,
        "Total Operating Income As Reported": 5992000000.0,
        "Diluted Average Shares": 3727000000.0,
        "Basic Average Shares": 3697950510.0,
        "Diluted EPS": 2.98,
        "Basic EPS": 3.007882,
        "Diluted NI Availto Com Stockholders": 11123000000.0,
        "Net Income Common Stockholders": 11123000000.0,
        "Net Income": 11123000000.0,
        "Minority Interests": 79000000.0,
        "Net Income Including Noncontrolling Interests": 11044000000.0,
        "Net Income Continuous Operations": 11044000000.0,
        "Tax Provision": 3603000000.0,
        "Pretax Income": 14647000000.0,
        "Other Income Expense": 9759000000.0,
        "Other Non Operating Income Expenses": 9652000000.0,
        "Earnings From Equity Interest": -29000000.0,
        "Gain On Sale Of Security": 136000000.0,
        "Net Non Operating Interest Income Expense": -1105000000.0,
        "Interest Expense Non Operating": 1105000000.0,
        "Operating Income": 5993000000.0,
        "Operating Expense": 16744000000.0,
        "Other Operating Expenses": 10422000000.0,
        "Depreciation Amortization Depletion Income Statement": 4154000000.0,
        "Depreciation And Amortization In Income Statement": 4154000000.0,
        "Amortization": 1805000000.0,
        "Amortization Of Intangibles Income Statement": 1805000000.0,
        "Depreciation Income Statement": 2349000000.0,
        "Selling General And Administration": 2168000000.0,
        "Selling And Marketing Expense": 2168000000.0,
        "General And Administrative Expense": NaN,
        "Other Gand A": NaN,
        "Gross Profit": 22737000000.0,
        "Cost Of Revenue": 7576000000.0,
        "Total Revenue": 30313000000.0,
        "Operating Revenue": 30313000000.0
    },
    "2025-09-30": {
        "Tax Effect Of Unusual Items": 41435989.256938,
        "Tax Rate For Calcs": 0.272605,
        "Normalized EBITDA": 9464000000.0,
        "Total Unusual Items": 152000000.0,
        "Total Unusual Items Excluding Goodwill": 152000000.0,
        "Net Income From Continuing Operation Net Minority Interest": 3332000000.0,
        "Reconciled Depreciation": 4020000000.0,
        "Reconciled Cost Of Revenue": 8654000000.0,
        "EBITDA": 9616000000.0,
        "EBIT": 5596000000.0,
        "Net Interest Income": -1128000000.0,
        "Interest Expense": 1128000000.0,
        "Normalized Income": 3221435989.256938,
        "Net Income From Continuing And Discontinued Operation": 3332000000.0,
        "Total Expenses": 25665000000.0,
        "Total Operating Income As Reported": 5534000000.0,
        "Diluted Average Shares": 3689000000.0,
        "Basic Average Shares": 3654514503.0,
        "Diluted EPS": 0.9,
        "Basic EPS": 0.911749,
        "Diluted NI Availto Com Stockholders": 3332000000.0,
        "Net Income Common Stockholders": 3332000000.0,
        "Net Income": 3332000000.0,
        "Minority Interests": 83000000.0,
        "Net Income Including Noncontrolling Interests": 3249000000.0,
        "Net Income Continuous Operations": 3250000000.0,
        "Tax Provision": 1218000000.0,
        "Pretax Income": 4468000000.0,
        "Other Income Expense": 62000000.0,
        "Other Non Operating Income Expenses": NaN,
        "Earnings From Equity Interest": -90000000.0,
        "Gain On Sale Of Security": 152000000.0,
        "Net Non Operating Interest Income Expense": -1128000000.0,
        "Interest Expense Non Operating": 1128000000.0,
        "Operating Income": 5533000000.0,
        "Operating Expense": 17010000000.0,
        "Other Operating Expenses": 10795000000.0,
        "Depreciation Amortization Depletion Income Statement": 4019000000.0,
        "Depreciation And Amortization In Income Statement": 4019000000.0,
        "Amortization": 1666000000.0,
        "Amortization Of Intangibles Income Statement": 1666000000.0,
        "Depreciation Income Statement": 2353000000.0,
        "Selling General And Administration": 2196000000.0,
        "Selling And Marketing Expense": 2196000000.0,
        "General And Administrative Expense": NaN,
        "Other Gand A": NaN,
        "Gross Profit": 22543000000.0,
        "Cost Of Revenue": 8655000000.0,
        "Total Revenue": 31198000000.0,
        "Operating Revenue": 31198000000.0
    },
    "2025-12-31": {
        "Tax Effect Of Unusual Items": 3132931.912923,
        "Tax Rate For Calcs": 0.041223,
        "Normalized EBITDA": 7397000000.0,
        "Total Unusual Items": 76000000.0,
        "Total Unusual Items Excluding Goodwill": 76000000.0,
        "Net Income From Continuing Operation Net Minority Interest": 2168000000.0,
        "Reconciled Depreciation": 4187000000.0,
        "Reconciled Cost Of Revenue": 10306000000.0,
        "EBITDA": 7473000000.0,
        "EBIT": 3285000000.0,
        "Net Interest Income": -1126000000.0,
        "Interest Expense": 1126000000.0,
        "Normalized Income": 2095132931.912923,
        "Net Income From Continuing And Discontinued Operation": 2168000000.0,
        "Total Expenses": 28824000000.0,
        "Total Operating Income As Reported": 3488000000.0,
        "Diluted Average Shares": 3636000000.0,
        "Basic Average Shares": 3604212627.0,
        "Diluted EPS": 0.6,
        "Basic EPS": 0.601518,
        "Diluted NI Availto Com Stockholders": 2168000000.0,
        "Net Income Common Stockholders": 2168000000.0,
        "Net Income": 2168000000.0,
        "Minority Interests": 97000000.0,
        "Net Income Including Noncontrolling Interests": 2070000000.0,
        "Net Income Continuous Operations": 2070000000.0,
        "Tax Provision": 89000000.0,
        "Pretax Income": 2159000000.0,
        "Other Income Expense": -203000000.0,
        "Other Non Operating Income Expenses": NaN,
        "Earnings From Equity Interest": -279000000.0,
        "Gain On Sale Of Security": 76000000.0,
        "Net Non Operating Interest Income Expense": -1126000000.0,
        "Interest Expense Non Operating": 1126000000.0,
        "Operating Income": 3486000000.0,
        "Operating Expense": 18519000000.0,
        "Other Operating Expenses": 11904000000.0,
        "Depreciation Amortization Depletion Income Statement": 4188000000.0,
        "Depreciation And Amortization In Income Statement": 4188000000.0,
        "Amortization": 1795000000.0,
        "Amortization Of Intangibles Income Statement": 1795000000.0,
        "Depreciation Income Statement": 2393000000.0,
        "Selling General And Administration": 2427000000.0,
        "Selling And Marketing Expense": 2427000000.0,
        "General And Administrative Expense": NaN,
        "Other Gand A": NaN,
        "Gross Profit": 22005000000.0,
        "Cost Of Revenue": 10305000000.0,
        "Total Revenue": 32310000000.0,
        "Operating Revenue": 32310000000.0
    }
}