{
    "2023-03-31": {
        "Tax Effect Of Unusual Items": NaN,
        "Tax Rate For Calcs": NaN,
        "Normalized EBITDA": NaN,
        "Total Unusual Items": NaN,
        "Total Unusual Items Excluding Goodwill": NaN,
        "Net Income From Continuing Operation Net Minority Interest": NaN,
        "Reconciled Depreciation": NaN,
        "Reconciled Cost Of Revenue": NaN,
        "EBITDA": NaN,
        "EBIT": NaN,
        "Net Interest Income": NaN,
        "Interest Expense": NaN,
        "Interest Income": NaN,
        "Normalized Income": NaN,
        "Net Income From Continuing And Discontinued Operation": NaN,
        "Total Expenses": NaN,
        "Total Operating Income As Reported": NaN,
        "Diluted Average Shares": NaN,
        "Basic Average Shares": NaN,
        "Diluted EPS": NaN,
        "Basic EPS": NaN,
        "Diluted NI Availto Com Stockholders": NaN,
        "Net Income Common Stockholders": NaN,
        "Net Income": NaN,
        "Minority Interests": NaN,
        "Net Income Including Noncontrolling Interests": NaN,
        "Net Income Continuous Operations": NaN,
        "Tax Provision": NaN,
        "Pretax Income": NaN,
        "Other Income Expense": NaN,
        "Other Non Operating Income Expenses": NaN,
        "Special Income Charges": NaN,
        "Gain On Sale Of Business": NaN,
        "Other Special Charges": NaN,
        "Write Off": 1000000.0,
        "Earnings From Equity Interest": NaN,
        "Gain On Sale Of Security": NaN,
        "Net Non Operating Interest Income Expense": NaN,
        "Interest Expense Non Operating": NaN,
        "Interest Income Non Operating": NaN,
        "Operating Income": NaN,
        "Operating Expense": NaN,
        "Other Operating Expenses": NaN,
        "Depreciation Amortization Depletion Income Statement": NaN,
        "Depreciation And Amortization In Income Statement": NaN,
        "Amortization": NaN,
        "Amortization Of Intangibles Income Statement": NaN,
        "Research And Development": NaN,
        "Selling General And Administration": NaN,
        "General And Administrative Expense": 722000000.0,
        "Other Gand A": 753000000.0,
        "Insurance And Claims": NaN,
        "Salaries And Wages": -31000000.0,
        "Gross Profit": NaN,
        "Cost Of Revenue": NaN,
        "Total Revenue": NaN,
        "Operating Revenue": NaN
    },
    "2022-12-31": {
        "Tax Effect Of Unusual Items": NaN,
        "Tax Rate For Calcs": NaN,
        "Normalized EBITDA": NaN,
        "Total Unusual Items": NaN,
        "Total Unusual Items Excluding Goodwill": NaN,
        "Net Income From Continuing Operation Net Minority Interest": NaN,
        "Reconciled Depreciation": NaN,
        "Reconciled Cost Of Revenue": NaN,
        "EBITDA": NaN,
        "EBIT": NaN,
        "Net Interest Income": NaN,
        "Interest Expense": NaN,
        "Interest Income": NaN,
        "Normalized Income": NaN,
        "Net Income From Continuing And Discontinued Operation": NaN,
        "Total Expenses": NaN,
        "Total Operating Income As Reported": NaN,
        "Diluted Average Shares": NaN,
        "Basic Average Shares": NaN,
        "Diluted EPS": NaN,
        "Basic EPS": NaN,
        "Diluted NI Availto Com Stockholders": NaN,
        "Net Income Common Stockholders": NaN,
        "Net Income": NaN,
        "Minority Interests": NaN,
        "Net Income Including Noncontrolling Interests": NaN,
        "Net Income Continuous Operations": NaN,
        "Tax Provision": NaN,
        "Pretax Income": NaN,
        "Other Income Expense": NaN,
        "Other Non Operating Income Expenses": NaN,
        "Special Income Charges": NaN,
        "Gain On Sale Of Ppe": 0.0,
        "Gain On Sale Of Business": NaN,
        "Other Special Charges": NaN,
        "Write Off": -1000000.0,
        "Earnings From Equity Interest": NaN,
        "Gain On Sale Of Security": NaN,
        "Net Non Operating Interest Income Expense": NaN,
        "Interest Expense Non Operating": NaN,
        "Interest Income Non Operating": NaN,
        "Operating Income": NaN,
        "Operating Expense": NaN,
        "Other Operating Expenses": NaN,
        "Depreciation Amortization Depletion Income Statement": NaN,
        "Depreciation And Amortization In Income Statement": NaN,
        "Amortization": NaN,
        "Amortization Of Intangibles Income Statement": NaN,
        "Research And Development": NaN,
        "Selling General And Administration": NaN,
        "General And Administrative Expense": NaN,
        "Other Gand A": NaN,
        "Insurance And Claims": NaN,
        "Salaries And Wages": NaN,
        "Gross Profit": NaN,
        "Cost Of Revenue": NaN,
        "Total Revenue": NaN,
        "Operating Revenue": NaN
    },
    "2022-09-30": {
        "Tax Effect Of Unusual Items": NaN,
        "Tax Rate For Calcs": NaN,
        "Normalized EBITDA": NaN,
        "Total Unusual Items": NaN,
        "Total Unusual Items Excluding Goodwill": NaN,
        "Net Income From Continuing Operation Net Minority Interest": NaN,
        "Reconciled Depreciation": NaN,
        "Reconciled Cost Of Revenue": NaN,
        "EBITDA": NaN,
        "EBIT": NaN,
        "Net Interest Income": NaN,
        "Interest Expense": NaN,
        "Interest Income": NaN,
        "Normalized Income": NaN,
        "Net Income From Continuing And Discontinued Operation": NaN,
        "Total Expenses": NaN,
        "Total Operating Income As Reported": NaN,
        "Diluted Average Shares": NaN,
        "Basic Average Shares": NaN,
        "Diluted EPS": NaN,
        "Basic EPS": NaN,
        "Diluted NI Availto Com Stockholders": NaN,
        "Net Income Common Stockholders": NaN,
        "Net Income": NaN,
        "Minority Interests": NaN,
        "Net Income Including Noncontrolling Interests": NaN,
        "Net Income Continuous Operations": NaN,
        "Tax Provision": NaN,
        "Pretax Income": NaN,
        "Other Income Expense": NaN,
        "Other Non Operating Income Expenses": NaN,
        "Special Income Charges": NaN,
        "Gain On Sale Of Ppe": 0.0,
        "Gain On Sale Of Business": NaN,
        "Other Special Charges": NaN,
        "Write Off": NaN,
        "Earnings From Equity Interest": NaN,
        "Gain On Sale Of Security": NaN,
        "Net Non Operating Interest Income Expense": NaN,
        "Interest Expense Non Operating": NaN,
        "Interest Income Non Operating": NaN,
        "Operating Income": NaN,
        "Operating Expense": NaN,
        "Other Operating Expenses": NaN,
        "Depreciation Amortization Depletion Income Statement": NaN,
        "Depreciation And Amortization In Income Statement": NaN,
        "Amortization": NaN,
        "Amortization Of Intangibles Income Statement": NaN,
        "Research And Development": NaN,
        "Selling General And Administration": NaN,
        "General And Administrative Expense": NaN,
        "Other Gand A": NaN,
        "Salaries And Wages": NaN,
        "Gross Profit": NaN,
        "Cost Of Revenue": NaN,
        "Total Revenue": NaN,
        "Operating Revenue": NaN
    },
    "2022-06-30": {
        "Tax Effect Of Unusual Items": 0.0,
        "Tax Rate For Calcs": 0.173,
        "Normalized EBITDA": 1056000000.0,
        "Total Unusual Items": -57000000.0,
        "Total Unusual Items Excluding Goodwill": -57000000.0,
        "Net Income From Continuing Operation Net Minority Interest": 702000000.0,
        "Reconciled Depreciation": 167000000.0,
        "Reconciled Cost Of Revenue": 4860000000.0,
        "EBITDA": 1056000000.0,
        "EBIT": 889000000.0,
        "Net Interest Income": -34000000.0,
        "Interest Expense": 34000000.0,
        "Interest Income": 7000000.0,
        "Normalized Income": 702000000.0,
        "Net Income From Continuing And Discontinued Operation": 702000000.0,
        "Total Expenses": 5784000000.0,
        "Total Operating Income As Reported": 897000000.0,
        "Diluted Average Shares": 142000000.0,
        "Basic Average Shares": 141200000.0,
        "Diluted EPS": 4.94,
        "Basic EPS": 4.97,
        "Diluted NI Availto Com Stockholders": 702000000.0,
        "Net Income Common Stockholders": 702000000.0,
        "Net Income": 702000000.0,
        "Minority Interests": -5000000.0,
        "Net Income Including Noncontrolling Interests": 707000000.0,
        "Net Income Continuous Operations": 707000000.0,
        "Tax Provision": 148000000.0,
        "Pretax Income": 855000000.0,
        "Other Income Expense": 87000000.0,
        "Other Non Operating Income Expenses": -8000000.0,
        "Special Income Charges": -51000000.0,
        "Gain On Sale Of Ppe": 0.0,
        "Other Special Charges": 48000000.0,
        "Write Off": 3000000.0,
        "Earnings From Equity Interest": 95000000.0,
        "Gain On Sale Of Security": -6000000.0,
        "Net Non Operating Interest Income Expense": -34000000.0,
        "Interest Expense Non Operating": 34000000.0,
        "Interest Income Non Operating": 7000000.0,
        "Operating Income": 802000000.0,
        "Operating Expense": 924000000.0,
        "Other Operating Expenses": 3000000.0,
        "Depreciation Amortization Depletion Income Statement": 9000000.0,
        "Depreciation And Amortization In Income Statement": 9000000.0,
        "Amortization": 9000000.0,
        "Amortization Of Intangibles Income Statement": 9000000.0,
        "Research And Development": 299000000.0,
        "Selling General And Administration": 622000000.0,
        "Gross Profit": 1726000000.0,
        "Cost Of Revenue": 4860000000.0,
        "Total Revenue": 6586000000.0,
        "Operating Revenue": 6586000000.0
    },
    "2023-06-30": {
        "Tax Effect Of Unusual Items": NaN,
        "Tax Rate For Calcs": NaN,
        "Normalized EBITDA": NaN,
        "Total Unusual Items": NaN,
        "Total Unusual Items Excluding Goodwill": NaN,
        "Net Income From Continuing Operation Net Minority Interest": NaN,
        "Reconciled Depreciation": NaN,
        "Reconciled Cost Of Revenue": NaN,
        "EBITDA": NaN,
        "EBIT": NaN,
        "Net Interest Income": NaN,
        "Interest Expense": NaN,
        "Interest Income": NaN,
        "Normalized Income": NaN,
        "Net Income From Continuing And Discontinued Operation": NaN,
        "Total Expenses": NaN,
        "Total Operating Income As Reported": NaN,
        "Diluted Average Shares": NaN,
        "Basic Average Shares": NaN,
        "Diluted EPS": NaN,
        "Basic EPS": NaN,
        "Diluted NI Availto Com Stockholders": NaN,
        "Net Income Common Stockholders": NaN,
        "Net Income": NaN,
        "Minority Interests": NaN,
        "Net Income Including Noncontrolling Interests": NaN,
        "Net Income Continuous Operations": NaN,
        "Tax Provision": NaN,
        "Pretax Income": NaN,
        "Other Income Expense": NaN,
        "Other Non Operating Income Expenses": NaN,
        "Special Income Charges": NaN,
        "Gain On Sale Of Business": NaN,
        "Other Special Charges": NaN,
        "Write Off": 1000000.0,
        "Earnings From Equity Interest": NaN,
        "Gain On Sale Of Security": NaN,
        "Net Non Operating Interest Income Expense": NaN,
        "Interest Expense Non Operating": NaN,
        "Interest Income Non Operating": NaN,
        "Operating Income": NaN,
        "Operating Expense": NaN,
        "Other Operating Expenses": NaN,
        "Depreciation Amortization Depletion Income Statement": NaN,
        "Depreciation And Amortization In Income Statement": NaN,
        "Amortization": NaN,
        "Amortization Of Intangibles Income Statement": NaN,
        "Research And Development": NaN,
        "Selling General And Administration": NaN,
        "General And Administrative Expense": NaN,
        "Other Gand A": NaN,
        "Insurance And Claims": NaN,
        "Salaries And Wages": NaN,
        "Gross Profit": NaN,
        "Cost Of Revenue": NaN,
        "Total Revenue": NaN,
        "Operating Revenue": NaN
    },
    "2022-03-31": {
        "Diluted EPS": 2.92,
        "Total Revenue": NaN,
        "Gross Profit": NaN,
        "Operating Income": 604,
        "EBIT": 765,
        "Net Income": 418
    },
    "2021-12-31": {
        "Diluted EPS": 2.75,
        "Total Revenue": NaN,
        "Gross Profit": NaN,
        "Operating Income": 495,
        "EBIT": 660,
        "Net Income": 394
    },
    "2021-09-30": {
        "Diluted EPS": 3.69,
        "Total Revenue": NaN,
        "Gross Profit": NaN,
        "Operating Income": 666,
        "EBIT": 826,
        "Net Income": 534
    },
    "2021-06-30": {
        "Diluted EPS": 4.1,
        "Total Revenue": NaN,
        "Gross Profit": NaN,
        "Operating Income": 735,
        "EBIT": 902,
        "Net Income": 600
    },
    "2021-03-31": {
        "Diluted EPS": 4.07,
        "Total Revenue": NaN,
        "Gross Profit": NaN,
        "Operating Income": 810,
        "EBIT": 980,
        "Net Income": 603
    },
    "2020-12-31": {
        "Diluted EPS": 3.38,
        "Total Revenue": NaN,
        "Gross Profit": NaN,
        "Operating Income": 629,
        "EBIT": 803,
        "Net Income": 501
    },
    "2020-09-30": {
        "Diluted EPS": 3.36,
        "Total Revenue": NaN,
        "Gross Profit": NaN,
        "Operating Income": 670,
        "EBIT": 836,
        "Net Income": 501
    },
    "2020-06-30": {
        "Diluted EPS": 1.86,
        "Total Revenue": NaN,
        "Gross Profit": 890,
        "Operating Income": 336,
        "EBIT": 501,
        "Net Income": 276
    },
    "2020-03-31": {
        "Diluted EPS": 3.41,
        "Total Revenue": NaN,
        "Gross Profit": NaN,
        "Operating Income": 634,
        "EBIT": 802,
        "Net Income": 511
    },
    "2019-12-31": {
        "Diluted EPS": 2.04,
        "Total Revenue": NaN,
        "Gross Profit": NaN,
        "Operating Income": 354,
        "EBIT": 533,
        "Net Income": 300
    },
    "2019-09-30": {
        "Diluted EPS": 3.97,
        "Total Revenue": NaN,
        "Gross Profit": NaN,
        "Operating Income": 699,
        "EBIT": 877,
        "Net Income": 622
    },
    "2019-06-30": {
        "Diluted EPS": 4.27,
        "Total Revenue": NaN,
        "Gross Profit": NaN,
        "Operating Income": 848,
        "EBIT": NaN,
        "Net Income": 675
    },
    "2019-03-31": {
        "Diluted EPS": 4.2,
        "Total Revenue": NaN,
        "Gross Profit": NaN,
        "Operating Income": 799,
        "EBIT": 956,
        "Net Income": 663
    },
    "2018-12-31": {
        "Diluted EPS": 3.59,
        "Total Revenue": NaN,
        "Gross Profit": NaN,
        "Operating Income": 731,
        "EBIT": 886,
        "Net Income": 579
    },
    "2018-09-30": {
        "Diluted EPS": 4.28,
        "Total Revenue": NaN,
        "Gross Profit": NaN,
        "Operating Income": 803,
        "EBIT": 951,
        "Net Income": 692
    },
    "2018-06-30": {
        "Diluted EPS": 3.32,
        "Total Revenue": NaN,
        "Gross Profit": NaN,
        "Operating Income": 722,
        "EBIT": 876,
        "Net Income": 545
    },
    "2018-03-31": {
        "Diluted EPS": 1.96,
        "Total Revenue": NaN,
        "Gross Profit": NaN,
        "Operating Income": 530,
        "EBIT": 684,
        "Net Income": 325
    },
    "2017-12-31": {
        "Diluted EPS": -1.63,
        "Total Revenue": NaN,
        "Gross Profit": NaN,
        "Operating Income": 586,
        "EBIT": 736,
        "Net Income": -274
    },
    "2017-09-30": {
        "Diluted EPS": 2.71,
        "Total Revenue": NaN,
        "Gross Profit": NaN,
        "Operating Income": 622,
        "EBIT": 771,
        "Net Income": 453
    },
    "2017-06-30": {
        "Diluted EPS": 2.53,
        "Total Revenue": NaN,
        "Gross Profit": NaN,
        "Operating Income": 586,
        "EBIT": 731,
        "Net Income": 424
    },
    "2017-03-31": {
        "Diluted EPS": 2.36,
        "Total Revenue": NaN,
        "Gross Profit": NaN,
        "Operating Income": 540,
        "EBIT": 679,
        "Net Income": 396
    },
    "2016-12-31": {
        "Diluted EPS": 2.24,
        "Total Revenue": NaN,
        "Gross Profit": NaN,
        "Operating Income": 459,
        "EBIT": 598,
        "Net Income": 378
    },
    "2016-09-30": {
        "Diluted EPS": 1.72,
        "Total Revenue": NaN,
        "Gross Profit": NaN,
        "Operating Income": 384,
        "EBIT": 516,
        "Net Income": 289
    },
    "2016-06-30": {
        "Diluted EPS": 2.4,
        "Total Revenue": NaN,
        "Gross Profit": NaN,
        "Operating Income": 567,
        "EBIT": 698,
        "Net Income": 406
    },
    "2016-03-31": {
        "Diluted EPS": 1.87,
        "Total Revenue": NaN,
        "Gross Profit": NaN,
        "Operating Income": 470,
        "EBIT": 598,
        "Net Income": 321
    },
    "2015-12-31": {
        "Diluted EPS": 0.94,
        "Total Revenue": NaN,
        "Gross Profit": NaN,
        "Operating Income": 229,
        "EBIT": 360,
        "Net Income": 161
    },
    "2015-09-30": {
        "Diluted EPS": 2.14,
        "Total Revenue": NaN,
        "Gross Profit": NaN,
        "Operating Income": 557,
        "EBIT": 686,
        "Net Income": 380
    },
    "2015-06-30": {
        "Diluted EPS": 2.62,
        "Total Revenue": NaN,
        "Gross Profit": NaN,
        "Operating Income": 723,
        "EBIT": 849,
        "Net Income": 471
    },
    "2015-03-31": {
        "Diluted EPS": 2.14,
        "Total Revenue": NaN,
        "Gross Profit": NaN,
        "Operating Income": 548,
        "EBIT": 676,
        "Net Income": 387
    },
    "2014-12-31": {
        "Diluted EPS": 2.44,
        "Total Revenue": NaN,
        "Gross Profit": NaN,
        "Operating Income": 581,
        "EBIT": 706,
        "Net Income": 444
    },
    "2014-09-30": {
        "Diluted EPS": 2.32,
        "Total Revenue": NaN,
        "Gross Profit": NaN,
        "Operating Income": 659,
        "EBIT": 772,
        "Net Income": 423
    },
    "2014-06-30": {
        "Diluted EPS": 2.43,
        "Total Revenue": NaN,
        "Gross Profit": NaN,
        "Operating Income": 612,
        "EBIT": 724,
        "Net Income": 446
    },
    "2014-03-31": {
        "Diluted EPS": 1.83,
        "Total Revenue": NaN,
        "Gross Profit": NaN,
        "Operating Income": 513,
        "EBIT": 618,
        "Net Income": 338
    },
    "2013-12-31": {
        "Diluted EPS": 2.32,
        "Total Revenue": NaN,
        "Gross Profit": NaN,
        "Operating Income": 553,
        "EBIT": 655,
        "Net Income": 432
    },
    "2013-09-30": {
        "Diluted EPS": 1.9,
        "Total Revenue": NaN,
        "Gross Profit": NaN,
        "Operating Income": 524,
        "EBIT": 629,
        "Net Income": 355
    },
    "2013-06-30": {
        "Diluted EPS": 2.2,
        "Total Revenue": NaN,
        "Gross Profit": NaN,
        "Operating Income": 610,
        "EBIT": 712,
        "Net Income": 414
    },
    "2013-03-31": {
        "Diluted EPS": 1.49,
        "Total Revenue": NaN,
        "Gross Profit": 957,
        "Operating Income": 414,
        "EBIT": 512,
        "Net Income": 282
    },
    "2012-12-31": {
        "Diluted EPS": 1.96,
        "Total Revenue": NaN,
        "Gross Profit": 966,
        "Operating Income": 465,
        "EBIT": 564,
        "Net Income": 369
    },
    "2012-09-30": {
        "Diluted EPS": 1.86,
        "Total Revenue": NaN,
        "Gross Profit": NaN,
        "Operating Income": 493,
        "EBIT": 584,
        "Net Income": 352
    },
    "2012-06-30": {
        "Diluted EPS": 2.47,
        "Total Revenue": NaN,
        "Gross Profit": NaN,
        "Operating Income": 648,
        "EBIT": 734,
        "Net Income": 469
    },
    "2012-03-31": {
        "Diluted EPS": 2.38,
        "Total Revenue": NaN,
        "Gross Profit": NaN,
        "Operating Income": 648,
        "EBIT": 733,
        "Net Income": 455
    },
    "2011-12-31": {
        "Diluted EPS": 2.85,
        "Total Revenue": NaN,
        "Gross Profit": NaN,
        "Operating Income": 745,
        "EBIT": 827,
        "Net Income": 548
    },
    "2011-09-30": {
        "Diluted EPS": 2.35,
        "Total Revenue": NaN,
        "Gross Profit": NaN,
        "Operating Income": 639,
        "EBIT": 723,
        "Net Income": 452
    },
    "2011-06-30": {
        "Diluted EPS": 2.6,
        "Total Revenue": NaN,
        "Gross Profit": NaN,
        "Operating Income": 768,
        "EBIT": 848,
        "Net Income": 505
    },
    "2011-03-31": {
        "Diluted EPS": 1.75,
        "Total Revenue": NaN,
        "Gross Profit": 957,
        "Operating Income": 529,
        "EBIT": 608,
        "Net Income": 343
    },
    "2010-12-31": {
        "Diluted EPS": 1.84,
        "Total Revenue": NaN,
        "Gross Profit": 984,
        "Operating Income": 525,
        "EBIT": 606,
        "Net Income": 362
    },
    "2010-09-30": {
        "Diluted EPS": 1.44,
        "Total Revenue": NaN,
        "Gross Profit": 830,
        "Operating Income": 435,
        "EBIT": 513,
        "Net Income": 283
    },
    "2010-06-30": {
        "Diluted EPS": 1.25,
        "Total Revenue": NaN,
        "Gross Profit": 753,
        "Operating Income": 396,
        "EBIT": 478,
        "Net Income": 246
    },
    "2010-03-31": {
        "Diluted EPS": 0.75,
        "Total Revenue": NaN,
        "Gross Profit": 601,
        "Operating Income": 246,
        "EBIT": 325,
        "Net Income": 149
    },
    "2009-12-31": {
        "Diluted EPS": 1.36,
        "Total Revenue": NaN,
        "Gross Profit": 773,
        "Operating Income": 385,
        "EBIT": 473,
        "Net Income": 270
    },
    "2009-09-30": {
        "Diluted EPS": 0.48,
        "Total Revenue": NaN,
        "Gross Profit": 503,
        "Operating Income": 147,
        "EBIT": 231,
        "Net Income": 95
    },
    "2009-06-30": {
        "Diluted EPS": 0.28,
        "Total Revenue": NaN,
        "Gross Profit": 448,
        "Operating Income": 121,
        "EBIT": 199,
        "Net Income": 56
    },
    "2009-03-31": {
        "Diluted EPS": 0.04,
        "Total Revenue": NaN,
        "Gross Profit": 445,
        "Operating Income": 29,
        "EBIT": 105,
        "Net Income": 7
    },
    "2023-09-30": {
        "Tax Effect Of Unusual Items": NaN,
        "Tax Rate For Calcs": NaN,
        "Normalized EBITDA": NaN,
        "Total Unusual Items": NaN,
        "Total Unusual Items Excluding Goodwill": NaN,
        "Net Income From Continuing Operation Net Minority Interest": NaN,
        "Reconciled Depreciation": NaN,
        "Reconciled Cost Of Revenue": NaN,
        "EBITDA": NaN,
        "EBIT": NaN,
        "Net Interest Income": NaN,
        "Interest Expense": NaN,
        "Interest Income": NaN,
        "Normalized Income": NaN,
        "Net Income From Continuing And Discontinued Operation": NaN,
        "Total Expenses": NaN,
        "Total Operating Income As Reported": NaN,
        "Diluted Average Shares": NaN,
        "Basic Average Shares": NaN,
        "Diluted EPS": NaN,
        "Basic EPS": NaN,
        "Diluted NI Availto Com Stockholders": NaN,
        "Net Income Common Stockholders": NaN,
        "Net Income": NaN,
        "Minority Interests": NaN,
        "Net Income Including Noncontrolling Interests": NaN,
        "Net Income Continuous Operations": NaN,
        "Tax Provision": NaN,
        "Pretax Income": NaN,
        "Other Income Expense": NaN,
        "Other Non Operating Income Expenses": NaN,
        "Special Income Charges": NaN,
        "Gain On Sale Of Business": NaN,
        "Other Special Charges": NaN,
        "Write Off": 1000000.0,
        "Earnings From Equity Interest": NaN,
        "Gain On Sale Of Security": NaN,
        "Net Non Operating Interest Income Expense": NaN,
        "Interest Expense Non Operating": NaN,
        "Interest Income Non Operating": NaN,
        "Operating Income": NaN,
        "Operating Expense": NaN,
        "Other Operating Expenses": NaN,
        "Depreciation Amortization Depletion Income Statement": NaN,
        "Depreciation And Amortization In Income Statement": NaN,
        "Amortization": NaN,
        "Amortization Of Intangibles Income Statement": NaN,
        "Research And Development": NaN,
        "Selling General And Administration": NaN,
        "General And Administrative Expense": NaN,
        "Other Gand A": NaN,
        "Insurance And Claims": NaN,
        "Salaries And Wages": NaN,
        "Gross Profit": NaN,
        "Cost Of Revenue": NaN,
        "Total Revenue": NaN,
        "Operating Revenue": NaN
    },
    "2023-12-31": {
        "Tax Effect Of Unusual Items": NaN,
        "Tax Rate For Calcs": NaN,
        "Normalized EBITDA": NaN,
        "Total Unusual Items": NaN,
        "Total Unusual Items Excluding Goodwill": NaN,
        "Net Income From Continuing Operation Net Minority Interest": NaN,
        "Reconciled Depreciation": NaN,
        "Reconciled Cost Of Revenue": NaN,
        "EBITDA": NaN,
        "EBIT": NaN,
        "Net Interest Income": NaN,
        "Interest Expense": NaN,
        "Interest Income": NaN,
        "Normalized Income": NaN,
        "Net Income From Continuing And Discontinued Operation": NaN,
        "Total Expenses": NaN,
        "Total Operating Income As Reported": NaN,
        "Diluted Average Shares": NaN,
        "Basic Average Shares": NaN,
        "Diluted EPS": NaN,
        "Basic EPS": NaN,
        "Diluted NI Availto Com Stockholders": NaN,
        "Net Income Common Stockholders": NaN,
        "Net Income": NaN,
        "Minority Interests": NaN,
        "Net Income Including Noncontrolling Interests": NaN,
        "Net Income Continuous Operations": NaN,
        "Tax Provision": NaN,
        "Pretax Income": NaN,
        "Other Income Expense": NaN,
        "Other Non Operating Income Expenses": NaN,
        "Special Income Charges": NaN,
        "Gain On Sale Of Business": NaN,
        "Other Special Charges": NaN,
        "Write Off": 6000000.0,
        "Earnings From Equity Interest": NaN,
        "Gain On Sale Of Security": NaN,
        "Net Non Operating Interest Income Expense": NaN,
        "Interest Expense Non Operating": NaN,
        "Interest Income Non Operating": NaN,
        "Operating Income": NaN,
        "Operating Expense": NaN,
        "Other Operating Expenses": NaN,
        "Depreciation Amortization Depletion Income Statement": NaN,
        "Depreciation And Amortization In Income Statement": NaN,
        "Amortization": NaN,
        "Amortization Of Intangibles Income Statement": NaN,
        "Research And Development": NaN,
        "Selling General And Administration": NaN,
        "General And Administrative Expense": NaN,
        "Other Gand A": NaN,
        "Insurance And Claims": NaN,
        "Salaries And Wages": NaN,
        "Gross Profit": NaN,
        "Cost Of Revenue": NaN,
        "Total Revenue": NaN,
        "Operating Revenue": NaN
    },
    "2024-03-31": {
        "Tax Effect Of Unusual Items": NaN,
        "Tax Rate For Calcs": NaN,
        "Normalized EBITDA": NaN,
        "Total Unusual Items": NaN,
        "Total Unusual Items Excluding Goodwill": NaN,
        "Net Income From Continuing Operation Net Minority Interest": NaN,
        "Reconciled Depreciation": NaN,
        "Reconciled Cost Of Revenue": NaN,
        "EBITDA": NaN,
        "EBIT": NaN,
        "Net Interest Income": NaN,
        "Interest Expense": NaN,
        "Interest Income": NaN,
        "Normalized Income": NaN,
        "Net Income From Continuing And Discontinued Operation": NaN,
        "Total Expenses": NaN,
        "Total Operating Income As Reported": NaN,
        "Diluted Average Shares": NaN,
        "Basic Average Shares": NaN,
        "Diluted EPS": NaN,
        "Basic EPS": NaN,
        "Diluted NI Availto Com Stockholders": NaN,
        "Net Income Common Stockholders": NaN,
        "Net Income": NaN,
        "Minority Interests": NaN,
        "Net Income Including Noncontrolling Interests": NaN,
        "Net Income Continuous Operations": NaN,
        "Tax Provision": NaN,
        "Pretax Income": NaN,
        "Other Income Expense": NaN,
        "Other Non Operating Income Expenses": NaN,
        "Special Income Charges": NaN,
        "Gain On Sale Of Business": NaN,
        "Other Special Charges": NaN,
        "Write Off": NaN,
        "Earnings From Equity Interest": NaN,
        "Gain On Sale Of Security": NaN,
        "Net Non Operating Interest Income Expense": NaN,
        "Interest Expense Non Operating": NaN,
        "Interest Income Non Operating": NaN,
        "Operating Income": NaN,
        "Operating Expense": NaN,
        "Other Operating Expenses": NaN,
        "Depreciation Amortization Depletion Income Statement": NaN,
        "Depreciation And Amortization In Income Statement": NaN,
        "Amortization": NaN,
        "Amortization Of Intangibles Income Statement": NaN,
        "Research And Development": NaN,
        "Selling General And Administration": NaN,
        "General And Administrative Expense": 809000000.0,
        "Other Gand A": 839000000.0,
        "Insurance And Claims": NaN,
        "Salaries And Wages": -30000000.0,
        "Gross Profit": NaN,
        "Cost Of Revenue": NaN,
        "Total Revenue": NaN,
        "Operating Revenue": NaN
    },
    "2024-06-30": {
        "Tax Effect Of Unusual Items": -3224155.578301,
        "Tax Rate For Calcs": 0.230297,
        "Normalized EBITDA": 1363000000.0,
        "Total Unusual Items": -14000000.0,
        "Total Unusual Items Excluding Goodwill": -14000000.0,
        "Net Income From Continuing Operation Net Minority Interest": 726000000.0,
        "Reconciled Depreciation": 263000000.0,
        "Reconciled Cost Of Revenue": 6373000000.0,
        "EBITDA": 1349000000.0,
        "EBIT": 1086000000.0,
        "Net Interest Income": -56000000.0,
        "Interest Expense": 109000000.0,
        "Interest Income": 53000000.0,
        "Normalized Income": 736775844.421699,
        "Net Income From Continuing And Discontinued Operation": 726000000.0,
        "Total Expenses": 7854000000.0,
        "Total Operating Income As Reported": 1045000000.0,
        "Diluted Average Shares": 137900000.0,
        "Basic Average Shares": 137100000.0,
        "Diluted EPS": 5.26,
        "Basic EPS": 5.3,
        "Diluted NI Availto Com Stockholders": 726000000.0,
        "Net Income Common Stockholders": 726000000.0,
        "Net Income": 726000000.0,
        "Minority Interests": -26000000.0,
        "Net Income Including Noncontrolling Interests": 752000000.0,
        "Net Income Continuous Operations": 752000000.0,
        "Tax Provision": 225000000.0,
        "Pretax Income": 977000000.0,
        "Other Income Expense": 91000000.0,
        "Other Non Operating Income Expenses": 25000000.0,
        "Special Income Charges": -2000000.0,
        "Gain On Sale Of Business": 0.0,
        "Other Special Charges": 2000000.0,
        "Write Off": NaN,
        "Earnings From Equity Interest": 80000000.0,
        "Gain On Sale Of Security": -12000000.0,
        "Net Non Operating Interest Income Expense": -56000000.0,
        "Interest Expense Non Operating": 109000000.0,
        "Interest Income Non Operating": 53000000.0,
        "Operating Income": 942000000.0,
        "Operating Expense": 1251000000.0,
        "Other Operating Expenses": 11000000.0,
        "Depreciation Amortization Depletion Income Statement": 33000000.0,
        "Depreciation And Amortization In Income Statement": 33000000.0,
        "Amortization": 33000000.0,
        "Amortization Of Intangibles Income Statement": 33000000.0,
        "Research And Development": 379000000.0,
        "Selling General And Administration": 828000000.0,
        "General And Administrative Expense": 830000000.0,
        "Other Gand A": 828000000.0,
        "Insurance And Claims": 2000000.0,
        "Salaries And Wages": NaN,
        "Gross Profit": 2193000000.0,
        "Cost Of Revenue": 6603000000.0,
        "Total Revenue": 8796000000.0,
        "Operating Revenue": 8796000000.0
    },
    "2024-09-30": {
        "Tax Effect Of Unusual Items": 2496000.0,
        "Tax Rate For Calcs": 0.192,
        "Normalized EBITDA": 1379000000.0,
        "Total Unusual Items": 13000000.0,
        "Total Unusual Items Excluding Goodwill": 13000000.0,
        "Net Income From Continuing Operation Net Minority Interest": 809000000.0,
        "Reconciled Depreciation": 266000000.0,
        "Reconciled Cost Of Revenue": 6051000000.0,
        "EBITDA": 1392000000.0,
        "EBIT": 1126000000.0,
        "Net Interest Income": -36000000.0,
        "Interest Expense": 83000000.0,
        "Interest Income": 47000000.0,
        "Normalized Income": 798496000.0,
        "Net Income From Continuing And Discontinued Operation": 809000000.0,
        "Total Expenses": 7493000000.0,
        "Total Operating Income As Reported": 1050000000.0,
        "Diluted Average Shares": 138100000.0,
        "Basic Average Shares": 137200000.0,
        "Diluted EPS": 5.86,
        "Basic EPS": 5.9,
        "Diluted NI Availto Com Stockholders": 809000000.0,
        "Net Income Common Stockholders": 809000000.0,
        "Net Income": 809000000.0,
        "Minority Interests": -34000000.0,
        "Net Income Including Noncontrolling Interests": 843000000.0,
        "Net Income Continuous Operations": 843000000.0,
        "Tax Provision": 200000000.0,
        "Pretax Income": 1043000000.0,
        "Other Income Expense": 116000000.0,
        "Other Non Operating Income Expenses": 37000000.0,
        "Special Income Charges": 17000000.0,
        "Gain On Sale Of Business": 0.0,
        "Other Special Charges": -19000000.0,
        "Write Off": 2000000.0,
        "Earnings From Equity Interest": 66000000.0,
        "Gain On Sale Of Security": -4000000.0,
        "Net Non Operating Interest Income Expense": -36000000.0,
        "Interest Expense Non Operating": 83000000.0,
        "Interest Income Non Operating": 47000000.0,
        "Operating Income": 963000000.0,
        "Operating Expense": 1208000000.0,
        "Other Operating Expenses": 10000000.0,
        "Depreciation Amortization Depletion Income Statement": 32000000.0,
        "Depreciation And Amortization In Income Statement": 32000000.0,
        "Amortization": 32000000.0,
        "Amortization Of Intangibles Income Statement": 32000000.0,
        "Research And Development": 359000000.0,
        "Selling General And Administration": 807000000.0,
        "General And Administrative Expense": NaN,
        "Other Gand A": NaN,
        "Insurance And Claims": NaN,
        "Salaries And Wages": NaN,
        "Gross Profit": 2171000000.0,
        "Cost Of Revenue": 6285000000.0,
        "Total Revenue": 8456000000.0,
        "Operating Revenue": 8456000000.0
    },
    "2024-12-31": {
        "Tax Effect Of Unusual Items": -11800604.229607,
        "Tax Rate For Calcs": 0.327795,
        "Normalized EBITDA": 1058000000.0,
        "Total Unusual Items": -36000000.0,
        "Total Unusual Items Excluding Goodwill": -36000000.0,
        "Net Income From Continuing Operation Net Minority Interest": 418000000.0,
        "Reconciled Depreciation": 271000000.0,
        "Reconciled Cost Of Revenue": 6174000000.0,
        "EBITDA": 1022000000.0,
        "EBIT": 751000000.0,
        "Net Interest Income": -55000000.0,
        "Interest Expense": 89000000.0,
        "Interest Income": 34000000.0,
        "Normalized Income": 442199395.770393,
        "Net Income From Continuing And Discontinued Operation": 418000000.0,
        "Total Expenses": 7783000000.0,
        "Total Operating Income As Reported": 732000000.0,
        "Diluted Average Shares": 138400000.0,
        "Basic Average Shares": 137400000.0,
        "Diluted EPS": 3.02,
        "Basic EPS": 3.04,
        "Diluted NI Availto Com Stockholders": 418000000.0,
        "Net Income Common Stockholders": 418000000.0,
        "Net Income": 418000000.0,
        "Minority Interests": -27000000.0,
        "Net Income Including Noncontrolling Interests": 445000000.0,
        "Net Income Continuous Operations": 445000000.0,
        "Tax Provision": 217000000.0,
        "Pretax Income": 662000000.0,
        "Other Income Expense": 53000000.0,
        "Other Non Operating Income Expenses": 39000000.0,
        "Special Income Charges": -26000000.0,
        "Gain On Sale Of Business": 0.0,
        "Other Special Charges": 24000000.0,
        "Write Off": 2000000.0,
        "Earnings From Equity Interest": 50000000.0,
        "Gain On Sale Of Security": -10000000.0,
        "Net Non Operating Interest Income Expense": -55000000.0,
        "Interest Expense Non Operating": 89000000.0,
        "Interest Income Non Operating": 34000000.0,
        "Operating Income": 664000000.0,
        "Operating Expense": 1370000000.0,
        "Other Operating Expenses": 181000000.0,
        "Depreciation Amortization Depletion Income Statement": 32000000.0,
        "Depreciation And Amortization In Income Statement": 32000000.0,
        "Amortization": 32000000.0,
        "Amortization Of Intangibles Income Statement": 32000000.0,
        "Research And Development": 356000000.0,
        "Selling General And Administration": 801000000.0,
        "General And Administrative Expense": NaN,
        "Other Gand A": NaN,
        "Insurance And Claims": NaN,
        "Salaries And Wages": NaN,
        "Gross Profit": 2034000000.0,
        "Cost Of Revenue": 6413000000.0,
        "Total Revenue": 8447000000.0,
        "Operating Revenue": 8447000000.0
    },
    "2025-03-31": {
        "Tax Effect Of Unusual Items": 2151000.0,
        "Tax Rate For Calcs": 0.239,
        "Normalized EBITDA": 1454000000.0,
        "Total Unusual Items": 9000000.0,
        "Total Unusual Items Excluding Goodwill": 9000000.0,
        "Net Income From Continuing Operation Net Minority Interest": 824000000.0,
        "Reconciled Depreciation": 269000000.0,
        "Reconciled Cost Of Revenue": 5782000000.0,
        "EBITDA": 1463000000.0,
        "EBIT": 1194000000.0,
        "Net Interest Income": -17000000.0,
        "Interest Expense": 77000000.0,
        "Interest Income": 60000000.0,
        "Normalized Income": 817151000.0,
        "Net Income From Continuing And Discontinued Operation": 824000000.0,
        "Total Expenses": 7154000000.0,
        "Total Operating Income As Reported": 1134000000.0,
        "Diluted Average Shares": 138300000.0,
        "Basic Average Shares": 137600000.0,
        "Diluted EPS": 5.96,
        "Basic EPS": 5.99,
        "Diluted NI Availto Com Stockholders": 824000000.0,
        "Net Income Common Stockholders": 824000000.0,
        "Net Income": 824000000.0,
        "Minority Interests": -26000000.0,
        "Net Income Including Noncontrolling Interests": 850000000.0,
        "Net Income Continuous Operations": 850000000.0,
        "Tax Provision": 267000000.0,
        "Pretax Income": 1117000000.0,
        "Other Income Expense": 114000000.0,
        "Other Non Operating Income Expenses": 8000000.0,
        "Special Income Charges": 10000000.0,
        "Gain On Sale Of Business": 0.0,
        "Other Special Charges": -10000000.0,
        "Write Off": NaN,
        "Earnings From Equity Interest": 97000000.0,
        "Gain On Sale Of Security": -1000000.0,
        "Net Non Operating Interest Income Expense": -17000000.0,
        "Interest Expense Non Operating": 77000000.0,
        "Interest Income Non Operating": 60000000.0,
        "Operating Income": 1020000000.0,
        "Operating Expense": 1135000000.0,
        "Other Operating Expenses": 5000000.0,
        "Depreciation Amortization Depletion Income Statement": 32000000.0,
        "Depreciation And Amortization In Income Statement": 32000000.0,
        "Amortization": 32000000.0,
        "Amortization Of Intangibles Income Statement": 32000000.0,
        "Research And Development": 344000000.0,
        "Selling General And Administration": 754000000.0,
        "General And Administrative Expense": 754000000.0,
        "Other Gand A": 771000000.0,
        "Insurance And Claims": NaN,
        "Salaries And Wages": -17000000.0,
        "Gross Profit": 2155000000.0,
        "Cost Of Revenue": 6019000000.0,
        "Total Revenue": 8174000000.0,
        "Operating Revenue": 8174000000.0
    },
    "2025-06-30": {
        "Tax Effect Of Unusual Items": 8243265.306122,
        "Tax Rate For Calcs": 0.242449,
        "Normalized EBITDA": 1557000000.0,
        "Total Unusual Items": 34000000.0,
        "Total Unusual Items Excluding Goodwill": 34000000.0,
        "Net Income From Continuing Operation Net Minority Interest": 890000000.0,
        "Reconciled Depreciation": 279000000.0,
        "Reconciled Cost Of Revenue": 6116000000.0,
        "EBITDA": 1591000000.0,
        "EBIT": 1312000000.0,
        "Net Interest Income": -35000000.0,
        "Interest Expense": 87000000.0,
        "Interest Income": 52000000.0,
        "Normalized Income": 864243265.306122,
        "Net Income From Continuing And Discontinued Operation": 890000000.0,
        "Total Expenses": 7535000000.0,
        "Total Operating Income As Reported": 1226000000.0,
        "Diluted Average Shares": 138500000.0,
        "Basic Average Shares": 137800000.0,
        "Diluted EPS": 6.43,
        "Basic EPS": 6.46,
        "Diluted NI Availto Com Stockholders": 890000000.0,
        "Net Income Common Stockholders": 890000000.0,
        "Net Income": 890000000.0,
        "Minority Interests": -38000000.0,
        "Net Income Including Noncontrolling Interests": 928000000.0,
        "Net Income Continuous Operations": 928000000.0,
        "Tax Provision": 297000000.0,
        "Pretax Income": 1225000000.0,
        "Other Income Expense": 152000000.0,
        "Other Non Operating Income Expenses": 22000000.0,
        "Special Income Charges": 11000000.0,
        "Gain On Sale Of Business": 0.0,
        "Other Special Charges": -11000000.0,
        "Write Off": NaN,
        "Earnings From Equity Interest": 96000000.0,
        "Gain On Sale Of Security": 23000000.0,
        "Net Non Operating Interest Income Expense": -35000000.0,
        "Interest Expense Non Operating": 87000000.0,
        "Interest Income Non Operating": 52000000.0,
        "Operating Income": 1108000000.0,
        "Operating Expense": 1173000000.0,
        "Other Operating Expenses": 4000000.0,
        "Depreciation Amortization Depletion Income Statement": 33000000.0,
        "Depreciation And Amortization In Income Statement": 33000000.0,
        "Amortization": 33000000.0,
        "Amortization Of Intangibles Income Statement": 33000000.0,
        "Research And Development": 357000000.0,
        "Selling General And Administration": 779000000.0,
        "General And Administrative Expense": NaN,
        "Other Gand A": NaN,
        "Insurance And Claims": NaN,
        "Salaries And Wages": NaN,
        "Gross Profit": 2281000000.0,
        "Cost Of Revenue": 6362000000.0,
        "Total Revenue": 8643000000.0,
        "Operating Revenue": 8643000000.0
    }
}