{
    "2023-03-31": {
        "Tax Effect Of Unusual Items": NaN,
        "Tax Rate For Calcs": NaN,
        "Normalized EBITDA": NaN,
        "Net Income From Continuing Operation Net Minority Interest": NaN,
        "Reconciled Depreciation": 16000.0,
        "EBITDA": NaN,
        "EBIT": NaN,
        "Net Interest Income": NaN,
        "Normalized Income": NaN,
        "Net Income From Continuing And Discontinued Operation": NaN,
        "Total Expenses": NaN,
        "Diluted Average Shares": NaN,
        "Basic Average Shares": NaN,
        "Diluted EPS": NaN,
        "Basic EPS": NaN,
        "Diluted NI Availto Com Stockholders": NaN,
        "Net Income Common Stockholders": NaN,
        "Net Income": NaN,
        "Net Income Including Noncontrolling Interests": NaN,
        "Net Income Continuous Operations": NaN,
        "Tax Provision": NaN,
        "Pretax Income": NaN,
        "Net Non Operating Interest Income Expense": NaN,
        "Total Other Finance Cost": NaN,
        "Operating Income": NaN,
        "Operating Expense": NaN,
        "Research And Development": NaN,
        "Selling General And Administration": NaN,
        "General And Administrative Expense": NaN,
        "Other Gand A": NaN,
        "Total Revenue": NaN,
        "Operating Revenue": NaN
    },
    "2022-12-31": {
        "Tax Effect Of Unusual Items": 0.0,
        "Tax Rate For Calcs": 0.23,
        "Normalized EBITDA": -8628000.0,
        "Net Income From Continuing Operation Net Minority Interest": -8272000.0,
        "Reconciled Depreciation": 14000.0,
        "EBITDA": -8628000.0,
        "EBIT": -8642000.0,
        "Net Interest Income": 380000.0,
        "Normalized Income": -8272000.0,
        "Net Income From Continuing And Discontinued Operation": -8272000.0,
        "Total Expenses": 8642000.0,
        "Diluted Average Shares": NaN,
        "Basic Average Shares": NaN,
        "Diluted EPS": NaN,
        "Basic EPS": NaN,
        "Diluted NI Availto Com Stockholders": -8272000.0,
        "Net Income Common Stockholders": -8272000.0,
        "Net Income": -8272000.0,
        "Net Income Including Noncontrolling Interests": -8272000.0,
        "Net Income Continuous Operations": -8272000.0,
        "Tax Provision": 10000.0,
        "Pretax Income": -8262000.0,
        "Net Non Operating Interest Income Expense": 380000.0,
        "Total Other Finance Cost": -380000.0,
        "Operating Income": -8642000.0,
        "Operating Expense": 8642000.0,
        "Research And Development": 5895000.0,
        "Selling General And Administration": 2747000.0,
        "General And Administrative Expense": 2747000.0,
        "Other Gand A": 2747000.0,
        "Total Revenue": 0.0,
        "Operating Revenue": 0.0
    },
    "2022-09-30": {
        "Tax Effect Of Unusual Items": 0.0,
        "Tax Rate For Calcs": 0.0,
        "Normalized EBITDA": -8300000.0,
        "Net Income From Continuing Operation Net Minority Interest": -8080000.0,
        "Reconciled Depreciation": 17000.0,
        "EBITDA": -8300000.0,
        "EBIT": -8317000.0,
        "Net Interest Income": 237000.0,
        "Normalized Income": -8080000.0,
        "Net Income From Continuing And Discontinued Operation": -8080000.0,
        "Total Expenses": 8317000.0,
        "Diluted Average Shares": 11438671.0,
        "Basic Average Shares": 11438671.0,
        "Diluted EPS": -0.7,
        "Basic EPS": -0.7,
        "Diluted NI Availto Com Stockholders": -8080000.0,
        "Net Income Common Stockholders": -8080000.0,
        "Net Income": -8080000.0,
        "Net Income Including Noncontrolling Interests": -8080000.0,
        "Net Income Continuous Operations": -8080000.0,
        "Tax Provision": 0.0,
        "Pretax Income": -8080000.0,
        "Net Non Operating Interest Income Expense": 237000.0,
        "Total Other Finance Cost": -237000.0,
        "Operating Income": -8317000.0,
        "Operating Expense": 8317000.0,
        "Research And Development": 5423000.0,
        "Selling General And Administration": 2894000.0,
        "General And Administrative Expense": 2894000.0,
        "Other Gand A": 2894000.0,
        "Total Revenue": 0.0,
        "Operating Revenue": 0.0
    },
    "2022-06-30": {
        "Tax Effect Of Unusual Items": 0.0,
        "Tax Rate For Calcs": 0.080784,
        "Normalized EBITDA": -6240000.0,
        "Net Income From Continuing Operation Net Minority Interest": -6190000.0,
        "Reconciled Depreciation": 14000.0,
        "EBITDA": -6240000.0,
        "EBIT": -6254000.0,
        "Net Interest Income": -480000.0,
        "Normalized Income": -6190000.0,
        "Net Income From Continuing And Discontinued Operation": -6190000.0,
        "Total Expenses": 6254000.0,
        "Diluted Average Shares": 11408664.0,
        "Basic Average Shares": 11408664.0,
        "Diluted EPS": -0.54,
        "Basic EPS": -0.54,
        "Diluted NI Availto Com Stockholders": -6190000.0,
        "Net Income Common Stockholders": -6190000.0,
        "Net Income": -6190000.0,
        "Net Income Including Noncontrolling Interests": -6190000.0,
        "Net Income Continuous Operations": -6190000.0,
        "Tax Provision": -544000.0,
        "Pretax Income": -6734000.0,
        "Net Non Operating Interest Income Expense": -480000.0,
        "Total Other Finance Cost": 480000.0,
        "Operating Income": -6254000.0,
        "Operating Expense": 6254000.0,
        "Research And Development": 2914000.0,
        "Selling General And Administration": 3340000.0,
        "General And Administrative Expense": 3340000.0,
        "Other Gand A": 3340000.0,
        "Total Revenue": 0.0,
        "Operating Revenue": 0.0
    },
    "2022-03-31": {
        "Diluted EPS": -0.45,
        "Total Revenue": NaN,
        "Gross Profit": NaN,
        "Operating Income": -5,
        "EBIT": -5,
        "Net Income": -5
    },
    "2021-12-31": {
        "Diluted EPS": -0.46,
        "Total Revenue": NaN,
        "Gross Profit": NaN,
        "Operating Income": -5,
        "EBIT": -5,
        "Net Income": -5
    },
    "2021-09-30": {
        "Diluted EPS": -0.26,
        "Total Revenue": NaN,
        "Gross Profit": NaN,
        "Operating Income": -3,
        "EBIT": -3,
        "Net Income": -3
    },
    "2021-06-30": {
        "Diluted EPS": -0.26,
        "Total Revenue": NaN,
        "Gross Profit": NaN,
        "Operating Income": -3,
        "EBIT": -3,
        "Net Income": -3
    },
    "2021-03-31": {
        "Diluted EPS": -0.22,
        "Total Revenue": NaN,
        "Gross Profit": NaN,
        "Operating Income": -2,
        "EBIT": -2,
        "Net Income": -2
    },
    "2020-12-31": {
        "Diluted EPS": -0.28,
        "Total Revenue": NaN,
        "Gross Profit": NaN,
        "Operating Income": -2,
        "EBIT": -2,
        "Net Income": -2
    },
    "2020-09-30": {
        "Diluted EPS": -0.18,
        "Total Revenue": NaN,
        "Gross Profit": NaN,
        "Operating Income": -1,
        "EBIT": -1,
        "Net Income": -1
    },
    "2020-06-30": {
        "Diluted EPS": -0.16,
        "Total Revenue": NaN,
        "Gross Profit": NaN,
        "Operating Income": -1,
        "EBIT": -1,
        "Net Income": -1
    },
    "2020-03-31": {
        "Diluted EPS": -0.26,
        "Total Revenue": NaN,
        "Gross Profit": NaN,
        "Operating Income": -2,
        "EBIT": -2,
        "Net Income": -2
    },
    "2019-12-31": {
        "Diluted EPS": -7.79,
        "Total Revenue": NaN,
        "Gross Profit": NaN,
        "Operating Income": -6,
        "EBIT": -5,
        "Net Income": -6
    },
    "2019-09-30": {
        "Diluted EPS": -15.2,
        "Total Revenue": NaN,
        "Gross Profit": NaN,
        "Operating Income": -7,
        "EBIT": -7,
        "Net Income": -7
    },
    "2019-06-30": {
        "Diluted EPS": -9.6,
        "Total Revenue": NaN,
        "Gross Profit": NaN,
        "Operating Income": -5,
        "EBIT": -5,
        "Net Income": -4
    },
    "2019-03-31": {
        "Diluted EPS": -30.4,
        "Total Revenue": NaN,
        "Gross Profit": NaN,
        "Operating Income": -5,
        "EBIT": -5,
        "Net Income": -10
    },
    "2018-12-31": {
        "Diluted EPS": 0.0,
        "Total Revenue": NaN,
        "Gross Profit": NaN,
        "Operating Income": -3,
        "EBIT": -3,
        "Net Income": -2
    },
    "2018-09-30": {
        "Diluted EPS": -13.6,
        "Total Revenue": NaN,
        "Gross Profit": NaN,
        "Operating Income": -3,
        "EBIT": -2,
        "Net Income": -3
    },
    "2018-06-30": {
        "Diluted EPS": -44.0,
        "Total Revenue": NaN,
        "Gross Profit": NaN,
        "Operating Income": -4,
        "EBIT": -4,
        "Net Income": -5
    },
    "2018-03-31": {
        "Diluted EPS": -29.6,
        "Total Revenue": NaN,
        "Gross Profit": NaN,
        "Operating Income": -3,
        "EBIT": -3,
        "Net Income": -4
    },
    "2017-12-31": {
        "Diluted EPS": 0.0,
        "Total Revenue": NaN,
        "Gross Profit": NaN,
        "Operating Income": NaN,
        "EBIT": NaN,
        "Net Income": NaN
    },
    "2017-09-30": {
        "Diluted EPS": -16.0,
        "Total Revenue": NaN,
        "Gross Profit": NaN,
        "Operating Income": -2,
        "EBIT": -2,
        "Net Income": -2
    },
    "2016-12-31": {
        "Diluted EPS": 0.0,
        "Total Revenue": NaN,
        "Gross Profit": NaN,
        "Operating Income": NaN,
        "EBIT": NaN,
        "Net Income": NaN
    },
    "2023-06-30": {
        "Tax Effect Of Unusual Items": NaN,
        "Tax Rate For Calcs": NaN,
        "Normalized EBITDA": NaN,
        "Net Income From Continuing Operation Net Minority Interest": NaN,
        "Reconciled Depreciation": 16000.0,
        "EBITDA": NaN,
        "EBIT": NaN,
        "Net Interest Income": NaN,
        "Normalized Income": NaN,
        "Net Income From Continuing And Discontinued Operation": NaN,
        "Total Expenses": NaN,
        "Diluted Average Shares": 11083706.0,
        "Basic Average Shares": 11083706.0,
        "Diluted EPS": -0.72,
        "Basic EPS": -0.72,
        "Diluted NI Availto Com Stockholders": NaN,
        "Net Income Common Stockholders": NaN,
        "Net Income": NaN,
        "Net Income Including Noncontrolling Interests": NaN,
        "Net Income Continuous Operations": NaN,
        "Tax Provision": NaN,
        "Pretax Income": NaN,
        "Net Non Operating Interest Income Expense": NaN,
        "Total Other Finance Cost": NaN,
        "Operating Income": NaN,
        "Operating Expense": NaN,
        "Research And Development": NaN,
        "Selling General And Administration": NaN,
        "General And Administrative Expense": NaN,
        "Other Gand A": NaN,
        "Total Revenue": NaN,
        "Operating Revenue": NaN
    },
    "2024-03-31": {
        "Tax Effect Of Unusual Items": 0.0,
        "Tax Rate For Calcs": 0.0,
        "Normalized EBITDA": -4048000.0,
        "Net Income From Continuing Operation Net Minority Interest": -3868000.0,
        "EBITDA": -4048000.0,
        "EBIT": -4048000.0,
        "Net Interest Income": 180000.0,
        "Normalized Income": -3868000.0,
        "Net Income From Continuing And Discontinued Operation": -3868000.0,
        "Total Expenses": 4048000.0,
        "Diluted Average Shares": 14207588.0,
        "Basic Average Shares": 14207588.0,
        "Diluted EPS": -0.28,
        "Basic EPS": -0.28,
        "Diluted NI Availto Com Stockholders": -3868000.0,
        "Net Income Common Stockholders": -3868000.0,
        "Net Income": -3868000.0,
        "Net Income Including Noncontrolling Interests": -3868000.0,
        "Net Income Continuous Operations": -3868000.0,
        "Tax Provision": 0.0,
        "Pretax Income": -3868000.0,
        "Net Non Operating Interest Income Expense": 180000.0,
        "Total Other Finance Cost": -180000.0,
        "Operating Income": -4048000.0,
        "Operating Expense": 4048000.0,
        "Research And Development": 3152000.0,
        "Selling General And Administration": 896000.0,
        "General And Administrative Expense": 896000.0,
        "Other Gand A": 896000.0,
        "Total Revenue": 0.0,
        "Operating Revenue": 0.0
    },
    "2024-06-30": {
        "Tax Effect Of Unusual Items": 0.0,
        "Tax Rate For Calcs": 0.0,
        "Normalized EBITDA": -3768000.0,
        "Net Income From Continuing Operation Net Minority Interest": -3631000.0,
        "EBITDA": -3768000.0,
        "EBIT": -3768000.0,
        "Net Interest Income": 137000.0,
        "Normalized Income": -3631000.0,
        "Net Income From Continuing And Discontinued Operation": -3631000.0,
        "Total Expenses": 3768000.0,
        "Diluted Average Shares": 14304007.0,
        "Basic Average Shares": 14304007.0,
        "Diluted EPS": -0.26,
        "Basic EPS": -0.26,
        "Diluted NI Availto Com Stockholders": -3631000.0,
        "Net Income Common Stockholders": -3631000.0,
        "Net Income": -3631000.0,
        "Net Income Including Noncontrolling Interests": -3631000.0,
        "Net Income Continuous Operations": -3631000.0,
        "Tax Provision": 0.0,
        "Pretax Income": -3631000.0,
        "Net Non Operating Interest Income Expense": 137000.0,
        "Total Other Finance Cost": -137000.0,
        "Operating Income": -3768000.0,
        "Operating Expense": 3768000.0,
        "Research And Development": 2928000.0,
        "Selling General And Administration": 840000.0,
        "General And Administrative Expense": 840000.0,
        "Other Gand A": 840000.0,
        "Total Revenue": 0.0,
        "Operating Revenue": 0.0
    },
    "2024-09-30": {
        "Tax Effect Of Unusual Items": 0.0,
        "Tax Rate For Calcs": 0.0,
        "Normalized EBITDA": -3710000.0,
        "Net Income From Continuing Operation Net Minority Interest": -3483000.0,
        "EBITDA": -3710000.0,
        "EBIT": -3710000.0,
        "Net Interest Income": 227000.0,
        "Normalized Income": -3483000.0,
        "Net Income From Continuing And Discontinued Operation": -3483000.0,
        "Total Expenses": 3710000.0,
        "Diluted Average Shares": 17532177.0,
        "Basic Average Shares": 17532177.0,
        "Diluted EPS": -0.2,
        "Basic EPS": -0.2,
        "Diluted NI Availto Com Stockholders": -3483000.0,
        "Net Income Common Stockholders": -3483000.0,
        "Net Income": -3483000.0,
        "Net Income Including Noncontrolling Interests": -3483000.0,
        "Net Income Continuous Operations": -3483000.0,
        "Tax Provision": 0.0,
        "Pretax Income": -3483000.0,
        "Net Non Operating Interest Income Expense": 227000.0,
        "Total Other Finance Cost": -227000.0,
        "Operating Income": -3710000.0,
        "Operating Expense": 3710000.0,
        "Research And Development": 2836000.0,
        "Selling General And Administration": 874000.0,
        "General And Administrative Expense": 874000.0,
        "Other Gand A": 874000.0,
        "Total Revenue": 0.0,
        "Operating Revenue": 0.0
    },
    "2023-12-31": {
        "Tax Effect Of Unusual Items": NaN,
        "Tax Rate For Calcs": NaN,
        "Normalized EBITDA": NaN,
        "Net Income From Continuing Operation Net Minority Interest": NaN,
        "EBITDA": NaN,
        "EBIT": NaN,
        "Net Interest Income": NaN,
        "Normalized Income": NaN,
        "Net Income From Continuing And Discontinued Operation": NaN,
        "Total Expenses": NaN,
        "Diluted Average Shares": NaN,
        "Basic Average Shares": NaN,
        "Diluted EPS": NaN,
        "Basic EPS": NaN,
        "Diluted NI Availto Com Stockholders": NaN,
        "Net Income Common Stockholders": NaN,
        "Net Income": NaN,
        "Net Income Including Noncontrolling Interests": NaN,
        "Net Income Continuous Operations": NaN,
        "Tax Provision": 0.0,
        "Pretax Income": NaN,
        "Net Non Operating Interest Income Expense": NaN,
        "Total Other Finance Cost": NaN,
        "Operating Income": NaN,
        "Operating Expense": NaN,
        "Research And Development": NaN,
        "Selling General And Administration": NaN,
        "General And Administrative Expense": NaN,
        "Other Gand A": NaN,
        "Total Revenue": NaN,
        "Operating Revenue": NaN
    },
    "2023-09-30": {
        "Tax Effect Of Unusual Items": NaN,
        "Tax Rate For Calcs": NaN,
        "Normalized EBITDA": NaN,
        "Net Income From Continuing Operation Net Minority Interest": NaN,
        "EBITDA": NaN,
        "EBIT": NaN,
        "Net Interest Income": NaN,
        "Normalized Income": NaN,
        "Net Income From Continuing And Discontinued Operation": NaN,
        "Total Expenses": NaN,
        "Diluted Average Shares": 11822458.0,
        "Basic Average Shares": 11822458.0,
        "Diluted EPS": -0.34,
        "Basic EPS": -0.34,
        "Diluted NI Availto Com Stockholders": NaN,
        "Net Income Common Stockholders": NaN,
        "Net Income": NaN,
        "Net Income Including Noncontrolling Interests": NaN,
        "Net Income Continuous Operations": NaN,
        "Tax Provision": NaN,
        "Pretax Income": NaN,
        "Net Non Operating Interest Income Expense": NaN,
        "Total Other Finance Cost": NaN,
        "Operating Income": NaN,
        "Operating Expense": NaN,
        "Research And Development": NaN,
        "Selling General And Administration": NaN,
        "General And Administrative Expense": NaN,
        "Other Gand A": NaN,
        "Total Revenue": NaN,
        "Operating Revenue": NaN
    },
    "2024-12-31": {
        "Tax Effect Of Unusual Items": 0.0,
        "Tax Rate For Calcs": 0.0,
        "Normalized EBITDA": -3213000.0,
        "Net Income From Continuing Operation Net Minority Interest": -2963000.0,
        "EBITDA": -3213000.0,
        "EBIT": -3213000.0,
        "Net Interest Income": 250000.0,
        "Normalized Income": -2963000.0,
        "Net Income From Continuing And Discontinued Operation": -2963000.0,
        "Total Expenses": 3213000.0,
        "Diluted Average Shares": 18856611.0,
        "Basic Average Shares": 18856611.0,
        "Diluted EPS": -0.16,
        "Basic EPS": -0.16,
        "Diluted NI Availto Com Stockholders": -2963000.0,
        "Net Income Common Stockholders": -2963000.0,
        "Net Income": -2963000.0,
        "Net Income Including Noncontrolling Interests": -2963000.0,
        "Net Income Continuous Operations": -2963000.0,
        "Tax Provision": 0.0,
        "Pretax Income": -2963000.0,
        "Net Non Operating Interest Income Expense": 250000.0,
        "Total Other Finance Cost": -250000.0,
        "Operating Income": -3213000.0,
        "Operating Expense": 3213000.0,
        "Research And Development": 2411000.0,
        "Selling General And Administration": 802000.0,
        "General And Administrative Expense": 802000.0,
        "Other Gand A": -1371000.0,
        "Total Revenue": 0.0,
        "Operating Revenue": 0.0
    },
    "2025-03-31": {
        "Tax Effect Of Unusual Items": 0.0,
        "Tax Rate For Calcs": 0.0,
        "Normalized EBITDA": -3487000.0,
        "Net Income From Continuing Operation Net Minority Interest": -3323000.0,
        "EBITDA": -3487000.0,
        "EBIT": -3487000.0,
        "Net Interest Income": 164000.0,
        "Normalized Income": -3323000.0,
        "Net Income From Continuing And Discontinued Operation": -3323000.0,
        "Total Expenses": 3487000.0,
        "Diluted Average Shares": 22807496.0,
        "Basic Average Shares": 22807496.0,
        "Diluted EPS": -0.14,
        "Basic EPS": -0.14,
        "Diluted NI Availto Com Stockholders": -3323000.0,
        "Net Income Common Stockholders": -3323000.0,
        "Net Income": -3323000.0,
        "Net Income Including Noncontrolling Interests": -3323000.0,
        "Net Income Continuous Operations": -3323000.0,
        "Tax Provision": NaN,
        "Pretax Income": -3323000.0,
        "Net Non Operating Interest Income Expense": 164000.0,
        "Total Other Finance Cost": -164000.0,
        "Operating Income": -3487000.0,
        "Operating Expense": 3487000.0,
        "Research And Development": 2493000.0,
        "Selling General And Administration": 994000.0,
        "General And Administrative Expense": 994000.0,
        "Other Gand A": 994000.0,
        "Total Revenue": 0.0,
        "Operating Revenue": 0.0
    }
}