{
    "2023-03-31": {
        "Tax Effect Of Unusual Items": NaN,
        "Tax Rate For Calcs": NaN,
        "Normalized EBITDA": NaN,
        "Total Unusual Items": NaN,
        "Total Unusual Items Excluding Goodwill": NaN,
        "Net Income From Continuing Operation Net Minority Interest": NaN,
        "Reconciled Depreciation": NaN,
        "EBITDA": NaN,
        "EBIT": NaN,
        "Net Interest Income": NaN,
        "Interest Income": NaN,
        "Normalized Income": NaN,
        "Net Income From Continuing And Discontinued Operation": NaN,
        "Total Expenses": NaN,
        "Total Operating Income As Reported": NaN,
        "Diluted Average Shares": NaN,
        "Basic Average Shares": NaN,
        "Diluted EPS": NaN,
        "Basic EPS": NaN,
        "Diluted NI Availto Com Stockholders": NaN,
        "Net Income Common Stockholders": NaN,
        "Net Income": NaN,
        "Net Income Including Noncontrolling Interests": NaN,
        "Net Income Continuous Operations": NaN,
        "Tax Provision": NaN,
        "Pretax Income": NaN,
        "Other Income Expense": 1874000.0,
        "Other Non Operating Income Expenses": 1874000.0,
        "Special Income Charges": NaN,
        "Gain On Sale Of Ppe": NaN,
        "Net Non Operating Interest Income Expense": NaN,
        "Interest Income Non Operating": NaN,
        "Operating Income": NaN,
        "Operating Expense": NaN,
        "Research And Development": NaN,
        "Selling General And Administration": NaN,
        "General And Administrative Expense": NaN,
        "Other Gand A": NaN,
        "Total Revenue": NaN,
        "Operating Revenue": NaN
    },
    "2022-12-31": {
        "Tax Effect Of Unusual Items": NaN,
        "Tax Rate For Calcs": NaN,
        "Normalized EBITDA": NaN,
        "Total Unusual Items": 0.0,
        "Total Unusual Items Excluding Goodwill": 0.0,
        "Net Income From Continuing Operation Net Minority Interest": NaN,
        "Reconciled Depreciation": NaN,
        "EBITDA": NaN,
        "EBIT": NaN,
        "Net Interest Income": 1294000.0,
        "Interest Expense": 0.0,
        "Interest Income": 1294000.0,
        "Normalized Income": NaN,
        "Net Income From Continuing And Discontinued Operation": NaN,
        "Total Expenses": NaN,
        "Total Operating Income As Reported": NaN,
        "Diluted Average Shares": NaN,
        "Basic Average Shares": NaN,
        "Diluted EPS": NaN,
        "Basic EPS": NaN,
        "Diluted NI Availto Com Stockholders": NaN,
        "Net Income Common Stockholders": NaN,
        "Net Income": NaN,
        "Net Income Including Noncontrolling Interests": NaN,
        "Net Income Continuous Operations": NaN,
        "Tax Provision": NaN,
        "Pretax Income": NaN,
        "Other Income Expense": 0.0,
        "Other Non Operating Income Expenses": NaN,
        "Special Income Charges": 0.0,
        "Gain On Sale Of Ppe": 0.0,
        "Net Non Operating Interest Income Expense": 1294000.0,
        "Interest Expense Non Operating": 0.0,
        "Interest Income Non Operating": 1294000.0,
        "Operating Income": NaN,
        "Operating Expense": NaN,
        "Research And Development": NaN,
        "Selling General And Administration": NaN,
        "General And Administrative Expense": NaN,
        "Other Gand A": NaN,
        "Total Revenue": NaN,
        "Operating Revenue": NaN
    },
    "2022-09-30": {
        "Tax Effect Of Unusual Items": NaN,
        "Tax Rate For Calcs": NaN,
        "Normalized EBITDA": NaN,
        "Total Unusual Items": 0.0,
        "Total Unusual Items Excluding Goodwill": 0.0,
        "Net Income From Continuing Operation Net Minority Interest": NaN,
        "Reconciled Depreciation": NaN,
        "EBITDA": NaN,
        "EBIT": NaN,
        "Net Interest Income": 623000.0,
        "Interest Expense": 0.0,
        "Interest Income": 623000.0,
        "Normalized Income": NaN,
        "Net Income From Continuing And Discontinued Operation": NaN,
        "Total Expenses": NaN,
        "Total Operating Income As Reported": NaN,
        "Diluted Average Shares": 101010000.0,
        "Basic Average Shares": 101010000.0,
        "Diluted EPS": -0.12,
        "Basic EPS": -0.12,
        "Diluted NI Availto Com Stockholders": NaN,
        "Net Income Common Stockholders": NaN,
        "Net Income": NaN,
        "Net Income Including Noncontrolling Interests": NaN,
        "Net Income Continuous Operations": NaN,
        "Tax Provision": NaN,
        "Pretax Income": NaN,
        "Other Income Expense": NaN,
        "Other Non Operating Income Expenses": NaN,
        "Special Income Charges": 0.0,
        "Gain On Sale Of Ppe": 0.0,
        "Net Non Operating Interest Income Expense": 623000.0,
        "Interest Expense Non Operating": 0.0,
        "Interest Income Non Operating": 623000.0,
        "Operating Income": NaN,
        "Operating Expense": NaN,
        "Research And Development": NaN,
        "Selling General And Administration": NaN,
        "General And Administrative Expense": NaN,
        "Other Gand A": NaN,
        "Total Revenue": NaN,
        "Operating Revenue": NaN
    },
    "2022-06-30": {
        "Tax Effect Of Unusual Items": 0.0,
        "Tax Rate For Calcs": 0.0,
        "Normalized EBITDA": -8065000.0,
        "Total Unusual Items": 69000.0,
        "Total Unusual Items Excluding Goodwill": 69000.0,
        "Net Income From Continuing Operation Net Minority Interest": -8494000.0,
        "Reconciled Depreciation": 498000.0,
        "EBITDA": -7996000.0,
        "EBIT": -8494000.0,
        "Net Interest Income": 424000.0,
        "Interest Expense": 0.0,
        "Interest Income": 424000.0,
        "Normalized Income": -8563000.0,
        "Net Income From Continuing And Discontinued Operation": -8494000.0,
        "Total Expenses": 8987000.0,
        "Total Operating Income As Reported": -8987000.0,
        "Diluted Average Shares": 100947000.0,
        "Basic Average Shares": 100947000.0,
        "Diluted EPS": -0.08,
        "Basic EPS": -0.08,
        "Diluted NI Availto Com Stockholders": -8494000.0,
        "Net Income Common Stockholders": -8494000.0,
        "Net Income": -8494000.0,
        "Net Income Including Noncontrolling Interests": -8494000.0,
        "Net Income Continuous Operations": -8494000.0,
        "Tax Provision": 0.0,
        "Pretax Income": -8494000.0,
        "Other Income Expense": 69000.0,
        "Other Non Operating Income Expenses": NaN,
        "Special Income Charges": 69000.0,
        "Gain On Sale Of Ppe": 69000.0,
        "Net Non Operating Interest Income Expense": 424000.0,
        "Interest Expense Non Operating": 0.0,
        "Interest Income Non Operating": 424000.0,
        "Operating Income": -8987000.0,
        "Operating Expense": 8987000.0,
        "Research And Development": 5862000.0,
        "Selling General And Administration": 3125000.0,
        "General And Administrative Expense": 3125000.0,
        "Other Gand A": 3125000.0,
        "Total Revenue": 0.0,
        "Operating Revenue": 0.0
    },
    "2022-03-31": {
        "Diluted EPS": -0.07,
        "Total Revenue": NaN,
        "Gross Profit": NaN,
        "Operating Income": -7,
        "EBIT": -7,
        "Net Income": -7
    },
    "2021-12-31": {
        "Diluted EPS": 0.0,
        "Total Revenue": NaN,
        "Gross Profit": NaN,
        "Operating Income": -13,
        "EBIT": -13,
        "Net Income": -13
    },
    "2021-09-30": {
        "Diluted EPS": -0.1,
        "Total Revenue": NaN,
        "Gross Profit": NaN,
        "Operating Income": -6,
        "EBIT": -5,
        "Net Income": -6
    },
    "2021-06-30": {
        "Diluted EPS": -1.07,
        "Total Revenue": NaN,
        "Gross Profit": NaN,
        "Operating Income": -56,
        "EBIT": -55,
        "Net Income": -56
    },
    "2021-03-31": {
        "Diluted EPS": -0.14,
        "Total Revenue": NaN,
        "Gross Profit": NaN,
        "Operating Income": -7,
        "EBIT": -7,
        "Net Income": -7
    },
    "2020-12-31": {
        "Diluted EPS": 0.53,
        "Total Revenue": NaN,
        "Gross Profit": NaN,
        "Operating Income": -8,
        "EBIT": -7,
        "Net Income": -8
    },
    "2020-09-30": {
        "Diluted EPS": -0.18,
        "Total Revenue": NaN,
        "Gross Profit": NaN,
        "Operating Income": -9,
        "EBIT": -9,
        "Net Income": -9
    },
    "2020-06-30": {
        "Diluted EPS": -0.41,
        "Total Revenue": NaN,
        "Gross Profit": NaN,
        "Operating Income": -5,
        "EBIT": -5,
        "Net Income": -6
    },
    "2020-03-31": {
        "Diluted EPS": -0.9,
        "Total Revenue": NaN,
        "Gross Profit": NaN,
        "Operating Income": -6,
        "EBIT": -5,
        "Net Income": -6
    },
    "2019-12-31": {
        "Diluted EPS": 0.0,
        "Total Revenue": NaN,
        "Gross Profit": NaN,
        "Operating Income": 0,
        "EBIT": NaN,
        "Net Income": 0
    },
    "2019-09-30": {
        "Diluted EPS": -1.27,
        "Total Revenue": NaN,
        "Gross Profit": NaN,
        "Operating Income": -8,
        "EBIT": -8,
        "Net Income": -9
    },
    "2019-06-30": {
        "Diluted EPS": -1.33,
        "Total Revenue": NaN,
        "Gross Profit": NaN,
        "Operating Income": -9,
        "EBIT": -9,
        "Net Income": -9
    },
    "2019-03-31": {
        "Diluted EPS": 0.0,
        "Total Revenue": NaN,
        "Gross Profit": NaN,
        "Operating Income": NaN,
        "EBIT": NaN,
        "Net Income": NaN
    },
    "2018-12-31": {
        "Diluted EPS": -0.0,
        "Total Revenue": NaN,
        "Gross Profit": NaN,
        "Operating Income": 0,
        "EBIT": 0,
        "Net Income": 0
    },
    "2018-09-30": {
        "Diluted EPS": -0.0,
        "Total Revenue": NaN,
        "Gross Profit": NaN,
        "Operating Income": 0,
        "EBIT": 0,
        "Net Income": 0
    },
    "2018-06-30": {
        "Diluted EPS": -0.0,
        "Total Revenue": NaN,
        "Gross Profit": NaN,
        "Operating Income": 0,
        "EBIT": 0,
        "Net Income": 0
    },
    "2018-03-31": {
        "Diluted EPS": 0.0,
        "Total Revenue": NaN,
        "Gross Profit": NaN,
        "Operating Income": NaN,
        "EBIT": NaN,
        "Net Income": NaN
    },
    "2023-06-30": {
        "Tax Effect Of Unusual Items": NaN,
        "Tax Rate For Calcs": NaN,
        "Normalized EBITDA": NaN,
        "Total Unusual Items": 0.0,
        "Total Unusual Items Excluding Goodwill": 0.0,
        "Net Income From Continuing Operation Net Minority Interest": NaN,
        "Reconciled Depreciation": NaN,
        "EBITDA": NaN,
        "EBIT": NaN,
        "Net Interest Income": 2059000.0,
        "Interest Income": 2059000.0,
        "Normalized Income": NaN,
        "Net Income From Continuing And Discontinued Operation": NaN,
        "Total Expenses": NaN,
        "Total Operating Income As Reported": NaN,
        "Diluted Average Shares": 126729000.0,
        "Basic Average Shares": 126729000.0,
        "Diluted EPS": -0.09,
        "Basic EPS": -0.09,
        "Diluted NI Availto Com Stockholders": NaN,
        "Net Income Common Stockholders": NaN,
        "Net Income": NaN,
        "Net Income Including Noncontrolling Interests": NaN,
        "Net Income Continuous Operations": NaN,
        "Tax Provision": 0.0,
        "Pretax Income": NaN,
        "Other Income Expense": NaN,
        "Other Non Operating Income Expenses": NaN,
        "Special Income Charges": 0.0,
        "Gain On Sale Of Ppe": 0.0,
        "Net Non Operating Interest Income Expense": 2059000.0,
        "Interest Income Non Operating": 2059000.0,
        "Operating Income": NaN,
        "Operating Expense": NaN,
        "Research And Development": NaN,
        "Selling General And Administration": NaN,
        "General And Administrative Expense": NaN,
        "Other Gand A": NaN,
        "Total Revenue": NaN,
        "Operating Revenue": NaN
    },
    "2023-09-30": {
        "Tax Effect Of Unusual Items": 0.0,
        "Tax Rate For Calcs": 0.0,
        "Normalized EBITDA": -11460000.0,
        "Total Unusual Items": 0.0,
        "Total Unusual Items Excluding Goodwill": 0.0,
        "Net Income From Continuing Operation Net Minority Interest": -9964000.0,
        "Reconciled Depreciation": 466000.0,
        "EBITDA": -11460000.0,
        "EBIT": -11926000.0,
        "Net Interest Income": 1962000.0,
        "Interest Income": 1962000.0,
        "Normalized Income": -9964000.0,
        "Net Income From Continuing And Discontinued Operation": -9964000.0,
        "Total Expenses": 11926000.0,
        "Total Operating Income As Reported": -11926000.0,
        "Diluted Average Shares": 127424000.0,
        "Basic Average Shares": 127424000.0,
        "Diluted EPS": -0.08,
        "Basic EPS": -0.08,
        "Diluted NI Availto Com Stockholders": -9964000.0,
        "Net Income Common Stockholders": -9964000.0,
        "Net Income": -9964000.0,
        "Net Income Including Noncontrolling Interests": -9964000.0,
        "Net Income Continuous Operations": -9964000.0,
        "Tax Provision": 0.0,
        "Pretax Income": -9964000.0,
        "Other Income Expense": NaN,
        "Other Non Operating Income Expenses": NaN,
        "Special Income Charges": 0.0,
        "Gain On Sale Of Ppe": 0.0,
        "Net Non Operating Interest Income Expense": 1962000.0,
        "Interest Income Non Operating": 1962000.0,
        "Operating Income": -11926000.0,
        "Operating Expense": 11926000.0,
        "Research And Development": 8831000.0,
        "Selling General And Administration": 3095000.0,
        "General And Administrative Expense": 3095000.0,
        "Other Gand A": 3095000.0,
        "Total Revenue": 0.0,
        "Operating Revenue": 0.0
    },
    "2023-12-31": {
        "Tax Effect Of Unusual Items": 0.0,
        "Tax Rate For Calcs": 0.0,
        "Normalized EBITDA": -14925000.0,
        "Total Unusual Items": 0.0,
        "Total Unusual Items Excluding Goodwill": 0.0,
        "Net Income From Continuing Operation Net Minority Interest": -13415000.0,
        "Reconciled Depreciation": 468000.0,
        "EBITDA": -14925000.0,
        "EBIT": -15393000.0,
        "Net Interest Income": 1978000.0,
        "Interest Income": 1978000.0,
        "Normalized Income": -13415000.0,
        "Net Income From Continuing And Discontinued Operation": -13415000.0,
        "Total Expenses": 15393000.0,
        "Total Operating Income As Reported": -15393000.0,
        "Diluted Average Shares": NaN,
        "Basic Average Shares": NaN,
        "Diluted EPS": NaN,
        "Basic EPS": NaN,
        "Diluted NI Availto Com Stockholders": -13415000.0,
        "Net Income Common Stockholders": -13415000.0,
        "Net Income": -13415000.0,
        "Net Income Including Noncontrolling Interests": -13415000.0,
        "Net Income Continuous Operations": -13415000.0,
        "Tax Provision": 0.0,
        "Pretax Income": -13415000.0,
        "Other Income Expense": NaN,
        "Other Non Operating Income Expenses": NaN,
        "Special Income Charges": 0.0,
        "Gain On Sale Of Ppe": 0.0,
        "Net Non Operating Interest Income Expense": 1978000.0,
        "Interest Income Non Operating": 1978000.0,
        "Operating Income": -15393000.0,
        "Operating Expense": 15393000.0,
        "Research And Development": 12426000.0,
        "Selling General And Administration": 2967000.0,
        "General And Administrative Expense": 2967000.0,
        "Other Gand A": 2967000.0,
        "Total Revenue": 0.0,
        "Operating Revenue": 0.0
    },
    "2024-03-31": {
        "Tax Effect Of Unusual Items": 0.0,
        "Tax Rate For Calcs": 0.0,
        "Normalized EBITDA": -12307000.0,
        "Total Unusual Items": NaN,
        "Total Unusual Items Excluding Goodwill": NaN,
        "Net Income From Continuing Operation Net Minority Interest": -10787000.0,
        "Reconciled Depreciation": 463000.0,
        "EBITDA": -12307000.0,
        "EBIT": -12770000.0,
        "Net Interest Income": NaN,
        "Interest Income": NaN,
        "Normalized Income": -10787000.0,
        "Net Income From Continuing And Discontinued Operation": -10787000.0,
        "Total Expenses": 12770000.0,
        "Total Operating Income As Reported": -12770000.0,
        "Diluted Average Shares": 136608000.0,
        "Basic Average Shares": 136608000.0,
        "Diluted EPS": -0.08,
        "Basic EPS": -0.08,
        "Diluted NI Availto Com Stockholders": -10787000.0,
        "Net Income Common Stockholders": -10787000.0,
        "Net Income": -10787000.0,
        "Net Income Including Noncontrolling Interests": -10787000.0,
        "Net Income Continuous Operations": -10787000.0,
        "Tax Provision": 0.0,
        "Pretax Income": -10787000.0,
        "Other Income Expense": 1983000.0,
        "Other Non Operating Income Expenses": 1983000.0,
        "Special Income Charges": NaN,
        "Gain On Sale Of Ppe": NaN,
        "Net Non Operating Interest Income Expense": NaN,
        "Interest Income Non Operating": NaN,
        "Operating Income": -12770000.0,
        "Operating Expense": 12770000.0,
        "Research And Development": 9522000.0,
        "Selling General And Administration": 3248000.0,
        "General And Administrative Expense": 3248000.0,
        "Other Gand A": 3248000.0,
        "Total Revenue": 0.0,
        "Operating Revenue": 0.0
    },
    "2024-06-30": {
        "Tax Effect Of Unusual Items": 0.0,
        "Tax Rate For Calcs": 0.0,
        "Normalized EBITDA": -14579000.0,
        "Total Unusual Items": 0.0,
        "Total Unusual Items Excluding Goodwill": 0.0,
        "Net Income From Continuing Operation Net Minority Interest": -13076000.0,
        "Reconciled Depreciation": 466000.0,
        "EBITDA": -14579000.0,
        "EBIT": -15045000.0,
        "Net Interest Income": 1969000.0,
        "Interest Income": 1969000.0,
        "Normalized Income": -13076000.0,
        "Net Income From Continuing And Discontinued Operation": -13076000.0,
        "Total Expenses": 15895000.0,
        "Total Operating Income As Reported": -15045000.0,
        "Diluted Average Shares": 137589000.0,
        "Basic Average Shares": 137589000.0,
        "Diluted EPS": -0.1,
        "Basic EPS": -0.1,
        "Diluted NI Availto Com Stockholders": -13076000.0,
        "Net Income Common Stockholders": -13076000.0,
        "Net Income": -13076000.0,
        "Net Income Including Noncontrolling Interests": -13076000.0,
        "Net Income Continuous Operations": -13076000.0,
        "Tax Provision": 0.0,
        "Pretax Income": -13076000.0,
        "Other Income Expense": NaN,
        "Other Non Operating Income Expenses": NaN,
        "Special Income Charges": 0.0,
        "Gain On Sale Of Ppe": 0.0,
        "Net Non Operating Interest Income Expense": 1969000.0,
        "Interest Income Non Operating": 1969000.0,
        "Operating Income": -15045000.0,
        "Operating Expense": 15895000.0,
        "Research And Development": 11174000.0,
        "Selling General And Administration": 4721000.0,
        "General And Administrative Expense": 4721000.0,
        "Other Gand A": 4721000.0,
        "Total Revenue": 850000.0,
        "Operating Revenue": 850000.0
    },
    "2024-09-30": {
        "Tax Effect Of Unusual Items": 0.0,
        "Tax Rate For Calcs": 0.0,
        "Normalized EBITDA": -11774000.0,
        "Total Unusual Items": NaN,
        "Total Unusual Items Excluding Goodwill": NaN,
        "Net Income From Continuing Operation Net Minority Interest": -10481000.0,
        "Reconciled Depreciation": 465000.0,
        "EBITDA": -11774000.0,
        "EBIT": -12239000.0,
        "Net Interest Income": 1758000.0,
        "Interest Income": 1758000.0,
        "Normalized Income": -10481000.0,
        "Net Income From Continuing And Discontinued Operation": -10481000.0,
        "Total Expenses": 12239000.0,
        "Total Operating Income As Reported": -12239000.0,
        "Diluted Average Shares": 137589000.0,
        "Basic Average Shares": 137589000.0,
        "Diluted EPS": -0.08,
        "Basic EPS": -0.08,
        "Diluted NI Availto Com Stockholders": -10481000.0,
        "Net Income Common Stockholders": -10481000.0,
        "Net Income": -10481000.0,
        "Net Income Including Noncontrolling Interests": -10481000.0,
        "Net Income Continuous Operations": -10481000.0,
        "Tax Provision": NaN,
        "Pretax Income": -10481000.0,
        "Other Income Expense": NaN,
        "Other Non Operating Income Expenses": NaN,
        "Special Income Charges": NaN,
        "Gain On Sale Of Ppe": NaN,
        "Net Non Operating Interest Income Expense": 1758000.0,
        "Interest Income Non Operating": 1758000.0,
        "Operating Income": -12239000.0,
        "Operating Expense": 12239000.0,
        "Research And Development": 8612000.0,
        "Selling General And Administration": 3627000.0,
        "General And Administrative Expense": 3627000.0,
        "Other Gand A": 3627000.0,
        "Total Revenue": 0.0,
        "Operating Revenue": 0.0
    }
}