{
    "2023-03-31": {
        "Tax Effect Of Unusual Items": 0.0,
        "Tax Rate For Calcs": 0.0,
        "Normalized EBITDA": -2472196.0,
        "Total Unusual Items": 26762.0,
        "Total Unusual Items Excluding Goodwill": 26762.0,
        "Net Income From Continuing Operation Net Minority Interest": -2481312.0,
        "Reconciled Depreciation": 28260.0,
        "Reconciled Cost Of Revenue": 116519.0,
        "EBITDA": -2445434.0,
        "EBIT": -2473694.0,
        "Net Interest Income": -7618.0,
        "Interest Expense": 7618.0,
        "Normalized Income": -2508074.0,
        "Net Income From Continuing And Discontinued Operation": -2481312.0,
        "Total Expenses": 2893371.0,
        "Total Operating Income As Reported": -2500456.0,
        "Diluted Average Shares": 19033436.0,
        "Basic Average Shares": 19033436.0,
        "Diluted EPS": -0.13,
        "Basic EPS": -0.13,
        "Diluted NI Availto Com Stockholders": -2568128.0,
        "Net Income Common Stockholders": -2568128.0,
        "Otherunder Preferred Stock Dividend": 86816.0,
        "Net Income": -2481312.0,
        "Net Income Including Noncontrolling Interests": -2481312.0,
        "Net Income Continuous Operations": -2481312.0,
        "Pretax Income": -2481312.0,
        "Other Income Expense": 26762.0,
        "Other Non Operating Income Expenses": NaN,
        "Special Income Charges": NaN,
        "Restructuring And Mergern Acquisition": NaN,
        "Gain On Sale Of Security": 26762.0,
        "Net Non Operating Interest Income Expense": -7618.0,
        "Interest Expense Non Operating": 7618.0,
        "Operating Income": -2500456.0,
        "Operating Expense": 2776852.0,
        "Research And Development": 343705.0,
        "Selling General And Administration": 2433147.0,
        "General And Administrative Expense": 2433147.0,
        "Other Gand A": 2433147.0,
        "Gross Profit": 276396.0,
        "Cost Of Revenue": 116519.0,
        "Total Revenue": 392915.0,
        "Operating Revenue": 392915.0
    },
    "2022-12-31": {
        "Tax Effect Of Unusual Items": 0.0,
        "Tax Rate For Calcs": 0.0,
        "Normalized EBITDA": -2985318.0,
        "Total Unusual Items": 54105.0,
        "Total Unusual Items Excluding Goodwill": 54105.0,
        "Net Income From Continuing Operation Net Minority Interest": -2962594.0,
        "Reconciled Depreciation": 23763.0,
        "Reconciled Cost Of Revenue": 50360.0,
        "EBITDA": -2931213.0,
        "EBIT": -2954976.0,
        "Net Interest Income": -7618.0,
        "Interest Expense": 7618.0,
        "Normalized Income": -3016699.0,
        "Net Income From Continuing And Discontinued Operation": -2962594.0,
        "Total Expenses": 3165201.0,
        "Total Operating Income As Reported": -3009081.0,
        "Diluted Average Shares": 16709221.0,
        "Basic Average Shares": 16709221.0,
        "Diluted EPS": -0.182442,
        "Basic EPS": -0.182442,
        "Diluted NI Availto Com Stockholders": -3048466.0,
        "Net Income Common Stockholders": -3048466.0,
        "Otherunder Preferred Stock Dividend": 85872.0,
        "Net Income": -2962594.0,
        "Net Income Including Noncontrolling Interests": -2962594.0,
        "Net Income Continuous Operations": -2962594.0,
        "Pretax Income": -2962594.0,
        "Other Income Expense": 54105.0,
        "Other Non Operating Income Expenses": 0.0,
        "Special Income Charges": 0.0,
        "Restructuring And Mergern Acquisition": 0.0,
        "Gain On Sale Of Security": 54105.0,
        "Net Non Operating Interest Income Expense": -7618.0,
        "Interest Expense Non Operating": 7618.0,
        "Operating Income": -3009081.0,
        "Operating Expense": 3114841.0,
        "Research And Development": 489263.0,
        "Selling General And Administration": 2625578.0,
        "General And Administrative Expense": 2625578.0,
        "Other Gand A": 2625578.0,
        "Gross Profit": 105760.0,
        "Cost Of Revenue": 50360.0,
        "Total Revenue": 156120.0,
        "Operating Revenue": 156120.0
    },
    "2022-09-30": {
        "Tax Effect Of Unusual Items": 0.0,
        "Tax Rate For Calcs": 0.0,
        "Normalized EBITDA": -3564472.0,
        "Total Unusual Items": 500327.0,
        "Total Unusual Items Excluding Goodwill": 500327.0,
        "Net Income From Continuing Operation Net Minority Interest": -3076841.0,
        "Reconciled Depreciation": 23790.0,
        "Reconciled Cost Of Revenue": 60963.0,
        "EBITDA": -3064145.0,
        "EBIT": -3064145.0,
        "Net Interest Income": -12696.0,
        "Interest Expense": 12696.0,
        "Normalized Income": -3577168.0,
        "Net Income From Continuing And Discontinued Operation": -3076841.0,
        "Total Expenses": 2770317.0,
        "Total Operating Income As Reported": -2535395.0,
        "Diluted Average Shares": 16024011.0,
        "Basic Average Shares": 16024011.0,
        "Diluted EPS": -0.2,
        "Basic EPS": -0.2,
        "Diluted NI Availto Com Stockholders": -3163657.0,
        "Net Income Common Stockholders": -3163657.0,
        "Otherunder Preferred Stock Dividend": 86816.0,
        "Net Income": -3076841.0,
        "Net Income Including Noncontrolling Interests": -3076841.0,
        "Net Income Continuous Operations": -3076841.0,
        "Pretax Income": -3076841.0,
        "Other Income Expense": -528750.0,
        "Other Non Operating Income Expenses": -1029077.0,
        "Special Income Charges": 0.0,
        "Restructuring And Mergern Acquisition": 0.0,
        "Gain On Sale Of Security": 500327.0,
        "Net Non Operating Interest Income Expense": -12696.0,
        "Interest Expense Non Operating": 12696.0,
        "Operating Income": -2535395.0,
        "Operating Expense": 2709354.0,
        "Research And Development": 394800.0,
        "Selling General And Administration": 2314554.0,
        "General And Administrative Expense": 2314554.0,
        "Other Gand A": 2314554.0,
        "Gross Profit": 173959.0,
        "Cost Of Revenue": 60963.0,
        "Total Revenue": 234922.0,
        "Operating Revenue": 234922.0
    },
    "2022-06-30": {
        "Tax Effect Of Unusual Items": 0.0,
        "Tax Rate For Calcs": 0.0,
        "Normalized EBITDA": -3972887.0,
        "Total Unusual Items": -5112381.0,
        "Total Unusual Items Excluding Goodwill": -5112381.0,
        "Net Income From Continuing Operation Net Minority Interest": -9085268.0,
        "Reconciled Depreciation": 21620.0,
        "Reconciled Cost Of Revenue": 54543.0,
        "EBITDA": -9085268.0,
        "EBIT": -9085268.0,
        "Net Interest Income": 0.0,
        "Interest Expense": 0.0,
        "Normalized Income": -3972887.0,
        "Net Income From Continuing And Discontinued Operation": -9085268.0,
        "Total Expenses": 4119613.0,
        "Total Operating Income As Reported": -3972887.0,
        "Diluted Average Shares": 8142383.0,
        "Basic Average Shares": 8142383.0,
        "Diluted EPS": -1.14,
        "Basic EPS": -1.14,
        "Diluted NI Availto Com Stockholders": -9286436.0,
        "Net Income Common Stockholders": -9286436.0,
        "Otherunder Preferred Stock Dividend": 201168.0,
        "Net Income": -9085268.0,
        "Net Income Including Noncontrolling Interests": -9085268.0,
        "Net Income Continuous Operations": -9085268.0,
        "Pretax Income": -9085268.0,
        "Other Income Expense": -5112381.0,
        "Other Non Operating Income Expenses": NaN,
        "Special Income Charges": -6566821.0,
        "Restructuring And Mergern Acquisition": 6566821.0,
        "Gain On Sale Of Security": 1454440.0,
        "Net Non Operating Interest Income Expense": 0.0,
        "Interest Expense Non Operating": 0.0,
        "Operating Income": -3972887.0,
        "Operating Expense": 4065070.0,
        "Research And Development": 368553.0,
        "Selling General And Administration": 3696517.0,
        "General And Administrative Expense": 3696517.0,
        "Other Gand A": 3696517.0,
        "Gross Profit": 92183.0,
        "Cost Of Revenue": 54543.0,
        "Total Revenue": 146726.0,
        "Operating Revenue": 146726.0
    },
    "2022-03-31": {
        "Diluted EPS": -4.01,
        "Total Revenue": 0,
        "Gross Profit": 0,
        "Operating Income": -2,
        "EBIT": -2,
        "Net Income": -3
    },
    "2021-12-31": {
        "Diluted EPS": 4.89,
        "Total Revenue": 0,
        "Gross Profit": 0,
        "Operating Income": -2,
        "EBIT": -2,
        "Net Income": -7
    },
    "2021-09-30": {
        "Diluted EPS": -6.34,
        "Total Revenue": 0,
        "Gross Profit": 0,
        "Operating Income": -1,
        "EBIT": -1,
        "Net Income": -1
    },
    "2021-06-30": {
        "Diluted EPS": -0.68,
        "Total Revenue": 0,
        "Gross Profit": 0,
        "Operating Income": -2,
        "EBIT": -2,
        "Net Income": -2
    },
    "2021-03-31": {
        "Diluted EPS": 0.32,
        "Total Revenue": NaN,
        "Gross Profit": NaN,
        "Operating Income": 0,
        "EBIT": 0,
        "Net Income": 4
    },
    "2020-12-31": {
        "Diluted EPS": 0.0,
        "Total Revenue": NaN,
        "Gross Profit": NaN,
        "Operating Income": NaN,
        "EBIT": NaN,
        "Net Income": NaN
    },
    "2020-09-30": {
        "Diluted EPS": 0.0,
        "Total Revenue": NaN,
        "Gross Profit": NaN,
        "Operating Income": NaN,
        "EBIT": NaN,
        "Net Income": NaN
    },
    "2023-06-30": {
        "Tax Effect Of Unusual Items": 0.0,
        "Tax Rate For Calcs": 0.0,
        "Normalized EBITDA": -1455390.0,
        "Total Unusual Items": 72591.0,
        "Total Unusual Items Excluding Goodwill": 72591.0,
        "Net Income From Continuing Operation Net Minority Interest": -1411620.0,
        "Reconciled Depreciation": 24844.0,
        "Reconciled Cost Of Revenue": 56040.0,
        "EBITDA": -1382799.0,
        "EBIT": -1407643.0,
        "Net Interest Income": -3977.0,
        "Interest Expense": 3977.0,
        "Normalized Income": -1484211.0,
        "Net Income From Continuing And Discontinued Operation": -1411620.0,
        "Total Expenses": 1795289.0,
        "Total Operating Income As Reported": -1480234.0,
        "Diluted Average Shares": 19154681.0,
        "Basic Average Shares": 19154681.0,
        "Diluted EPS": -0.08,
        "Basic EPS": -0.08,
        "Diluted NI Availto Com Stockholders": -1497492.0,
        "Net Income Common Stockholders": -1497492.0,
        "Otherunder Preferred Stock Dividend": 85872.0,
        "Net Income": -1411620.0,
        "Net Income Including Noncontrolling Interests": -1411620.0,
        "Net Income Continuous Operations": -1411620.0,
        "Pretax Income": -1411620.0,
        "Other Income Expense": 72591.0,
        "Other Non Operating Income Expenses": NaN,
        "Special Income Charges": 0.0,
        "Restructuring And Mergern Acquisition": 0.0,
        "Gain On Sale Of Security": 72591.0,
        "Net Non Operating Interest Income Expense": -3977.0,
        "Interest Expense Non Operating": 3977.0,
        "Operating Income": -1480234.0,
        "Operating Expense": 1739249.0,
        "Research And Development": 235696.0,
        "Selling General And Administration": 1503553.0,
        "General And Administrative Expense": 1503553.0,
        "Other Gand A": 1503553.0,
        "Gross Profit": 259015.0,
        "Cost Of Revenue": 56040.0,
        "Total Revenue": 315055.0,
        "Operating Revenue": 315055.0
    },
    "2023-09-30": {
        "Tax Effect Of Unusual Items": 0.0,
        "Tax Rate For Calcs": 0.0,
        "Normalized EBITDA": -2157071.0,
        "Total Unusual Items": 9325.0,
        "Total Unusual Items Excluding Goodwill": 9325.0,
        "Net Income From Continuing Operation Net Minority Interest": -2153711.0,
        "Reconciled Depreciation": 22994.0,
        "Reconciled Cost Of Revenue": 41961.0,
        "EBITDA": -2147746.0,
        "EBIT": -2147746.0,
        "Net Interest Income": -5965.0,
        "Interest Expense": 5965.0,
        "Normalized Income": -2163036.0,
        "Net Income From Continuing And Discontinued Operation": -2153711.0,
        "Total Expenses": 2293381.0,
        "Total Operating Income As Reported": -2157071.0,
        "Diluted Average Shares": 23113051.0,
        "Basic Average Shares": 23113051.0,
        "Diluted EPS": -0.1,
        "Basic EPS": -0.1,
        "Diluted NI Availto Com Stockholders": -2239179.0,
        "Net Income Common Stockholders": -2239179.0,
        "Otherunder Preferred Stock Dividend": 85468.0,
        "Net Income": -2153711.0,
        "Net Income Including Noncontrolling Interests": -2153711.0,
        "Net Income Continuous Operations": -2153711.0,
        "Pretax Income": -2153711.0,
        "Other Income Expense": 9325.0,
        "Other Non Operating Income Expenses": NaN,
        "Special Income Charges": 0.0,
        "Restructuring And Mergern Acquisition": 0.0,
        "Gain On Sale Of Security": 9325.0,
        "Net Non Operating Interest Income Expense": -5965.0,
        "Interest Expense Non Operating": 5965.0,
        "Operating Income": -2157071.0,
        "Operating Expense": 2251420.0,
        "Research And Development": 366015.0,
        "Selling General And Administration": 1885405.0,
        "General And Administrative Expense": 1885405.0,
        "Other Gand A": 1885405.0,
        "Gross Profit": 94349.0,
        "Cost Of Revenue": 41961.0,
        "Total Revenue": 136310.0,
        "Operating Revenue": 136310.0
    }
}