{
    "2023-06-30": {
        "Tax Effect Of Unusual Items": 0.0,
        "Tax Rate For Calcs": 0.216066,
        "Net Income From Continuing Operation Net Minority Interest": 283000000.0,
        "Reconciled Depreciation": 16000000.0,
        "EBIT": 392000000.0,
        "Net Interest Income": -31000000.0,
        "Interest Expense": 31000000.0,
        "Normalized Income": 283000000.0,
        "Net Income From Continuing And Discontinued Operation": 283000000.0,
        "Total Expenses": 2888000000.0,
        "Diluted Average Shares": 272000000.0,
        "Basic Average Shares": 271200000.0,
        "Diluted EPS": 1.04,
        "Basic EPS": 1.04,
        "Diluted NI Availto Com Stockholders": 283000000.0,
        "Net Income Common Stockholders": 283000000.0,
        "Net Income": 283000000.0,
        "Net Income Including Noncontrolling Interests": 283000000.0,
        "Net Income Continuous Operations": 283000000.0,
        "Tax Provision": 78000000.0,
        "Pretax Income": 361000000.0,
        "Other Income Expense": 414000000.0,
        "Net Non Operating Interest Income Expense": -31000000.0,
        "Interest Expense Non Operating": 31000000.0,
        "Other Operating Expenses": 730000000.0,
        "Total Revenue": 3249000000.0,
        "Operating Revenue": 3249000000.0,
        "Loss Adjustment Expense": 1779000000.0,
        "Net Policyholder Benefits And Claims": 1779000000.0
    },
    "2023-03-31": {
        "Tax Effect Of Unusual Items": 0.0,
        "Tax Rate For Calcs": 0.199461,
        "Net Income From Continuing Operation Net Minority Interest": 297000000.0,
        "Reconciled Depreciation": 12000000.0,
        "EBIT": 399000000.0,
        "Net Interest Income": -28000000.0,
        "Interest Expense": 28000000.0,
        "Normalized Income": 297000000.0,
        "Net Income From Continuing And Discontinued Operation": 297000000.0,
        "Total Expenses": 2756000000.0,
        "Diluted Average Shares": 272300000.0,
        "Basic Average Shares": 271300000.0,
        "Diluted EPS": 1.09,
        "Basic EPS": 1.1,
        "Diluted NI Availto Com Stockholders": 297000000.0,
        "Net Income Common Stockholders": 297000000.0,
        "Net Income": 297000000.0,
        "Net Income Including Noncontrolling Interests": 297000000.0,
        "Net Income Continuous Operations": 297000000.0,
        "Tax Provision": 74000000.0,
        "Pretax Income": 371000000.0,
        "Other Income Expense": 414000000.0,
        "Net Non Operating Interest Income Expense": -28000000.0,
        "Interest Expense Non Operating": 28000000.0,
        "Other Operating Expenses": 721000000.0,
        "Total Revenue": 3127000000.0,
        "Operating Revenue": 3127000000.0,
        "Loss Adjustment Expense": 1653000000.0,
        "Net Policyholder Benefits And Claims": 1653000000.0
    },
    "2022-12-31": {
        "Tax Effect Of Unusual Items": 0.0,
        "Tax Rate For Calcs": 0.156463,
        "Net Income From Continuing Operation Net Minority Interest": 248000000.0,
        "Reconciled Depreciation": 13000000.0,
        "EBIT": 322000000.0,
        "Net Interest Income": -28000000.0,
        "Interest Expense": 28000000.0,
        "Normalized Income": 248000000.0,
        "Net Income From Continuing And Discontinued Operation": 248000000.0,
        "Total Expenses": 2818000000.0,
        "Diluted Average Shares": 272300000.0,
        "Basic Average Shares": 271300000.0,
        "Diluted EPS": 0.91,
        "Basic EPS": 0.914117,
        "Diluted NI Availto Com Stockholders": 248000000.0,
        "Net Income Common Stockholders": 248000000.0,
        "Net Income": 248000000.0,
        "Net Income Including Noncontrolling Interests": 248000000.0,
        "Net Income Continuous Operations": 248000000.0,
        "Tax Provision": 46000000.0,
        "Pretax Income": 294000000.0,
        "Other Income Expense": 409000000.0,
        "Net Non Operating Interest Income Expense": -28000000.0,
        "Interest Expense Non Operating": 28000000.0,
        "Other Operating Expenses": 717000000.0,
        "Total Revenue": 3112000000.0,
        "Operating Revenue": 3112000000.0
    },
    "2022-09-30": {
        "Tax Effect Of Unusual Items": 0.0,
        "Tax Rate For Calcs": 0.219512,
        "Net Income From Continuing Operation Net Minority Interest": 128000000.0,
        "Reconciled Depreciation": 13000000.0,
        "EBIT": 192000000.0,
        "Net Interest Income": -28000000.0,
        "Interest Expense": 28000000.0,
        "Normalized Income": 128000000.0,
        "Net Income From Continuing And Discontinued Operation": 128000000.0,
        "Total Expenses": 2793000000.0,
        "Diluted Average Shares": 272300000.0,
        "Basic Average Shares": 271400000.0,
        "Diluted EPS": -0.15,
        "Basic EPS": -0.15,
        "Diluted NI Availto Com Stockholders": 128000000.0,
        "Net Income Common Stockholders": 128000000.0,
        "Net Income": 128000000.0,
        "Net Income Including Noncontrolling Interests": 128000000.0,
        "Net Income Continuous Operations": 128000000.0,
        "Tax Provision": 36000000.0,
        "Pretax Income": 164000000.0,
        "Other Income Expense": 410000000.0,
        "Net Non Operating Interest Income Expense": -28000000.0,
        "Interest Expense Non Operating": 28000000.0,
        "Other Operating Expenses": 717000000.0,
        "Total Revenue": 2957000000.0,
        "Operating Revenue": 2957000000.0
    },
    "2022-06-30": {
        "Tax Effect Of Unusual Items": 0.0,
        "Tax Rate For Calcs": 0.163265,
        "Net Income From Continuing Operation Net Minority Interest": 205000000.0,
        "Reconciled Depreciation": 12000000.0,
        "EBIT": 273000000.0,
        "Net Interest Income": -28000000.0,
        "Interest Expense": 28000000.0,
        "Normalized Income": 205000000.0,
        "Net Income From Continuing And Discontinued Operation": 205000000.0,
        "Total Expenses": 2681000000.0,
        "Diluted Average Shares": 272600000.0,
        "Basic Average Shares": 271700000.0,
        "Diluted EPS": 0.69,
        "Basic EPS": 0.7,
        "Diluted NI Availto Com Stockholders": 205000000.0,
        "Net Income Common Stockholders": 205000000.0,
        "Net Income": 205000000.0,
        "Net Income Including Noncontrolling Interests": 205000000.0,
        "Net Income Continuous Operations": 205000000.0,
        "Tax Provision": 40000000.0,
        "Pretax Income": 245000000.0,
        "Other Income Expense": 398000000.0,
        "Net Non Operating Interest Income Expense": -28000000.0,
        "Interest Expense Non Operating": 28000000.0,
        "Other Operating Expenses": 696000000.0,
        "Total Revenue": 2926000000.0,
        "Operating Revenue": 2926000000.0
    },
    "2022-03-31": {
        "Diluted EPS": 1.08,
        "Total Revenue": NaN,
        "Gross Profit": NaN,
        "Operating Income": 383,
        "EBIT": 370,
        "Net Income": 295
    },
    "2021-12-31": {
        "Diluted EPS": 0.98,
        "Total Revenue": NaN,
        "Gross Profit": NaN,
        "Operating Income": 358,
        "EBIT": 348,
        "Net Income": 266
    },
    "2021-09-30": {
        "Diluted EPS": 0.94,
        "Total Revenue": NaN,
        "Gross Profit": NaN,
        "Operating Income": 342,
        "EBIT": 339,
        "Net Income": 256
    },
    "2021-06-30": {
        "Diluted EPS": 1.35,
        "Total Revenue": NaN,
        "Gross Profit": NaN,
        "Operating Income": 491,
        "EBIT": 487,
        "Net Income": 368
    },
    "2021-03-31": {
        "Diluted EPS": 1.14,
        "Total Revenue": NaN,
        "Gross Profit": NaN,
        "Operating Income": 406,
        "EBIT": 396,
        "Net Income": 312
    },
    "2020-12-31": {
        "Diluted EPS": 1.42,
        "Total Revenue": NaN,
        "Gross Profit": NaN,
        "Operating Income": 506,
        "EBIT": 504,
        "Net Income": 387
    },
    "2020-09-30": {
        "Diluted EPS": 0.79,
        "Total Revenue": NaN,
        "Gross Profit": NaN,
        "Operating Income": 282,
        "EBIT": 278,
        "Net Income": 213
    },
    "2020-06-30": {
        "Diluted EPS": 0.55,
        "Total Revenue": NaN,
        "Gross Profit": NaN,
        "Operating Income": 213,
        "EBIT": 211,
        "Net Income": 151
    },
    "2020-03-31": {
        "Diluted EPS": -0.23,
        "Total Revenue": NaN,
        "Gross Profit": 866,
        "Operating Income": -58,
        "EBIT": -57,
        "Net Income": -61
    },
    "2019-12-31": {
        "Diluted EPS": 1.01,
        "Total Revenue": NaN,
        "Gross Profit": NaN,
        "Operating Income": 366,
        "EBIT": 357,
        "Net Income": 273
    },
    "2019-09-30": {
        "Diluted EPS": 0.39,
        "Total Revenue": NaN,
        "Gross Profit": NaN,
        "Operating Income": 159,
        "EBIT": 158,
        "Net Income": 107
    },
    "2019-06-30": {
        "Diluted EPS": 1.02,
        "Total Revenue": NaN,
        "Gross Profit": NaN,
        "Operating Income": 376,
        "EBIT": 371,
        "Net Income": 278
    },
    "2019-03-31": {
        "Diluted EPS": 1.25,
        "Total Revenue": NaN,
        "Gross Profit": NaN,
        "Operating Income": 453,
        "EBIT": 447,
        "Net Income": 342
    },
    "2018-12-31": {
        "Diluted EPS": -0.31,
        "Total Revenue": NaN,
        "Gross Profit": 809,
        "Operating Income": -80,
        "EBIT": -82,
        "Net Income": -84
    },
    "2018-09-30": {
        "Diluted EPS": 1.23,
        "Total Revenue": NaN,
        "Gross Profit": NaN,
        "Operating Income": 436,
        "EBIT": 436,
        "Net Income": 336
    },
    "2018-06-30": {
        "Diluted EPS": 0.99,
        "Total Revenue": NaN,
        "Gross Profit": NaN,
        "Operating Income": 365,
        "EBIT": 371,
        "Net Income": 270
    },
    "2018-03-31": {
        "Diluted EPS": 1.07,
        "Total Revenue": NaN,
        "Gross Profit": NaN,
        "Operating Income": 381,
        "EBIT": 386,
        "Net Income": 291
    },
    "2017-12-31": {
        "Diluted EPS": 0.81,
        "Total Revenue": NaN,
        "Gross Profit": NaN,
        "Operating Income": 447,
        "EBIT": 459,
        "Net Income": 223
    },
    "2017-09-30": {
        "Diluted EPS": 0.53,
        "Total Revenue": NaN,
        "Gross Profit": 918,
        "Operating Income": 228,
        "EBIT": 242,
        "Net Income": 144
    },
    "2017-06-30": {
        "Diluted EPS": 1.0,
        "Total Revenue": NaN,
        "Gross Profit": NaN,
        "Operating Income": 410,
        "EBIT": 423,
        "Net Income": 272
    },
    "2017-03-31": {
        "Diluted EPS": 0.96,
        "Total Revenue": NaN,
        "Gross Profit": NaN,
        "Operating Income": 386,
        "EBIT": 395,
        "Net Income": 260
    },
    "2016-12-31": {
        "Diluted EPS": 0.9,
        "Total Revenue": NaN,
        "Gross Profit": NaN,
        "Operating Income": 357,
        "EBIT": 367,
        "Net Income": 241
    },
    "2016-09-30": {
        "Diluted EPS": 1.26,
        "Total Revenue": NaN,
        "Gross Profit": NaN,
        "Operating Income": 514,
        "EBIT": 525,
        "Net Income": 343
    },
    "2016-06-30": {
        "Diluted EPS": 0.77,
        "Total Revenue": NaN,
        "Gross Profit": NaN,
        "Operating Income": 326,
        "EBIT": 338,
        "Net Income": 209
    },
    "2016-03-31": {
        "Diluted EPS": 0.24,
        "Total Revenue": NaN,
        "Gross Profit": 787,
        "Operating Income": 99,
        "EBIT": 116,
        "Net Income": 66
    },
    "2015-12-31": {
        "Diluted EPS": -0.26,
        "Total Revenue": NaN,
        "Gross Profit": 893,
        "Operating Income": -123,
        "EBIT": -67,
        "Net Income": -70
    },
    "2015-09-30": {
        "Diluted EPS": 0.66,
        "Total Revenue": NaN,
        "Gross Profit": 953,
        "Operating Income": 272,
        "EBIT": 291,
        "Net Income": 178
    },
    "2015-06-30": {
        "Diluted EPS": 0.51,
        "Total Revenue": NaN,
        "Gross Profit": 858,
        "Operating Income": 203,
        "EBIT": 210,
        "Net Income": 138
    },
    "2015-03-31": {
        "Diluted EPS": 0.86,
        "Total Revenue": NaN,
        "Gross Profit": NaN,
        "Operating Income": 352,
        "EBIT": 371,
        "Net Income": 233
    },
    "2014-12-31": {
        "Diluted EPS": 0.73,
        "Total Revenue": NaN,
        "Gross Profit": NaN,
        "Operating Income": 297,
        "EBIT": 335,
        "Net Income": 198
    },
    "2014-09-30": {
        "Diluted EPS": 0.79,
        "Total Revenue": NaN,
        "Gross Profit": NaN,
        "Operating Income": 341,
        "EBIT": 360,
        "Net Income": 213
    },
    "2014-06-30": {
        "Diluted EPS": 0.98,
        "Total Revenue": NaN,
        "Gross Profit": 999,
        "Operating Income": 410,
        "EBIT": 433,
        "Net Income": 267
    },
    "2014-03-31": {
        "Diluted EPS": 0.05,
        "Total Revenue": NaN,
        "Gross Profit": NaN,
        "Operating Income": 342,
        "EBIT": 361,
        "Net Income": 13
    },
    "2013-12-31": {
        "Diluted EPS": 0.81,
        "Total Revenue": NaN,
        "Gross Profit": NaN,
        "Operating Income": 327,
        "EBIT": 344,
        "Net Income": 221
    },
    "2013-09-30": {
        "Diluted EPS": 1.01,
        "Total Revenue": NaN,
        "Gross Profit": NaN,
        "Operating Income": 413,
        "EBIT": 429,
        "Net Income": 272
    },
    "2013-06-30": {
        "Diluted EPS": 0.72,
        "Total Revenue": NaN,
        "Gross Profit": 965,
        "Operating Income": 311,
        "EBIT": 332,
        "Net Income": 194
    },
    "2013-03-31": {
        "Diluted EPS": 0.93,
        "Total Revenue": NaN,
        "Gross Profit": NaN,
        "Operating Income": 391,
        "EBIT": 414,
        "Net Income": 250
    },
    "2012-12-31": {
        "Diluted EPS": -0.04,
        "Total Revenue": NaN,
        "Gross Profit": 686,
        "Operating Income": -7,
        "EBIT": 23,
        "Net Income": -9
    },
    "2012-09-30": {
        "Diluted EPS": 0.82,
        "Total Revenue": NaN,
        "Gross Profit": NaN,
        "Operating Income": 357,
        "EBIT": 391,
        "Net Income": 221
    },
    "2012-06-30": {
        "Diluted EPS": 0.62,
        "Total Revenue": NaN,
        "Gross Profit": 898,
        "Operating Income": 273,
        "EBIT": 282,
        "Net Income": 166
    },
    "2012-03-31": {
        "Diluted EPS": 0.93,
        "Total Revenue": NaN,
        "Gross Profit": NaN,
        "Operating Income": 406,
        "EBIT": 403,
        "Net Income": 250
    },
    "2011-12-31": {
        "Diluted EPS": 0.71,
        "Total Revenue": NaN,
        "Gross Profit": 903,
        "Operating Income": 283,
        "EBIT": 286,
        "Net Income": 193
    },
    "2011-09-30": {
        "Diluted EPS": 0.28,
        "Total Revenue": NaN,
        "Gross Profit": 775,
        "Operating Income": 167,
        "EBIT": 178,
        "Net Income": 75
    },
    "2011-06-30": {
        "Diluted EPS": 0.46,
        "Total Revenue": NaN,
        "Gross Profit": 831,
        "Operating Income": 219,
        "EBIT": 222,
        "Net Income": 124
    },
    "2011-03-31": {
        "Diluted EPS": 0.82,
        "Total Revenue": NaN,
        "Gross Profit": 951,
        "Operating Income": 377,
        "EBIT": 375,
        "Net Income": 220
    },
    "2010-12-31": {
        "Diluted EPS": 1.09,
        "Total Revenue": NaN,
        "Gross Profit": NaN,
        "Operating Income": 520,
        "EBIT": 505,
        "Net Income": 227
    },
    "2010-09-30": {
        "Diluted EPS": -0.59,
        "Total Revenue": NaN,
        "Gross Profit": NaN,
        "Operating Income": -127,
        "EBIT": -133,
        "Net Income": -140
    },
    "2010-06-30": {
        "Diluted EPS": 0.96,
        "Total Revenue": NaN,
        "Gross Profit": NaN,
        "Operating Income": 483,
        "EBIT": 477,
        "Net Income": 283
    },
    "2010-03-31": {
        "Diluted EPS": 0.82,
        "Total Revenue": NaN,
        "Gross Profit": NaN,
        "Operating Income": 393,
        "EBIT": 381,
        "Net Income": 245
    },
    "2009-12-31": {
        "Diluted EPS": 0.81,
        "Total Revenue": NaN,
        "Gross Profit": NaN,
        "Operating Income": 390,
        "EBIT": 384,
        "Net Income": 277
    },
    "2009-09-30": {
        "Diluted EPS": 0.86,
        "Total Revenue": NaN,
        "Gross Profit": NaN,
        "Operating Income": 420,
        "EBIT": 387,
        "Net Income": 263
    },
    "2009-06-30": {
        "Diluted EPS": 0.27,
        "Total Revenue": NaN,
        "Gross Profit": 802,
        "Operating Income": 162,
        "EBIT": 126,
        "Net Income": 105
    },
    "2009-03-31": {
        "Diluted EPS": -0.84,
        "Total Revenue": NaN,
        "Gross Profit": 296,
        "Operating Income": -304,
        "EBIT": -341,
        "Net Income": -226
    },
    "2023-09-30": {
        "Tax Effect Of Unusual Items": NaN,
        "Tax Rate For Calcs": NaN,
        "Net Income From Continuing Operation Net Minority Interest": NaN,
        "Reconciled Depreciation": NaN,
        "EBIT": NaN,
        "Net Interest Income": NaN,
        "Interest Expense": NaN,
        "Normalized Income": NaN,
        "Net Income From Continuing And Discontinued Operation": NaN,
        "Total Expenses": NaN,
        "Diluted Average Shares": 272300000.0,
        "Basic Average Shares": 271200000.0,
        "Diluted EPS": 0.95,
        "Basic EPS": 0.951327,
        "Diluted NI Availto Com Stockholders": NaN,
        "Net Income Common Stockholders": NaN,
        "Net Income": NaN,
        "Net Income Including Noncontrolling Interests": NaN,
        "Net Income Continuous Operations": NaN,
        "Tax Provision": NaN,
        "Pretax Income": NaN,
        "Other Income Expense": NaN,
        "Net Non Operating Interest Income Expense": NaN,
        "Interest Expense Non Operating": NaN,
        "Other Operating Expenses": NaN,
        "Total Revenue": NaN,
        "Operating Revenue": NaN,
        "Loss Adjustment Expense": NaN,
        "Net Policyholder Benefits And Claims": NaN
    },
    "2023-12-31": {
        "Tax Effect Of Unusual Items": 0.0,
        "Tax Rate For Calcs": 0.202174,
        "Net Income From Continuing Operation Net Minority Interest": 367000000.0,
        "Reconciled Depreciation": 29000000.0,
        "EBIT": 494000000.0,
        "Net Interest Income": -34000000.0,
        "Interest Expense": 34000000.0,
        "Normalized Income": 367000000.0,
        "Net Income From Continuing And Discontinued Operation": 367000000.0,
        "Total Expenses": 2981000000.0,
        "Diluted Average Shares": 272500000.0,
        "Basic Average Shares": 271300000.0,
        "Diluted EPS": 1.35,
        "Basic EPS": 1.352746,
        "Diluted NI Availto Com Stockholders": 367000000.0,
        "Net Income Common Stockholders": 367000000.0,
        "Net Income": 367000000.0,
        "Net Income Including Noncontrolling Interests": 367000000.0,
        "Net Income Continuous Operations": 367000000.0,
        "Tax Provision": 93000000.0,
        "Pretax Income": 460000000.0,
        "Other Income Expense": 411000000.0,
        "Net Non Operating Interest Income Expense": -34000000.0,
        "Interest Expense Non Operating": 34000000.0,
        "Other Operating Expenses": 767000000.0,
        "Total Revenue": 3441000000.0,
        "Operating Revenue": 3441000000.0,
        "Loss Adjustment Expense": 1810000000.0,
        "Net Policyholder Benefits And Claims": 1810000000.0
    },
    "2024-03-31": {
        "Tax Effect Of Unusual Items": 0.0,
        "Tax Rate For Calcs": 0.208431,
        "Net Income From Continuing Operation Net Minority Interest": 338000000.0,
        "Reconciled Depreciation": 16000000.0,
        "EBIT": 462000000.0,
        "Net Interest Income": -35000000.0,
        "Interest Expense": 35000000.0,
        "Normalized Income": 338000000.0,
        "Net Income From Continuing And Discontinued Operation": 338000000.0,
        "Total Expenses": 2963000000.0,
        "Diluted Average Shares": 272700000.0,
        "Basic Average Shares": 271600000.0,
        "Diluted EPS": 1.24,
        "Basic EPS": 1.244477,
        "Diluted NI Availto Com Stockholders": 338000000.0,
        "Net Income Common Stockholders": 338000000.0,
        "Net Income": 338000000.0,
        "Net Income Including Noncontrolling Interests": 338000000.0,
        "Net Income Continuous Operations": 338000000.0,
        "Tax Provision": 89000000.0,
        "Pretax Income": 427000000.0,
        "Other Income Expense": 416000000.0,
        "Net Non Operating Interest Income Expense": -35000000.0,
        "Interest Expense Non Operating": 35000000.0,
        "Other Operating Expenses": 731000000.0,
        "Total Revenue": 3390000000.0,
        "Operating Revenue": 3390000000.0,
        "Loss Adjustment Expense": 1807000000.0,
        "Net Policyholder Benefits And Claims": 1807000000.0
    },
    "2024-06-30": {
        "Tax Effect Of Unusual Items": 0.0,
        "Tax Rate For Calcs": 0.211443,
        "Net Income From Continuing Operation Net Minority Interest": 317000000.0,
        "Reconciled Depreciation": 18000000.0,
        "EBIT": 436000000.0,
        "Net Interest Income": -34000000.0,
        "Interest Expense": 34000000.0,
        "Normalized Income": 317000000.0,
        "Net Income From Continuing And Discontinued Operation": 317000000.0,
        "Total Expenses": 3043000000.0,
        "Diluted Average Shares": 272600000.0,
        "Basic Average Shares": 271600000.0,
        "Diluted EPS": 1.17,
        "Basic EPS": 1.17,
        "Diluted NI Availto Com Stockholders": 317000000.0,
        "Net Income Common Stockholders": 317000000.0,
        "Net Income": 317000000.0,
        "Net Income Including Noncontrolling Interests": 317000000.0,
        "Net Income Continuous Operations": 317000000.0,
        "Tax Provision": 85000000.0,
        "Pretax Income": 402000000.0,
        "Other Income Expense": 413000000.0,
        "Net Non Operating Interest Income Expense": -34000000.0,
        "Interest Expense Non Operating": 34000000.0,
        "Other Operating Expenses": 766000000.0,
        "Total Revenue": 3445000000.0,
        "Operating Revenue": 3445000000.0,
        "Loss Adjustment Expense": 1882000000.0,
        "Net Policyholder Benefits And Claims": 1882000000.0
    },
    "2024-09-30": {
        "Tax Effect Of Unusual Items": 0.0,
        "Tax Rate For Calcs": 0.216066,
        "Net Income From Continuing Operation Net Minority Interest": 283000000.0,
        "Reconciled Depreciation": 17000000.0,
        "EBIT": 393000000.0,
        "Net Interest Income": -32000000.0,
        "Interest Expense": 32000000.0,
        "Normalized Income": 283000000.0,
        "Net Income From Continuing And Discontinued Operation": 283000000.0,
        "Total Expenses": 3190000000.0,
        "Diluted Average Shares": 272700000.0,
        "Basic Average Shares": 271300000.0,
        "Diluted EPS": 1.04,
        "Basic EPS": 1.04,
        "Diluted NI Availto Com Stockholders": 283000000.0,
        "Net Income Common Stockholders": 283000000.0,
        "Net Income": 283000000.0,
        "Net Income Including Noncontrolling Interests": 283000000.0,
        "Net Income Continuous Operations": 283000000.0,
        "Tax Provision": 78000000.0,
        "Pretax Income": 361000000.0,
        "Other Income Expense": 409000000.0,
        "Net Non Operating Interest Income Expense": -32000000.0,
        "Interest Expense Non Operating": 32000000.0,
        "Other Operating Expenses": 749000000.0,
        "Total Revenue": 3551000000.0,
        "Operating Revenue": 3551000000.0,
        "Loss Adjustment Expense": 2019000000.0,
        "Net Policyholder Benefits And Claims": 2019000000.0
    },
    "2024-12-31": {
        "Tax Effect Of Unusual Items": 0.0,
        "Tax Rate For Calcs": 0.0,
        "Net Income From Continuing Operation Net Minority Interest": 21000000.0,
        "Reconciled Depreciation": 16000000.0,
        "EBIT": 53000000.0,
        "Net Interest Income": -32000000.0,
        "Interest Expense": 32000000.0,
        "Normalized Income": 21000000.0,
        "Net Income From Continuing And Discontinued Operation": 21000000.0,
        "Total Expenses": 3592000000.0,
        "Diluted Average Shares": 272900000.0,
        "Basic Average Shares": 271300000.0,
        "Diluted EPS": 0.07,
        "Basic EPS": 0.077405,
        "Diluted NI Availto Com Stockholders": 21000000.0,
        "Net Income Common Stockholders": 21000000.0,
        "Net Income": 21000000.0,
        "Net Income Including Noncontrolling Interests": 21000000.0,
        "Net Income Continuous Operations": 21000000.0,
        "Tax Provision": 0.0,
        "Pretax Income": 21000000.0,
        "Other Income Expense": 405000000.0,
        "Net Non Operating Interest Income Expense": -32000000.0,
        "Interest Expense Non Operating": 32000000.0,
        "Other Operating Expenses": 1144000000.0,
        "Total Revenue": 3613000000.0,
        "Operating Revenue": 3613000000.0,
        "Loss Adjustment Expense": 2030000000.0,
        "Net Policyholder Benefits And Claims": 2030000000.0
    },
    "2025-03-31": {
        "Tax Effect Of Unusual Items": 0.0,
        "Tax Rate For Calcs": 0.2149,
        "Net Income From Continuing Operation Net Minority Interest": 274000000.0,
        "Reconciled Depreciation": 17000000.0,
        "EBIT": 381000000.0,
        "Net Interest Income": -32000000.0,
        "Interest Expense": 32000000.0,
        "Normalized Income": 274000000.0,
        "Net Income From Continuing And Discontinued Operation": 274000000.0,
        "Total Expenses": 3222000000.0,
        "Diluted Average Shares": 272600000.0,
        "Basic Average Shares": 271300000.0,
        "Diluted EPS": 1.0,
        "Basic EPS": 1.01,
        "Diluted NI Availto Com Stockholders": 274000000.0,
        "Net Income Common Stockholders": 274000000.0,
        "Net Income": 274000000.0,
        "Net Income Including Noncontrolling Interests": 274000000.0,
        "Net Income Continuous Operations": 274000000.0,
        "Tax Provision": 75000000.0,
        "Pretax Income": 349000000.0,
        "Other Income Expense": 406000000.0,
        "Net Non Operating Interest Income Expense": -32000000.0,
        "Interest Expense Non Operating": 32000000.0,
        "Other Operating Expenses": 748000000.0,
        "Total Revenue": 3571000000.0,
        "Operating Revenue": 3571000000.0,
        "Loss Adjustment Expense": 2027000000.0,
        "Net Policyholder Benefits And Claims": 2027000000.0
    },
    "2025-06-30": {
        "Tax Effect Of Unusual Items": 0.0,
        "Tax Rate For Calcs": 0.213158,
        "Net Income From Continuing Operation Net Minority Interest": 299000000.0,
        "Reconciled Depreciation": 18000000.0,
        "EBIT": 411000000.0,
        "Net Interest Income": -31000000.0,
        "Interest Expense": 31000000.0,
        "Normalized Income": 299000000.0,
        "Net Income From Continuing And Discontinued Operation": 299000000.0,
        "Total Expenses": 3256000000.0,
        "Diluted Average Shares": 272200000.0,
        "Basic Average Shares": 271100000.0,
        "Diluted EPS": 1.1,
        "Basic EPS": 1.1,
        "Diluted NI Availto Com Stockholders": 299000000.0,
        "Net Income Common Stockholders": 299000000.0,
        "Net Income": 299000000.0,
        "Net Income Including Noncontrolling Interests": 299000000.0,
        "Net Income Continuous Operations": 299000000.0,
        "Tax Provision": 81000000.0,
        "Pretax Income": 380000000.0,
        "Other Income Expense": 407000000.0,
        "Net Non Operating Interest Income Expense": -31000000.0,
        "Interest Expense Non Operating": 31000000.0,
        "Other Operating Expenses": 752000000.0,
        "Total Revenue": 3636000000.0,
        "Operating Revenue": 3636000000.0,
        "Loss Adjustment Expense": 2085000000.0,
        "Net Policyholder Benefits And Claims": 2085000000.0
    }
}