{
    "2023-06-30": {
        "Tax Effect Of Unusual Items": NaN,
        "Tax Rate For Calcs": NaN,
        "Normalized EBITDA": NaN,
        "Total Unusual Items": NaN,
        "Total Unusual Items Excluding Goodwill": NaN,
        "Net Income From Continuing Operation Net Minority Interest": NaN,
        "Reconciled Depreciation": NaN,
        "Reconciled Cost Of Revenue": NaN,
        "EBITDA": NaN,
        "EBIT": NaN,
        "Net Interest Income": NaN,
        "Interest Expense": NaN,
        "Normalized Income": NaN,
        "Net Income From Continuing And Discontinued Operation": NaN,
        "Total Expenses": NaN,
        "Total Operating Income As Reported": NaN,
        "Diluted Average Shares": NaN,
        "Basic Average Shares": NaN,
        "Diluted EPS": NaN,
        "Basic EPS": NaN,
        "Diluted NI Availto Com Stockholders": NaN,
        "Net Income Common Stockholders": NaN,
        "Net Income": NaN,
        "Minority Interests": NaN,
        "Net Income Including Noncontrolling Interests": NaN,
        "Net Income Continuous Operations": NaN,
        "Tax Provision": NaN,
        "Pretax Income": NaN,
        "Other Income Expense": NaN,
        "Special Income Charges": NaN,
        "Write Off": 18000000.0,
        "Impairment Of Capital Assets": 18000000.0,
        "Gain On Sale Of Security": NaN,
        "Net Non Operating Interest Income Expense": NaN,
        "Interest Expense Non Operating": NaN,
        "Operating Income": NaN,
        "Operating Expense": NaN,
        "Depreciation Amortization Depletion Income Statement": NaN,
        "Depreciation And Amortization In Income Statement": NaN,
        "Amortization": NaN,
        "Amortization Of Intangibles Income Statement": NaN,
        "Depreciation Income Statement": NaN,
        "Selling General And Administration": NaN,
        "General And Administrative Expense": NaN,
        "Other Gand A": NaN,
        "Gross Profit": NaN,
        "Cost Of Revenue": NaN,
        "Total Revenue": NaN,
        "Excise Taxes": NaN,
        "Operating Revenue": NaN
    },
    "2023-03-31": {
        "Tax Effect Of Unusual Items": NaN,
        "Tax Rate For Calcs": NaN,
        "Normalized EBITDA": NaN,
        "Total Unusual Items": NaN,
        "Total Unusual Items Excluding Goodwill": NaN,
        "Net Income From Continuing Operation Net Minority Interest": NaN,
        "Reconciled Depreciation": NaN,
        "Reconciled Cost Of Revenue": NaN,
        "EBITDA": NaN,
        "EBIT": NaN,
        "Net Interest Income": NaN,
        "Interest Expense": NaN,
        "Normalized Income": NaN,
        "Net Income From Continuing And Discontinued Operation": NaN,
        "Total Expenses": NaN,
        "Total Operating Income As Reported": NaN,
        "Diluted Average Shares": NaN,
        "Basic Average Shares": NaN,
        "Diluted EPS": NaN,
        "Basic EPS": NaN,
        "Diluted NI Availto Com Stockholders": NaN,
        "Net Income Common Stockholders": NaN,
        "Net Income": NaN,
        "Minority Interests": NaN,
        "Net Income Including Noncontrolling Interests": NaN,
        "Net Income Continuous Operations": NaN,
        "Tax Provision": NaN,
        "Pretax Income": NaN,
        "Other Income Expense": NaN,
        "Special Income Charges": NaN,
        "Write Off": NaN,
        "Impairment Of Capital Assets": 20000000.0,
        "Gain On Sale Of Security": NaN,
        "Net Non Operating Interest Income Expense": NaN,
        "Interest Expense Non Operating": NaN,
        "Operating Income": NaN,
        "Operating Expense": NaN,
        "Depreciation Amortization Depletion Income Statement": NaN,
        "Depreciation And Amortization In Income Statement": NaN,
        "Amortization": NaN,
        "Amortization Of Intangibles Income Statement": NaN,
        "Depreciation Income Statement": NaN,
        "Selling General And Administration": NaN,
        "General And Administrative Expense": NaN,
        "Other Gand A": NaN,
        "Gross Profit": NaN,
        "Cost Of Revenue": NaN,
        "Total Revenue": NaN,
        "Excise Taxes": NaN,
        "Operating Revenue": NaN
    },
    "2022-12-31": {
        "Tax Effect Of Unusual Items": NaN,
        "Tax Rate For Calcs": NaN,
        "Normalized EBITDA": NaN,
        "Total Unusual Items": NaN,
        "Total Unusual Items Excluding Goodwill": NaN,
        "Net Income From Continuing Operation Net Minority Interest": NaN,
        "Reconciled Depreciation": NaN,
        "Reconciled Cost Of Revenue": NaN,
        "EBITDA": NaN,
        "EBIT": NaN,
        "Net Interest Income": NaN,
        "Interest Expense": NaN,
        "Normalized Income": NaN,
        "Net Income From Continuing And Discontinued Operation": NaN,
        "Total Expenses": NaN,
        "Total Operating Income As Reported": NaN,
        "Diluted Average Shares": NaN,
        "Basic Average Shares": NaN,
        "Diluted EPS": NaN,
        "Basic EPS": NaN,
        "Diluted NI Availto Com Stockholders": NaN,
        "Net Income Common Stockholders": NaN,
        "Net Income": NaN,
        "Minority Interests": NaN,
        "Net Income Including Noncontrolling Interests": NaN,
        "Net Income Continuous Operations": NaN,
        "Tax Provision": NaN,
        "Pretax Income": NaN,
        "Other Income Expense": NaN,
        "Special Income Charges": NaN,
        "Other Special Charges": -4000000.0,
        "Impairment Of Capital Assets": NaN,
        "Gain On Sale Of Security": NaN,
        "Net Non Operating Interest Income Expense": NaN,
        "Interest Expense Non Operating": NaN,
        "Operating Income": NaN,
        "Operating Expense": NaN,
        "Depreciation Amortization Depletion Income Statement": NaN,
        "Depreciation And Amortization In Income Statement": NaN,
        "Amortization": NaN,
        "Amortization Of Intangibles Income Statement": NaN,
        "Depreciation Income Statement": NaN,
        "Selling General And Administration": NaN,
        "General And Administrative Expense": NaN,
        "Other Gand A": NaN,
        "Gross Profit": NaN,
        "Cost Of Revenue": NaN,
        "Total Revenue": NaN,
        "Excise Taxes": NaN,
        "Operating Revenue": NaN
    },
    "2022-09-30": {
        "Tax Effect Of Unusual Items": NaN,
        "Tax Rate For Calcs": NaN,
        "Normalized EBITDA": NaN,
        "Total Unusual Items": NaN,
        "Total Unusual Items Excluding Goodwill": NaN,
        "Net Income From Continuing Operation Net Minority Interest": NaN,
        "Reconciled Depreciation": NaN,
        "Reconciled Cost Of Revenue": NaN,
        "EBITDA": NaN,
        "EBIT": NaN,
        "Net Interest Income": NaN,
        "Interest Expense": NaN,
        "Normalized Income": NaN,
        "Net Income From Continuing And Discontinued Operation": NaN,
        "Total Expenses": NaN,
        "Total Operating Income As Reported": NaN,
        "Diluted Average Shares": NaN,
        "Basic Average Shares": NaN,
        "Diluted EPS": NaN,
        "Basic EPS": NaN,
        "Diluted NI Availto Com Stockholders": NaN,
        "Net Income Common Stockholders": NaN,
        "Net Income": NaN,
        "Minority Interests": NaN,
        "Net Income Including Noncontrolling Interests": NaN,
        "Net Income Continuous Operations": NaN,
        "Tax Provision": NaN,
        "Pretax Income": NaN,
        "Other Income Expense": NaN,
        "Special Income Charges": NaN,
        "Other Special Charges": -10000000.0,
        "Impairment Of Capital Assets": 289000000.0,
        "Gain On Sale Of Security": NaN,
        "Net Non Operating Interest Income Expense": NaN,
        "Interest Expense Non Operating": NaN,
        "Operating Income": NaN,
        "Operating Expense": NaN,
        "Depreciation Amortization Depletion Income Statement": NaN,
        "Depreciation And Amortization In Income Statement": NaN,
        "Amortization": NaN,
        "Amortization Of Intangibles Income Statement": NaN,
        "Depreciation Income Statement": NaN,
        "Selling General And Administration": NaN,
        "General And Administrative Expense": 2846000000.0,
        "Other Gand A": 2846000000.0,
        "Gross Profit": NaN,
        "Cost Of Revenue": NaN,
        "Total Revenue": NaN,
        "Excise Taxes": NaN,
        "Operating Revenue": NaN
    },
    "2022-06-30": {
        "Tax Effect Of Unusual Items": -386415000.0,
        "Tax Rate For Calcs": 0.277,
        "Normalized EBITDA": 1718000000.0,
        "Total Unusual Items": -1395000000.0,
        "Total Unusual Items Excluding Goodwill": -1395000000.0,
        "Net Income From Continuing Operation Net Minority Interest": -172000000.0,
        "Reconciled Depreciation": 397000000.0,
        "Reconciled Cost Of Revenue": 31418000000.0,
        "EBITDA": 323000000.0,
        "EBIT": -74000000.0,
        "Net Interest Income": -162000000.0,
        "Interest Expense": 162000000.0,
        "Normalized Income": 836585000.0,
        "Net Income From Continuing And Discontinued Operation": -172000000.0,
        "Total Expenses": 34615000000.0,
        "Total Operating Income As Reported": -129000000.0,
        "Diluted Average Shares": 583644000.0,
        "Basic Average Shares": 583644000.0,
        "Diluted EPS": -0.29,
        "Basic EPS": -0.29,
        "Diluted NI Availto Com Stockholders": -172000000.0,
        "Net Income Common Stockholders": -172000000.0,
        "Net Income": -172000000.0,
        "Minority Interests": -1000000.0,
        "Net Income Including Noncontrolling Interests": -171000000.0,
        "Net Income Continuous Operations": -171000000.0,
        "Tax Provision": -65000000.0,
        "Pretax Income": -236000000.0,
        "Other Income Expense": -1395000000.0,
        "Special Income Charges": -1437000000.0,
        "Other Special Charges": -13000000.0,
        "Impairment Of Capital Assets": 1450000000.0,
        "Gain On Sale Of Security": 42000000.0,
        "Net Non Operating Interest Income Expense": -162000000.0,
        "Interest Expense Non Operating": 162000000.0,
        "Operating Income": 1321000000.0,
        "Operating Expense": 3163000000.0,
        "Depreciation Amortization Depletion Income Statement": 363000000.0,
        "Depreciation And Amortization In Income Statement": 363000000.0,
        "Amortization": 199000000.0,
        "Amortization Of Intangibles Income Statement": 199000000.0,
        "Depreciation Income Statement": 164000000.0,
        "Selling General And Administration": 2800000000.0,
        "General And Administrative Expense": 2800000000.0,
        "Other Gand A": 2800000000.0,
        "Gross Profit": 4484000000.0,
        "Cost Of Revenue": 31452000000.0,
        "Total Revenue": 35936000000.0,
        "Excise Taxes": -1968000000.0,
        "Operating Revenue": 33968000000.0
    },
    "2022-03-31": {
        "Diluted EPS": 1.44,
        "Total Revenue": NaN,
        "Gross Profit": NaN,
        "Operating Income": NaN,
        "EBIT": NaN,
        "Net Income": 849
    },
    "2021-12-31": {
        "Diluted EPS": 1.02,
        "Total Revenue": NaN,
        "Gross Profit": NaN,
        "Operating Income": 603,
        "EBIT": 981,
        "Net Income": 599
    },
    "2021-09-30": {
        "Diluted EPS": 0.99,
        "Total Revenue": NaN,
        "Gross Profit": NaN,
        "Operating Income": 545,
        "EBIT": 926,
        "Net Income": 584
    },
    "2021-06-30": {
        "Diluted EPS": -0.92,
        "Total Revenue": NaN,
        "Gross Profit": NaN,
        "Operating Income": -418,
        "EBIT": -62,
        "Net Income": -535
    },
    "2021-03-31": {
        "Diluted EPS": 1.19,
        "Total Revenue": NaN,
        "Gross Profit": NaN,
        "Operating Income": NaN,
        "EBIT": NaN,
        "Net Income": 699
    },
    "2020-12-31": {
        "Diluted EPS": 0.02,
        "Total Revenue": NaN,
        "Gross Profit": NaN,
        "Operating Income": 15,
        "EBIT": 358,
        "Net Income": -12
    },
    "2020-09-30": {
        "Diluted EPS": 0.97,
        "Total Revenue": NaN,
        "Gross Profit": NaN,
        "Operating Income": 861,
        "EBIT": NaN,
        "Net Income": 568
    },
    "2020-06-30": {
        "Diluted EPS": 2.05,
        "Total Revenue": NaN,
        "Gross Profit": NaN,
        "Operating Income": NaN,
        "EBIT": NaN,
        "Net Income": NaN
    },
    "2020-03-31": {
        "Diluted EPS": 0.08,
        "Total Revenue": NaN,
        "Gross Profit": NaN,
        "Operating Income": 188,
        "EBIT": 476,
        "Net Income": 46
    },
    "2019-12-31": {
        "Diluted EPS": 0.49,
        "Total Revenue": NaN,
        "Gross Profit": NaN,
        "Operating Income": 277,
        "EBIT": 445,
        "Net Income": 209
    },
    "2019-09-30": {
        "Diluted EPS": 0.23,
        "Total Revenue": NaN,
        "Gross Profit": NaN,
        "Operating Income": 176,
        "EBIT": 338,
        "Net Income": 95
    },
    "2019-06-30": {
        "Diluted EPS": 1.18,
        "Total Revenue": NaN,
        "Gross Profit": NaN,
        "Operating Income": 643,
        "EBIT": 801,
        "Net Income": 495
    },
    "2019-03-31": {
        "Diluted EPS": 1.24,
        "Total Revenue": NaN,
        "Gross Profit": NaN,
        "Operating Income": 685,
        "EBIT": 840,
        "Net Income": 522
    },
    "2018-12-31": {
        "Diluted EPS": 0.5,
        "Total Revenue": NaN,
        "Gross Profit": NaN,
        "Operating Income": 388,
        "EBIT": 529,
        "Net Income": 241
    },
    "2018-09-30": {
        "Diluted EPS": 0.05,
        "Total Revenue": NaN,
        "Gross Profit": NaN,
        "Operating Income": 41,
        "EBIT": 180,
        "Net Income": 19
    },
    "2018-06-30": {
        "Diluted EPS": 0.75,
        "Total Revenue": NaN,
        "Gross Profit": NaN,
        "Operating Income": 489,
        "EBIT": 600,
        "Net Income": 300
    },
    "2018-03-31": {
        "Diluted EPS": 0.96,
        "Total Revenue": NaN,
        "Gross Profit": NaN,
        "Operating Income": 540,
        "EBIT": 644,
        "Net Income": 340
    },
    "2017-12-31": {
        "Diluted EPS": 0.65,
        "Total Revenue": NaN,
        "Gross Profit": NaN,
        "Operating Income": 181,
        "EBIT": 278,
        "Net Income": 230
    },
    "2017-09-30": {
        "Diluted EPS": 0.58,
        "Total Revenue": NaN,
        "Gross Profit": NaN,
        "Operating Income": 340,
        "EBIT": 431,
        "Net Income": 205
    },
    "2017-06-30": {
        "Diluted EPS": 0.72,
        "Total Revenue": NaN,
        "Gross Profit": NaN,
        "Operating Income": 438,
        "EBIT": 525,
        "Net Income": 254
    },
    "2017-03-31": {
        "Diluted EPS": 0.4,
        "Total Revenue": NaN,
        "Gross Profit": NaN,
        "Operating Income": 240,
        "EBIT": 326,
        "Net Income": 139
    },
    "2016-12-31": {
        "Diluted EPS": 0.87,
        "Total Revenue": NaN,
        "Gross Profit": NaN,
        "Operating Income": 524,
        "EBIT": 613,
        "Net Income": 261
    },
    "2016-09-30": {
        "Diluted EPS": 0.42,
        "Total Revenue": NaN,
        "Gross Profit": NaN,
        "Operating Income": 342,
        "EBIT": 420,
        "Net Income": 147
    },
    "2016-06-30": {
        "Diluted EPS": 0.49,
        "Total Revenue": NaN,
        "Gross Profit": NaN,
        "Operating Income": 377,
        "EBIT": 453,
        "Net Income": 170
    },
    "2016-03-31": {
        "Diluted EPS": -0.07,
        "Total Revenue": NaN,
        "Gross Profit": 825,
        "Operating Income": 20,
        "EBIT": 55,
        "Net Income": -16
    },
    "2015-12-31": {
        "Diluted EPS": 0.45,
        "Total Revenue": NaN,
        "Gross Profit": 791,
        "Operating Income": 220,
        "EBIT": 259,
        "Net Income": 111
    },
    "2015-09-30": {
        "Diluted EPS": 0.38,
        "Total Revenue": NaN,
        "Gross Profit": 701,
        "Operating Income": 183,
        "EBIT": 240,
        "Net Income": 93
    },
    "2015-06-30": {
        "Diluted EPS": 0.36,
        "Total Revenue": NaN,
        "Gross Profit": 667,
        "Operating Income": 173,
        "EBIT": 199,
        "Net Income": 88
    },
    "2015-03-31": {
        "Diluted EPS": 0.26,
        "Total Revenue": NaN,
        "Gross Profit": 587,
        "Operating Income": 129,
        "EBIT": 156,
        "Net Income": 63
    },
    "2014-12-31": {
        "Diluted EPS": 0.44,
        "Total Revenue": NaN,
        "Gross Profit": 588,
        "Operating Income": 193,
        "EBIT": 217,
        "Net Income": 107
    },
    "2014-09-30": {
        "Diluted EPS": 0.34,
        "Total Revenue": NaN,
        "Gross Profit": 474,
        "Operating Income": 108,
        "EBIT": 131,
        "Net Income": 82
    },
    "2014-06-30": {
        "Diluted EPS": 0.21,
        "Total Revenue": NaN,
        "Gross Profit": 445,
        "Operating Income": 93,
        "EBIT": 115,
        "Net Income": 49
    },
    "2014-03-31": {
        "Diluted EPS": 0.14,
        "Total Revenue": NaN,
        "Gross Profit": 397,
        "Operating Income": 70,
        "EBIT": 90,
        "Net Income": 33
    },
    "2013-12-31": {
        "Diluted EPS": 0.24,
        "Total Revenue": NaN,
        "Gross Profit": 340,
        "Operating Income": 85,
        "EBIT": 101,
        "Net Income": 53
    },
    "2013-09-30": {
        "Diluted EPS": 0.22,
        "Total Revenue": NaN,
        "Gross Profit": 333,
        "Operating Income": 84,
        "EBIT": 101,
        "Net Income": 49
    },
    "2013-06-30": {
        "Diluted EPS": 0.18,
        "Total Revenue": NaN,
        "Gross Profit": 292,
        "Operating Income": 69,
        "EBIT": 86,
        "Net Income": 39
    },
    "2013-03-31": {
        "Diluted EPS": 0.11,
        "Total Revenue": NaN,
        "Gross Profit": 243,
        "Operating Income": 40,
        "EBIT": 55,
        "Net Income": 23
    },
    "2012-12-31": {
        "Diluted EPS": 0.05,
        "Total Revenue": NaN,
        "Gross Profit": 313,
        "Operating Income": 148,
        "EBIT": 164,
        "Net Income": 9
    },
    "2012-09-30": {
        "Diluted EPS": 0.02,
        "Total Revenue": NaN,
        "Gross Profit": 153,
        "Operating Income": -28,
        "EBIT": -11,
        "Net Income": 4
    },
    "2012-06-30": {
        "Diluted EPS": -0.17,
        "Total Revenue": NaN,
        "Gross Profit": 149,
        "Operating Income": -47,
        "EBIT": -30,
        "Net Income": -35
    },
    "2012-03-31": {
        "Diluted EPS": 0.11,
        "Total Revenue": NaN,
        "Gross Profit": 197,
        "Operating Income": 34,
        "EBIT": 51,
        "Net Income": 24
    },
    "2011-12-31": {
        "Diluted EPS": 0.14,
        "Total Revenue": NaN,
        "Gross Profit": 212,
        "Operating Income": 61,
        "EBIT": 76,
        "Net Income": 30
    },
    "2011-09-30": {
        "Diluted EPS": 0.14,
        "Total Revenue": NaN,
        "Gross Profit": 191,
        "Operating Income": 49,
        "EBIT": 63,
        "Net Income": 29
    },
    "2011-06-30": {
        "Diluted EPS": 0.14,
        "Total Revenue": NaN,
        "Gross Profit": 198,
        "Operating Income": 55,
        "EBIT": 70,
        "Net Income": 28
    },
    "2011-03-31": {
        "Diluted EPS": 0.12,
        "Total Revenue": NaN,
        "Gross Profit": 180,
        "Operating Income": 39,
        "EBIT": 53,
        "Net Income": 24
    },
    "2010-12-31": {
        "Diluted EPS": 0.13,
        "Total Revenue": NaN,
        "Gross Profit": 122,
        "Operating Income": 46,
        "EBIT": 59,
        "Net Income": 25
    },
    "2010-09-30": {
        "Diluted EPS": 0.11,
        "Total Revenue": NaN,
        "Gross Profit": 172,
        "Operating Income": 40,
        "EBIT": 54,
        "Net Income": 23
    },
    "2010-06-30": {
        "Diluted EPS": 0.11,
        "Total Revenue": NaN,
        "Gross Profit": 175,
        "Operating Income": 42,
        "EBIT": 54,
        "Net Income": 23
    },
    "2010-03-31": {
        "Diluted EPS": 0.12,
        "Total Revenue": NaN,
        "Gross Profit": 165,
        "Operating Income": 30,
        "EBIT": 42,
        "Net Income": 24
    },
    "2009-12-31": {
        "Diluted EPS": 0.13,
        "Total Revenue": NaN,
        "Gross Profit": 104,
        "Operating Income": 38,
        "EBIT": 51,
        "Net Income": 24
    },
    "2009-09-30": {
        "Diluted EPS": 0.12,
        "Total Revenue": NaN,
        "Gross Profit": 168,
        "Operating Income": 38,
        "EBIT": 48,
        "Net Income": 21
    },
    "2009-06-30": {
        "Diluted EPS": 0.12,
        "Total Revenue": NaN,
        "Gross Profit": 161,
        "Operating Income": 31,
        "EBIT": 42,
        "Net Income": 20
    },
    "2009-03-31": {
        "Diluted EPS": 0.11,
        "Total Revenue": 932,
        "Gross Profit": 153,
        "Operating Income": 31,
        "EBIT": 41,
        "Net Income": 18
    },
    "2023-09-30": {
        "Tax Effect Of Unusual Items": NaN,
        "Tax Rate For Calcs": NaN,
        "Normalized EBITDA": NaN,
        "Total Unusual Items": NaN,
        "Total Unusual Items Excluding Goodwill": NaN,
        "Net Income From Continuing Operation Net Minority Interest": NaN,
        "Reconciled Depreciation": NaN,
        "Reconciled Cost Of Revenue": NaN,
        "EBITDA": NaN,
        "EBIT": NaN,
        "Net Interest Income": NaN,
        "Interest Expense": NaN,
        "Normalized Income": NaN,
        "Net Income From Continuing And Discontinued Operation": NaN,
        "Total Expenses": NaN,
        "Total Operating Income As Reported": NaN,
        "Diluted Average Shares": NaN,
        "Basic Average Shares": NaN,
        "Diluted EPS": NaN,
        "Basic EPS": NaN,
        "Diluted NI Availto Com Stockholders": NaN,
        "Net Income Common Stockholders": NaN,
        "Net Income": NaN,
        "Minority Interests": NaN,
        "Net Income Including Noncontrolling Interests": NaN,
        "Net Income Continuous Operations": NaN,
        "Tax Provision": NaN,
        "Pretax Income": NaN,
        "Other Income Expense": NaN,
        "Special Income Charges": NaN,
        "Write Off": NaN,
        "Impairment Of Capital Assets": 440000000.0,
        "Gain On Sale Of Security": NaN,
        "Net Non Operating Interest Income Expense": NaN,
        "Interest Expense Non Operating": NaN,
        "Operating Income": NaN,
        "Operating Expense": NaN,
        "Depreciation Amortization Depletion Income Statement": NaN,
        "Depreciation And Amortization In Income Statement": NaN,
        "Amortization": NaN,
        "Amortization Of Intangibles Income Statement": NaN,
        "Depreciation Income Statement": NaN,
        "Selling General And Administration": NaN,
        "General And Administrative Expense": 3048000000.0,
        "Other Gand A": 3048000000.0,
        "Gross Profit": NaN,
        "Cost Of Revenue": NaN,
        "Total Revenue": NaN,
        "Excise Taxes": NaN,
        "Operating Revenue": NaN
    },
    "2023-12-31": {
        "Tax Effect Of Unusual Items": NaN,
        "Tax Rate For Calcs": NaN,
        "Normalized EBITDA": NaN,
        "Total Unusual Items": NaN,
        "Total Unusual Items Excluding Goodwill": NaN,
        "Net Income From Continuing Operation Net Minority Interest": NaN,
        "Reconciled Depreciation": NaN,
        "Reconciled Cost Of Revenue": NaN,
        "EBITDA": NaN,
        "EBIT": NaN,
        "Net Interest Income": NaN,
        "Interest Expense": NaN,
        "Normalized Income": NaN,
        "Net Income From Continuing And Discontinued Operation": NaN,
        "Total Expenses": NaN,
        "Total Operating Income As Reported": NaN,
        "Diluted Average Shares": NaN,
        "Basic Average Shares": NaN,
        "Diluted EPS": NaN,
        "Basic EPS": NaN,
        "Diluted NI Availto Com Stockholders": NaN,
        "Net Income Common Stockholders": NaN,
        "Net Income": NaN,
        "Minority Interests": NaN,
        "Net Income Including Noncontrolling Interests": NaN,
        "Net Income Continuous Operations": NaN,
        "Tax Provision": NaN,
        "Pretax Income": NaN,
        "Other Income Expense": NaN,
        "Special Income Charges": NaN,
        "Write Off": 51000000.0,
        "Impairment Of Capital Assets": NaN,
        "Gain On Sale Of Security": NaN,
        "Net Non Operating Interest Income Expense": NaN,
        "Interest Expense Non Operating": NaN,
        "Operating Income": NaN,
        "Operating Expense": NaN,
        "Depreciation Amortization Depletion Income Statement": NaN,
        "Depreciation And Amortization In Income Statement": NaN,
        "Amortization": NaN,
        "Amortization Of Intangibles Income Statement": NaN,
        "Depreciation Income Statement": NaN,
        "Selling General And Administration": NaN,
        "Gross Profit": NaN,
        "Cost Of Revenue": NaN,
        "Total Revenue": NaN,
        "Excise Taxes": NaN,
        "Operating Revenue": NaN
    },
    "2024-03-31": {
        "Tax Effect Of Unusual Items": NaN,
        "Tax Rate For Calcs": NaN,
        "Normalized EBITDA": NaN,
        "Total Unusual Items": NaN,
        "Total Unusual Items Excluding Goodwill": NaN,
        "Net Income From Continuing Operation Net Minority Interest": NaN,
        "Reconciled Depreciation": NaN,
        "Reconciled Cost Of Revenue": NaN,
        "EBITDA": NaN,
        "EBIT": NaN,
        "Net Interest Income": NaN,
        "Interest Expense": NaN,
        "Normalized Income": NaN,
        "Net Income From Continuing And Discontinued Operation": NaN,
        "Total Expenses": NaN,
        "Total Operating Income As Reported": NaN,
        "Diluted Average Shares": NaN,
        "Basic Average Shares": NaN,
        "Diluted EPS": NaN,
        "Basic EPS": NaN,
        "Diluted NI Availto Com Stockholders": NaN,
        "Net Income Common Stockholders": NaN,
        "Net Income": NaN,
        "Minority Interests": NaN,
        "Net Income Including Noncontrolling Interests": NaN,
        "Net Income Continuous Operations": NaN,
        "Tax Provision": NaN,
        "Pretax Income": NaN,
        "Other Income Expense": NaN,
        "Special Income Charges": NaN,
        "Write Off": 13000000.0,
        "Impairment Of Capital Assets": 13000000.0,
        "Gain On Sale Of Security": NaN,
        "Net Non Operating Interest Income Expense": NaN,
        "Interest Expense Non Operating": NaN,
        "Operating Income": NaN,
        "Operating Expense": NaN,
        "Depreciation Amortization Depletion Income Statement": NaN,
        "Depreciation And Amortization In Income Statement": NaN,
        "Amortization": NaN,
        "Amortization Of Intangibles Income Statement": NaN,
        "Depreciation Income Statement": NaN,
        "Selling General And Administration": NaN,
        "Gross Profit": NaN,
        "Cost Of Revenue": NaN,
        "Total Revenue": NaN,
        "Excise Taxes": NaN,
        "Operating Revenue": NaN
    },
    "2024-06-30": {
        "Tax Effect Of Unusual Items": 113001319.261214,
        "Tax Rate For Calcs": 0.244063,
        "Normalized EBITDA": 1535000000.0,
        "Total Unusual Items": 463000000.0,
        "Total Unusual Items Excluding Goodwill": 463000000.0,
        "Net Income From Continuing Operation Net Minority Interest": 1146000000.0,
        "Reconciled Depreciation": 306000000.0,
        "Reconciled Cost Of Revenue": 35407000000.0,
        "EBITDA": 1998000000.0,
        "EBIT": 1692000000.0,
        "Net Interest Income": -176000000.0,
        "Interest Expense": 176000000.0,
        "Normalized Income": 796001319.261214,
        "Net Income From Continuing And Discontinued Operation": 1146000000.0,
        "Total Expenses": 38607000000.0,
        "Total Operating Income As Reported": 1229000000.0,
        "Diluted Average Shares": 530755000.0,
        "Basic Average Shares": 529602000.0,
        "Diluted EPS": 2.16,
        "Basic EPS": 2.16,
        "Diluted NI Availto Com Stockholders": 1146000000.0,
        "Net Income Common Stockholders": 1146000000.0,
        "Net Income": 1146000000.0,
        "Minority Interests": 0.0,
        "Net Income Including Noncontrolling Interests": 1146000000.0,
        "Net Income Continuous Operations": 1146000000.0,
        "Tax Provision": 370000000.0,
        "Pretax Income": 1516000000.0,
        "Other Income Expense": 463000000.0,
        "Special Income Charges": 0.0,
        "Write Off": NaN,
        "Impairment Of Capital Assets": 0.0,
        "Gain On Sale Of Security": 463000000.0,
        "Net Non Operating Interest Income Expense": -176000000.0,
        "Interest Expense Non Operating": 176000000.0,
        "Operating Income": 1229000000.0,
        "Operating Expense": 3200000000.0,
        "Depreciation Amortization Depletion Income Statement": 306000000.0,
        "Depreciation And Amortization In Income Statement": 306000000.0,
        "Amortization": 173000000.0,
        "Amortization Of Intangibles Income Statement": 173000000.0,
        "Depreciation Income Statement": 133000000.0,
        "Selling General And Administration": 2894000000.0,
        "Gross Profit": 4429000000.0,
        "Cost Of Revenue": 35407000000.0,
        "Total Revenue": 39836000000.0,
        "Excise Taxes": -3863000000.0,
        "Operating Revenue": 35973000000.0
    },
    "2024-09-30": {
        "Tax Effect Of Unusual Items": 98928000.0,
        "Tax Rate For Calcs": 0.229,
        "Normalized EBITDA": 978000000.0,
        "Total Unusual Items": 432000000.0,
        "Total Unusual Items Excluding Goodwill": 432000000.0,
        "Net Income From Continuing Operation Net Minority Interest": 713000000.0,
        "Reconciled Depreciation": 313000000.0,
        "Reconciled Cost Of Revenue": 37988000000.0,
        "EBITDA": 1410000000.0,
        "EBIT": 1097000000.0,
        "Net Interest Income": -176000000.0,
        "Interest Expense": 176000000.0,
        "Normalized Income": 379928000.0,
        "Net Income From Continuing And Discontinued Operation": 713000000.0,
        "Total Expenses": 41358000000.0,
        "Total Operating Income As Reported": 665000000.0,
        "Diluted Average Shares": 523542000.0,
        "Basic Average Shares": 521965000.0,
        "Diluted EPS": 1.36,
        "Basic EPS": 1.37,
        "Diluted NI Availto Com Stockholders": 713000000.0,
        "Net Income Common Stockholders": 713000000.0,
        "Net Income": 713000000.0,
        "Minority Interests": 3000000.0,
        "Net Income Including Noncontrolling Interests": 710000000.0,
        "Net Income Continuous Operations": 710000000.0,
        "Tax Provision": 211000000.0,
        "Pretax Income": 921000000.0,
        "Other Income Expense": 432000000.0,
        "Special Income Charges": 0.0,
        "Write Off": 0.0,
        "Impairment Of Capital Assets": NaN,
        "Gain On Sale Of Security": 432000000.0,
        "Net Non Operating Interest Income Expense": -176000000.0,
        "Interest Expense Non Operating": 176000000.0,
        "Operating Income": 665000000.0,
        "Operating Expense": 3370000000.0,
        "Depreciation Amortization Depletion Income Statement": 313000000.0,
        "Depreciation And Amortization In Income Statement": 313000000.0,
        "Amortization": 173000000.0,
        "Amortization Of Intangibles Income Statement": 173000000.0,
        "Depreciation Income Statement": 140000000.0,
        "Selling General And Administration": 3057000000.0,
        "Gross Profit": 4035000000.0,
        "Cost Of Revenue": 37988000000.0,
        "Total Revenue": 42023000000.0,
        "Excise Taxes": -5124000000.0,
        "Operating Revenue": 36899000000.0
    },
    "2024-12-31": {
        "Tax Effect Of Unusual Items": 66420749.279539,
        "Tax Rate For Calcs": 0.193084,
        "Normalized EBITDA": 489000000.0,
        "Total Unusual Items": 344000000.0,
        "Total Unusual Items Excluding Goodwill": 344000000.0,
        "Net Income From Continuing Operation Net Minority Interest": 283000000.0,
        "Reconciled Depreciation": 314000000.0,
        "Reconciled Cost Of Revenue": 37085000000.0,
        "EBITDA": 833000000.0,
        "EBIT": 519000000.0,
        "Net Interest Income": -172000000.0,
        "Interest Expense": 172000000.0,
        "Normalized Income": 5420749.279539,
        "Net Income From Continuing And Discontinued Operation": 283000000.0,
        "Total Expenses": 40630000000.0,
        "Total Operating Income As Reported": 175000000.0,
        "Diluted Average Shares": 501978000.0,
        "Basic Average Shares": 500424000.0,
        "Diluted EPS": 0.56,
        "Basic EPS": 0.57,
        "Diluted NI Availto Com Stockholders": 283000000.0,
        "Net Income Common Stockholders": 283000000.0,
        "Net Income": 283000000.0,
        "Minority Interests": 3000000.0,
        "Net Income Including Noncontrolling Interests": 280000000.0,
        "Net Income Continuous Operations": 280000000.0,
        "Tax Provision": 67000000.0,
        "Pretax Income": 347000000.0,
        "Other Income Expense": 344000000.0,
        "Special Income Charges": 0.0,
        "Write Off": 0.0,
        "Impairment Of Capital Assets": NaN,
        "Gain On Sale Of Security": 344000000.0,
        "Net Non Operating Interest Income Expense": -172000000.0,
        "Interest Expense Non Operating": 172000000.0,
        "Operating Income": 175000000.0,
        "Operating Expense": 3545000000.0,
        "Depreciation Amortization Depletion Income Statement": 314000000.0,
        "Depreciation And Amortization In Income Statement": 314000000.0,
        "Amortization": 173000000.0,
        "Amortization Of Intangibles Income Statement": 173000000.0,
        "Depreciation Income Statement": 141000000.0,
        "Selling General And Administration": 3231000000.0,
        "Gross Profit": 3720000000.0,
        "Cost Of Revenue": 37085000000.0,
        "Total Revenue": 40805000000.0,
        "Excise Taxes": -4509000000.0,
        "Operating Revenue": 36296000000.0
    },
    "2025-03-31": {
        "Tax Effect Of Unusual Items": 94354000.0,
        "Tax Rate For Calcs": 0.247,
        "Normalized EBITDA": 1849000000.0,
        "Total Unusual Items": 382000000.0,
        "Total Unusual Items Excluding Goodwill": 382000000.0,
        "Net Income From Continuing Operation Net Minority Interest": 1311000000.0,
        "Reconciled Depreciation": 314000000.0,
        "Reconciled Cost Of Revenue": 41419000000.0,
        "EBITDA": 2231000000.0,
        "EBIT": 1916000000.0,
        "Net Interest Income": -170000000.0,
        "Interest Expense": 170000000.0,
        "Normalized Income": 1023354000.0,
        "Net Income From Continuing And Discontinued Operation": 1311000000.0,
        "Total Expenses": 45086000000.0,
        "Total Operating Income As Reported": 1534000000.0,
        "Diluted Average Shares": 498180000.0,
        "Basic Average Shares": 496214000.0,
        "Diluted EPS": 2.63,
        "Basic EPS": 2.64,
        "Diluted NI Availto Com Stockholders": 1311000000.0,
        "Net Income Common Stockholders": 1311000000.0,
        "Net Income": 1311000000.0,
        "Minority Interests": -3000000.0,
        "Net Income Including Noncontrolling Interests": 1314000000.0,
        "Net Income Continuous Operations": 1314000000.0,
        "Tax Provision": 432000000.0,
        "Pretax Income": 1746000000.0,
        "Other Income Expense": 382000000.0,
        "Special Income Charges": 0.0,
        "Write Off": 0.0,
        "Impairment Of Capital Assets": NaN,
        "Gain On Sale Of Security": 382000000.0,
        "Net Non Operating Interest Income Expense": -170000000.0,
        "Interest Expense Non Operating": 170000000.0,
        "Operating Income": 1534000000.0,
        "Operating Expense": 3668000000.0,
        "Depreciation Amortization Depletion Income Statement": 315000000.0,
        "Depreciation And Amortization In Income Statement": 315000000.0,
        "Amortization": 173000000.0,
        "Amortization Of Intangibles Income Statement": 173000000.0,
        "Depreciation Income Statement": 142000000.0,
        "Selling General And Administration": 3353000000.0,
        "Gross Profit": 5202000000.0,
        "Cost Of Revenue": 41418000000.0,
        "Total Revenue": 46620000000.0,
        "Excise Taxes": -4131000000.0,
        "Operating Revenue": 42489000000.0
    },
    "2025-06-30": {
        "Tax Effect Of Unusual Items": 66360000.0,
        "Tax Rate For Calcs": 0.21,
        "Normalized EBITDA": -88000000.0,
        "Total Unusual Items": 316000000.0,
        "Total Unusual Items Excluding Goodwill": 316000000.0,
        "Net Income From Continuing Operation Net Minority Interest": -253000000.0,
        "Reconciled Depreciation": 315000000.0,
        "Reconciled Cost Of Revenue": 45794000000.0,
        "EBITDA": 228000000.0,
        "EBIT": -87000000.0,
        "Net Interest Income": -170000000.0,
        "Interest Expense": 170000000.0,
        "Normalized Income": -502640000.0,
        "Net Income From Continuing And Discontinued Operation": -253000000.0,
        "Total Expenses": 49145000000.0,
        "Total Operating Income As Reported": -458000000.0,
        "Diluted Average Shares": 493548000.0,
        "Basic Average Shares": 493548000.0,
        "Diluted EPS": -0.51,
        "Basic EPS": -0.51,
        "Diluted NI Availto Com Stockholders": -253000000.0,
        "Net Income Common Stockholders": -253000000.0,
        "Net Income": -253000000.0,
        "Minority Interests": 6000000.0,
        "Net Income Including Noncontrolling Interests": -259000000.0,
        "Net Income Continuous Operations": -259000000.0,
        "Tax Provision": 2000000.0,
        "Pretax Income": -257000000.0,
        "Other Income Expense": 316000000.0,
        "Special Income Charges": -55000000.0,
        "Write Off": NaN,
        "Impairment Of Capital Assets": 55000000.0,
        "Gain On Sale Of Security": 371000000.0,
        "Net Non Operating Interest Income Expense": -170000000.0,
        "Interest Expense Non Operating": 170000000.0,
        "Operating Income": -403000000.0,
        "Operating Expense": 3350000000.0,
        "Depreciation Amortization Depletion Income Statement": 314000000.0,
        "Depreciation And Amortization In Income Statement": 314000000.0,
        "Amortization": 173000000.0,
        "Amortization Of Intangibles Income Statement": 173000000.0,
        "Depreciation Income Statement": 141000000.0,
        "Selling General And Administration": 3036000000.0,
        "Gross Profit": 2947000000.0,
        "Cost Of Revenue": 45795000000.0,
        "Total Revenue": 48742000000.0,
        "Excise Taxes": -6275000000.0,
        "Operating Revenue": 42467000000.0
    }
}