{
    "2023-03-31": {
        "Tax Effect Of Unusual Items": NaN,
        "Tax Rate For Calcs": NaN,
        "Normalized EBITDA": NaN,
        "Total Unusual Items": NaN,
        "Total Unusual Items Excluding Goodwill": NaN,
        "Net Income From Continuing Operation Net Minority Interest": NaN,
        "Reconciled Depreciation": NaN,
        "Reconciled Cost Of Revenue": NaN,
        "EBITDA": NaN,
        "EBIT": NaN,
        "Net Interest Income": NaN,
        "Interest Expense": NaN,
        "Normalized Income": NaN,
        "Net Income From Continuing And Discontinued Operation": NaN,
        "Total Expenses": NaN,
        "Diluted Average Shares": NaN,
        "Basic Average Shares": NaN,
        "Diluted EPS": NaN,
        "Basic EPS": NaN,
        "Diluted NI Availto Com Stockholders": NaN,
        "Average Dilution Earnings": -2000000.0,
        "Net Income Common Stockholders": NaN,
        "Preferred Stock Dividends": NaN,
        "Net Income": NaN,
        "Net Income Including Noncontrolling Interests": NaN,
        "Net Income Continuous Operations": NaN,
        "Tax Provision": NaN,
        "Pretax Income": NaN,
        "Other Income Expense": NaN,
        "Other Non Operating Income Expenses": NaN,
        "Special Income Charges": NaN,
        "Gain On Sale Of Business": NaN,
        "Other Special Charges": NaN,
        "Impairment Of Capital Assets": NaN,
        "Restructuring And Mergern Acquisition": NaN,
        "Net Non Operating Interest Income Expense": NaN,
        "Interest Expense Non Operating": NaN,
        "Operating Income": NaN,
        "Operating Expense": NaN,
        "Other Operating Expenses": -1000000.0,
        "Depreciation Amortization Depletion Income Statement": NaN,
        "Depreciation And Amortization In Income Statement": NaN,
        "Research And Development": NaN,
        "Selling General And Administration": NaN,
        "Gross Profit": NaN,
        "Cost Of Revenue": NaN,
        "Total Revenue": NaN,
        "Operating Revenue": NaN
    },
    "2022-12-31": {
        "Tax Effect Of Unusual Items": NaN,
        "Tax Rate For Calcs": NaN,
        "Normalized EBITDA": NaN,
        "Total Unusual Items": NaN,
        "Total Unusual Items Excluding Goodwill": NaN,
        "Net Income From Continuing Operation Net Minority Interest": NaN,
        "Reconciled Depreciation": NaN,
        "Reconciled Cost Of Revenue": NaN,
        "EBITDA": NaN,
        "EBIT": NaN,
        "Net Interest Income": NaN,
        "Interest Expense": NaN,
        "Normalized Income": NaN,
        "Net Income From Continuing And Discontinued Operation": NaN,
        "Total Expenses": NaN,
        "Diluted Average Shares": NaN,
        "Basic Average Shares": NaN,
        "Diluted EPS": NaN,
        "Basic EPS": NaN,
        "Diluted NI Availto Com Stockholders": NaN,
        "Average Dilution Earnings": NaN,
        "Net Income Common Stockholders": NaN,
        "Preferred Stock Dividends": NaN,
        "Net Income": NaN,
        "Net Income Including Noncontrolling Interests": NaN,
        "Net Income Continuous Operations": NaN,
        "Tax Provision": NaN,
        "Pretax Income": NaN,
        "Other Income Expense": NaN,
        "Other Non Operating Income Expenses": NaN,
        "Special Income Charges": NaN,
        "Gain On Sale Of Business": NaN,
        "Other Special Charges": -1000000.0,
        "Impairment Of Capital Assets": NaN,
        "Restructuring And Mergern Acquisition": NaN,
        "Net Non Operating Interest Income Expense": NaN,
        "Interest Expense Non Operating": NaN,
        "Operating Income": NaN,
        "Operating Expense": NaN,
        "Other Operating Expenses": NaN,
        "Depreciation Amortization Depletion Income Statement": NaN,
        "Depreciation And Amortization In Income Statement": NaN,
        "Research And Development": NaN,
        "Selling General And Administration": NaN,
        "Gross Profit": NaN,
        "Cost Of Revenue": NaN,
        "Total Revenue": NaN,
        "Operating Revenue": NaN
    },
    "2022-09-30": {
        "Tax Effect Of Unusual Items": NaN,
        "Tax Rate For Calcs": NaN,
        "Normalized EBITDA": NaN,
        "Total Unusual Items": NaN,
        "Total Unusual Items Excluding Goodwill": NaN,
        "Net Income From Continuing Operation Net Minority Interest": NaN,
        "Reconciled Depreciation": NaN,
        "Reconciled Cost Of Revenue": NaN,
        "EBITDA": NaN,
        "EBIT": NaN,
        "Net Interest Income": NaN,
        "Interest Expense": NaN,
        "Normalized Income": NaN,
        "Net Income From Continuing And Discontinued Operation": NaN,
        "Total Expenses": NaN,
        "Diluted Average Shares": NaN,
        "Basic Average Shares": NaN,
        "Diluted EPS": NaN,
        "Basic EPS": NaN,
        "Diluted NI Availto Com Stockholders": NaN,
        "Average Dilution Earnings": NaN,
        "Net Income Common Stockholders": NaN,
        "Preferred Stock Dividends": NaN,
        "Net Income": NaN,
        "Net Income Including Noncontrolling Interests": NaN,
        "Net Income Continuous Operations": NaN,
        "Tax Provision": NaN,
        "Pretax Income": NaN,
        "Other Income Expense": NaN,
        "Other Non Operating Income Expenses": NaN,
        "Special Income Charges": NaN,
        "Gain On Sale Of Business": NaN,
        "Other Special Charges": NaN,
        "Impairment Of Capital Assets": 0.0,
        "Restructuring And Mergern Acquisition": NaN,
        "Net Non Operating Interest Income Expense": NaN,
        "Interest Expense Non Operating": NaN,
        "Operating Income": NaN,
        "Operating Expense": NaN,
        "Other Operating Expenses": NaN,
        "Depreciation Amortization Depletion Income Statement": NaN,
        "Depreciation And Amortization In Income Statement": NaN,
        "Research And Development": NaN,
        "Selling General And Administration": NaN,
        "Gross Profit": NaN,
        "Cost Of Revenue": NaN,
        "Total Revenue": NaN,
        "Operating Revenue": NaN
    },
    "2022-06-30": {
        "Tax Effect Of Unusual Items": -4400000.0,
        "Tax Rate For Calcs": 0.4,
        "Normalized EBITDA": 87000000.0,
        "Total Unusual Items": -11000000.0,
        "Total Unusual Items Excluding Goodwill": -11000000.0,
        "Net Income From Continuing Operation Net Minority Interest": 0.0,
        "Reconciled Depreciation": 53000000.0,
        "Reconciled Cost Of Revenue": 727000000.0,
        "EBITDA": 76000000.0,
        "EBIT": 23000000.0,
        "Net Interest Income": -18000000.0,
        "Interest Expense": 18000000.0,
        "Normalized Income": 6600000.0,
        "Net Income From Continuing And Discontinued Operation": 0.0,
        "Total Expenses": 895000000.0,
        "Diluted Average Shares": 215629000.0,
        "Basic Average Shares": 215629000.0,
        "Diluted EPS": -0.01,
        "Basic EPS": -0.01,
        "Diluted NI Availto Com Stockholders": -3000000.0,
        "Net Income Common Stockholders": -3000000.0,
        "Preferred Stock Dividends": 3000000.0,
        "Net Income": 0.0,
        "Net Income Including Noncontrolling Interests": 0.0,
        "Net Income Continuous Operations": 0.0,
        "Tax Provision": 5000000.0,
        "Pretax Income": 5000000.0,
        "Other Income Expense": -10000000.0,
        "Other Non Operating Income Expenses": 1000000.0,
        "Special Income Charges": -11000000.0,
        "Gain On Sale Of Business": -3000000.0,
        "Other Special Charges": -3000000.0,
        "Impairment Of Capital Assets": NaN,
        "Restructuring And Mergern Acquisition": 11000000.0,
        "Net Non Operating Interest Income Expense": -18000000.0,
        "Interest Expense Non Operating": 18000000.0,
        "Operating Income": 33000000.0,
        "Operating Expense": 168000000.0,
        "Other Operating Expenses": NaN,
        "Depreciation Amortization Depletion Income Statement": 53000000.0,
        "Depreciation And Amortization In Income Statement": 53000000.0,
        "Research And Development": 2000000.0,
        "Selling General And Administration": 113000000.0,
        "Gross Profit": 201000000.0,
        "Cost Of Revenue": 727000000.0,
        "Total Revenue": 928000000.0,
        "Operating Revenue": 928000000.0
    },
    "2023-06-30": {
        "Tax Effect Of Unusual Items": NaN,
        "Tax Rate For Calcs": NaN,
        "Normalized EBITDA": NaN,
        "Total Unusual Items": NaN,
        "Total Unusual Items Excluding Goodwill": NaN,
        "Net Income From Continuing Operation Net Minority Interest": NaN,
        "Reconciled Depreciation": NaN,
        "Reconciled Cost Of Revenue": NaN,
        "EBITDA": NaN,
        "EBIT": NaN,
        "Net Interest Income": NaN,
        "Interest Expense": NaN,
        "Normalized Income": NaN,
        "Net Income From Continuing And Discontinued Operation": NaN,
        "Total Expenses": NaN,
        "Diluted Average Shares": NaN,
        "Basic Average Shares": NaN,
        "Diluted EPS": NaN,
        "Basic EPS": NaN,
        "Diluted NI Availto Com Stockholders": NaN,
        "Average Dilution Earnings": NaN,
        "Net Income Common Stockholders": NaN,
        "Preferred Stock Dividends": NaN,
        "Net Income": NaN,
        "Net Income Including Noncontrolling Interests": NaN,
        "Net Income Continuous Operations": NaN,
        "Tax Provision": NaN,
        "Pretax Income": NaN,
        "Other Income Expense": NaN,
        "Other Non Operating Income Expenses": NaN,
        "Special Income Charges": NaN,
        "Gain On Sale Of Business": NaN,
        "Other Special Charges": -1000000.0,
        "Impairment Of Capital Assets": NaN,
        "Restructuring And Mergern Acquisition": NaN,
        "Net Non Operating Interest Income Expense": NaN,
        "Interest Expense Non Operating": NaN,
        "Operating Income": NaN,
        "Operating Expense": NaN,
        "Other Operating Expenses": NaN,
        "Depreciation Amortization Depletion Income Statement": NaN,
        "Depreciation And Amortization In Income Statement": NaN,
        "Research And Development": NaN,
        "Selling General And Administration": NaN,
        "Gross Profit": NaN,
        "Cost Of Revenue": NaN,
        "Total Revenue": NaN,
        "Operating Revenue": NaN
    },
    "2022-03-31": {
        "Diluted EPS": 0.61,
        "Total Revenue": 967,
        "Gross Profit": 212,
        "Operating Income": 39,
        "EBIT": 101,
        "Net Income": 136
    },
    "2021-12-31": {
        "Diluted EPS": -0.2,
        "Total Revenue": NaN,
        "Gross Profit": 245,
        "Operating Income": -19,
        "EBIT": 69,
        "Net Income": -48
    },
    "2021-09-30": {
        "Diluted EPS": 0.04,
        "Total Revenue": NaN,
        "Gross Profit": 262,
        "Operating Income": 35,
        "EBIT": 121,
        "Net Income": 11
    },
    "2021-06-30": {
        "Diluted EPS": 0.04,
        "Total Revenue": NaN,
        "Gross Profit": 254,
        "Operating Income": 34,
        "EBIT": 122,
        "Net Income": 12
    },
    "2021-03-31": {
        "Diluted EPS": -0.06,
        "Total Revenue": NaN,
        "Gross Profit": 241,
        "Operating Income": 7,
        "EBIT": 104,
        "Net Income": -13
    },
    "2020-12-31": {
        "Diluted EPS": -0.08,
        "Total Revenue": NaN,
        "Gross Profit": 252,
        "Operating Income": 7,
        "EBIT": 124,
        "Net Income": -14
    },
    "2020-09-30": {
        "Diluted EPS": -0.04,
        "Total Revenue": NaN,
        "Gross Profit": 262,
        "Operating Income": 8,
        "EBIT": 123,
        "Net Income": -9
    },
    "2020-06-30": {
        "Diluted EPS": -0.25,
        "Total Revenue": NaN,
        "Gross Profit": 221,
        "Operating Income": -34,
        "EBIT": 82,
        "Net Income": -54
    },
    "2020-03-31": {
        "Diluted EPS": -0.24,
        "Total Revenue": NaN,
        "Gross Profit": 219,
        "Operating Income": -22,
        "EBIT": 98,
        "Net Income": -51
    },
    "2019-12-31": {
        "Diluted EPS": -2.77,
        "Total Revenue": NaN,
        "Gross Profit": 249,
        "Operating Income": -611,
        "EBIT": 110,
        "Net Income": -588
    },
    "2019-09-30": {
        "Diluted EPS": -0.09,
        "Total Revenue": NaN,
        "Gross Profit": 239,
        "Operating Income": 3,
        "EBIT": 121,
        "Net Income": -16
    },
    "2019-06-30": {
        "Diluted EPS": -4.94,
        "Total Revenue": NaN,
        "Gross Profit": 233,
        "Operating Income": NaN,
        "EBIT": 85,
        "Net Income": NaN
    },
    "2019-03-31": {
        "Diluted EPS": -1.49,
        "Total Revenue": NaN,
        "Gross Profit": 252,
        "Operating Income": -293,
        "EBIT": 109,
        "Net Income": -308
    },
    "2018-12-31": {
        "Diluted EPS": -0.68,
        "Total Revenue": NaN,
        "Gross Profit": 293,
        "Operating Income": -33,
        "EBIT": 85,
        "Net Income": -147
    },
    "2018-09-30": {
        "Diluted EPS": -1.16,
        "Total Revenue": NaN,
        "Gross Profit": 299,
        "Operating Income": 14,
        "EBIT": 128,
        "Net Income": -237
    },
    "2018-06-30": {
        "Diluted EPS": 0.04,
        "Total Revenue": NaN,
        "Gross Profit": 314,
        "Operating Income": 93,
        "EBIT": 216,
        "Net Income": 8
    },
    "2018-03-31": {
        "Diluted EPS": -0.26,
        "Total Revenue": NaN,
        "Gross Profit": 305,
        "Operating Income": 25,
        "EBIT": 144,
        "Net Income": -50
    },
    "2017-12-31": {
        "Diluted EPS": 0.99,
        "Total Revenue": NaN,
        "Gross Profit": 529,
        "Operating Income": 40,
        "EBIT": 161,
        "Net Income": 210
    },
    "2017-09-30": {
        "Diluted EPS": -0.09,
        "Total Revenue": NaN,
        "Gross Profit": 261,
        "Operating Income": 29,
        "EBIT": 155,
        "Net Income": -17
    },
    "2017-06-30": {
        "Diluted EPS": -0.03,
        "Total Revenue": NaN,
        "Gross Profit": 243,
        "Operating Income": -11,
        "EBIT": 121,
        "Net Income": -4
    },
    "2017-03-31": {
        "Diluted EPS": -0.04,
        "Total Revenue": NaN,
        "Gross Profit": 259,
        "Operating Income": 3,
        "EBIT": 130,
        "Net Income": -8
    },
    "2016-12-31": {
        "Diluted EPS": -4.69,
        "Total Revenue": NaN,
        "Gross Profit": 447,
        "Operating Income": NaN,
        "EBIT": 47,
        "Net Income": -951
    },
    "2016-09-30": {
        "Diluted EPS": 0.01,
        "Total Revenue": NaN,
        "Gross Profit": 268,
        "Operating Income": 3,
        "EBIT": 138,
        "Net Income": 1
    },
    "2016-06-30": {
        "Diluted EPS": -0.05,
        "Total Revenue": NaN,
        "Gross Profit": 255,
        "Operating Income": -33,
        "EBIT": 101,
        "Net Income": -10
    },
    "2016-03-31": {
        "Diluted EPS": -0.12,
        "Total Revenue": NaN,
        "Gross Profit": 264,
        "Operating Income": -53,
        "EBIT": 95,
        "Net Income": -23
    },
    "2015-12-31": {
        "Diluted EPS": 0.0,
        "Total Revenue": NaN,
        "Gross Profit": NaN,
        "Operating Income": NaN,
        "EBIT": NaN,
        "Net Income": NaN
    },
    "2015-09-30": {
        "Diluted EPS": 0.0,
        "Total Revenue": NaN,
        "Gross Profit": -111,
        "Operating Income": -390,
        "EBIT": -390,
        "Net Income": -239
    },
    "2015-03-31": {
        "Diluted EPS": 0.0,
        "Total Revenue": NaN,
        "Gross Profit": 258,
        "Operating Income": -20,
        "EBIT": 126,
        "Net Income": 28
    },
    "2014-12-31": {
        "Diluted EPS": 0.0,
        "Total Revenue": NaN,
        "Gross Profit": NaN,
        "Operating Income": NaN,
        "EBIT": NaN,
        "Net Income": NaN
    },
    "2013-12-31": {
        "Diluted EPS": 0.0,
        "Total Revenue": NaN,
        "Gross Profit": NaN,
        "Operating Income": NaN,
        "EBIT": NaN,
        "Net Income": NaN
    },
    "2023-09-30": {
        "Tax Effect Of Unusual Items": NaN,
        "Tax Rate For Calcs": NaN,
        "Normalized EBITDA": NaN,
        "Total Unusual Items": NaN,
        "Total Unusual Items Excluding Goodwill": NaN,
        "Net Income From Continuing Operation Net Minority Interest": NaN,
        "Reconciled Depreciation": NaN,
        "Reconciled Cost Of Revenue": NaN,
        "EBITDA": NaN,
        "EBIT": NaN,
        "Net Interest Income": NaN,
        "Interest Expense": NaN,
        "Normalized Income": NaN,
        "Net Income From Continuing And Discontinued Operation": NaN,
        "Total Expenses": NaN,
        "Diluted Average Shares": NaN,
        "Basic Average Shares": NaN,
        "Diluted EPS": NaN,
        "Basic EPS": NaN,
        "Diluted NI Availto Com Stockholders": NaN,
        "Average Dilution Earnings": 0.0,
        "Net Income Common Stockholders": NaN,
        "Preferred Stock Dividends": NaN,
        "Net Income": NaN,
        "Net Income Including Noncontrolling Interests": NaN,
        "Net Income Continuous Operations": NaN,
        "Tax Provision": NaN,
        "Pretax Income": NaN,
        "Other Income Expense": NaN,
        "Other Non Operating Income Expenses": 2000000.0,
        "Special Income Charges": NaN,
        "Gain On Sale Of Business": NaN,
        "Other Special Charges": NaN,
        "Impairment Of Capital Assets": 287000000.0,
        "Restructuring And Mergern Acquisition": NaN,
        "Net Non Operating Interest Income Expense": NaN,
        "Interest Expense Non Operating": NaN,
        "Operating Income": NaN,
        "Operating Expense": NaN,
        "Other Operating Expenses": -2000000.0,
        "Depreciation Amortization Depletion Income Statement": NaN,
        "Depreciation And Amortization In Income Statement": NaN,
        "Research And Development": NaN,
        "Selling General And Administration": NaN,
        "Gross Profit": NaN,
        "Cost Of Revenue": NaN,
        "Total Revenue": NaN,
        "Operating Revenue": NaN
    },
    "2023-12-31": {
        "Tax Effect Of Unusual Items": NaN,
        "Tax Rate For Calcs": NaN,
        "Normalized EBITDA": NaN,
        "Total Unusual Items": NaN,
        "Total Unusual Items Excluding Goodwill": NaN,
        "Net Income From Continuing Operation Net Minority Interest": NaN,
        "Reconciled Depreciation": NaN,
        "Reconciled Cost Of Revenue": NaN,
        "EBITDA": NaN,
        "EBIT": NaN,
        "Net Interest Income": NaN,
        "Interest Expense": NaN,
        "Normalized Income": NaN,
        "Net Income From Continuing And Discontinued Operation": NaN,
        "Total Expenses": NaN,
        "Diluted Average Shares": NaN,
        "Basic Average Shares": NaN,
        "Diluted EPS": NaN,
        "Basic EPS": NaN,
        "Diluted NI Availto Com Stockholders": NaN,
        "Average Dilution Earnings": NaN,
        "Net Income Common Stockholders": NaN,
        "Preferred Stock Dividends": NaN,
        "Net Income": NaN,
        "Net Income Including Noncontrolling Interests": NaN,
        "Net Income Continuous Operations": NaN,
        "Tax Provision": NaN,
        "Pretax Income": NaN,
        "Other Income Expense": NaN,
        "Other Non Operating Income Expenses": -18000000.0,
        "Special Income Charges": NaN,
        "Gain On Sale Of Business": NaN,
        "Other Special Charges": NaN,
        "Impairment Of Capital Assets": 0.0,
        "Restructuring And Mergern Acquisition": NaN,
        "Net Non Operating Interest Income Expense": NaN,
        "Interest Expense Non Operating": NaN,
        "Operating Income": NaN,
        "Operating Expense": NaN,
        "Other Operating Expenses": NaN,
        "Depreciation Amortization Depletion Income Statement": NaN,
        "Depreciation And Amortization In Income Statement": NaN,
        "Research And Development": NaN,
        "Selling General And Administration": NaN,
        "Gross Profit": NaN,
        "Cost Of Revenue": NaN,
        "Total Revenue": NaN,
        "Operating Revenue": NaN
    },
    "2024-03-31": {
        "Tax Effect Of Unusual Items": NaN,
        "Tax Rate For Calcs": NaN,
        "Normalized EBITDA": NaN,
        "Total Unusual Items": NaN,
        "Total Unusual Items Excluding Goodwill": NaN,
        "Net Income From Continuing Operation Net Minority Interest": NaN,
        "Reconciled Depreciation": NaN,
        "Reconciled Cost Of Revenue": NaN,
        "EBITDA": NaN,
        "EBIT": NaN,
        "Net Interest Income": NaN,
        "Interest Expense": NaN,
        "Normalized Income": NaN,
        "Net Income From Continuing And Discontinued Operation": NaN,
        "Total Expenses": NaN,
        "Diluted Average Shares": NaN,
        "Basic Average Shares": NaN,
        "Diluted EPS": NaN,
        "Basic EPS": NaN,
        "Diluted NI Availto Com Stockholders": NaN,
        "Average Dilution Earnings": 0.0,
        "Net Income Common Stockholders": NaN,
        "Preferred Stock Dividends": NaN,
        "Net Income": NaN,
        "Net Income Including Noncontrolling Interests": NaN,
        "Net Income Continuous Operations": NaN,
        "Tax Provision": NaN,
        "Pretax Income": NaN,
        "Other Income Expense": NaN,
        "Special Income Charges": NaN,
        "Gain On Sale Of Business": NaN,
        "Other Special Charges": 6000000.0,
        "Impairment Of Capital Assets": NaN,
        "Restructuring And Mergern Acquisition": NaN,
        "Net Non Operating Interest Income Expense": NaN,
        "Interest Expense Non Operating": NaN,
        "Operating Income": NaN,
        "Operating Expense": NaN,
        "Other Operating Expenses": -2000000.0,
        "Depreciation Amortization Depletion Income Statement": NaN,
        "Depreciation And Amortization In Income Statement": NaN,
        "Research And Development": NaN,
        "Selling General And Administration": NaN,
        "Gross Profit": NaN,
        "Cost Of Revenue": NaN,
        "Total Revenue": NaN,
        "Operating Revenue": NaN
    },
    "2024-06-30": {
        "Tax Effect Of Unusual Items": 93800000.0,
        "Tax Rate For Calcs": 0.28,
        "Normalized EBITDA": 35000000.0,
        "Total Unusual Items": 335000000.0,
        "Total Unusual Items Excluding Goodwill": 335000000.0,
        "Net Income From Continuing Operation Net Minority Interest": 216000000.0,
        "Reconciled Depreciation": 51000000.0,
        "Reconciled Cost Of Revenue": 677000000.0,
        "EBITDA": 370000000.0,
        "EBIT": 319000000.0,
        "Net Interest Income": -19000000.0,
        "Interest Expense": 19000000.0,
        "Normalized Income": -25200000.0,
        "Net Income From Continuing And Discontinued Operation": 216000000.0,
        "Total Expenses": 844000000.0,
        "Diluted Average Shares": 202081000.0,
        "Basic Average Shares": 194539000.0,
        "Diluted EPS": 1.07,
        "Basic EPS": 1.1,
        "Diluted NI Availto Com Stockholders": 213000000.0,
        "Average Dilution Earnings": NaN,
        "Net Income Common Stockholders": 213000000.0,
        "Preferred Stock Dividends": 3000000.0,
        "Net Income": 216000000.0,
        "Net Income Including Noncontrolling Interests": 216000000.0,
        "Net Income Continuous Operations": 216000000.0,
        "Tax Provision": 84000000.0,
        "Pretax Income": 300000000.0,
        "Other Income Expense": 335000000.0,
        "Special Income Charges": 335000000.0,
        "Gain On Sale Of Business": 347000000.0,
        "Other Special Charges": 4000000.0,
        "Impairment Of Capital Assets": NaN,
        "Restructuring And Mergern Acquisition": 8000000.0,
        "Net Non Operating Interest Income Expense": -19000000.0,
        "Interest Expense Non Operating": 19000000.0,
        "Operating Income": -16000000.0,
        "Operating Expense": 167000000.0,
        "Other Operating Expenses": NaN,
        "Depreciation Amortization Depletion Income Statement": 51000000.0,
        "Depreciation And Amortization In Income Statement": 51000000.0,
        "Research And Development": 1000000.0,
        "Selling General And Administration": 115000000.0,
        "Gross Profit": 151000000.0,
        "Cost Of Revenue": 677000000.0,
        "Total Revenue": 828000000.0,
        "Operating Revenue": 828000000.0
    },
    "2024-09-30": {
        "Tax Effect Of Unusual Items": 40404000.0,
        "Tax Rate For Calcs": 0.222,
        "Normalized EBITDA": 37000000.0,
        "Total Unusual Items": 182000000.0,
        "Total Unusual Items Excluding Goodwill": 182000000.0,
        "Net Income From Continuing Operation Net Minority Interest": 123000000.0,
        "Reconciled Depreciation": 44000000.0,
        "Reconciled Cost Of Revenue": 656000000.0,
        "EBITDA": 219000000.0,
        "EBIT": 175000000.0,
        "Net Interest Income": -16000000.0,
        "Interest Expense": 16000000.0,
        "Normalized Income": -18596000.0,
        "Net Income From Continuing And Discontinued Operation": 123000000.0,
        "Total Expenses": 814000000.0,
        "Diluted Average Shares": 170833333.0,
        "Basic Average Shares": 161684000.0,
        "Diluted EPS": 0.72,
        "Basic EPS": 0.75,
        "Diluted NI Availto Com Stockholders": 123000000.0,
        "Average Dilution Earnings": 2000000.0,
        "Net Income Common Stockholders": 121000000.0,
        "Preferred Stock Dividends": 2000000.0,
        "Net Income": 123000000.0,
        "Net Income Including Noncontrolling Interests": 123000000.0,
        "Net Income Continuous Operations": 123000000.0,
        "Tax Provision": 36000000.0,
        "Pretax Income": 159000000.0,
        "Other Income Expense": 182000000.0,
        "Special Income Charges": 182000000.0,
        "Gain On Sale Of Business": 188000000.0,
        "Other Special Charges": 2000000.0,
        "Impairment Of Capital Assets": 0.0,
        "Restructuring And Mergern Acquisition": 4000000.0,
        "Net Non Operating Interest Income Expense": -16000000.0,
        "Interest Expense Non Operating": 16000000.0,
        "Operating Income": -7000000.0,
        "Operating Expense": 158000000.0,
        "Other Operating Expenses": -2000000.0,
        "Depreciation Amortization Depletion Income Statement": 44000000.0,
        "Depreciation And Amortization In Income Statement": 44000000.0,
        "Research And Development": 1000000.0,
        "Selling General And Administration": 115000000.0,
        "Gross Profit": 151000000.0,
        "Cost Of Revenue": 656000000.0,
        "Total Revenue": 807000000.0,
        "Operating Revenue": 807000000.0
    },
    "2024-12-31": {
        "Tax Effect Of Unusual Items": -12180000.0,
        "Tax Rate For Calcs": 0.21,
        "Normalized EBITDA": 36000000.0,
        "Total Unusual Items": -58000000.0,
        "Total Unusual Items Excluding Goodwill": -58000000.0,
        "Net Income From Continuing Operation Net Minority Interest": -12000000.0,
        "Reconciled Depreciation": 47000000.0,
        "Reconciled Cost Of Revenue": 662000000.0,
        "EBITDA": -22000000.0,
        "EBIT": -69000000.0,
        "Net Interest Income": -13000000.0,
        "Interest Expense": 13000000.0,
        "Normalized Income": 33820000.0,
        "Net Income From Continuing And Discontinued Operation": -12000000.0,
        "Total Expenses": 824000000.0,
        "Diluted Average Shares": 160374000.0,
        "Basic Average Shares": 160374000.0,
        "Diluted EPS": -0.09,
        "Basic EPS": -0.09,
        "Diluted NI Availto Com Stockholders": -22000000.0,
        "Average Dilution Earnings": NaN,
        "Net Income Common Stockholders": -15000000.0,
        "Preferred Stock Dividends": 3000000.0,
        "Net Income": -12000000.0,
        "Net Income Including Noncontrolling Interests": -12000000.0,
        "Net Income Continuous Operations": -12000000.0,
        "Tax Provision": -70000000.0,
        "Pretax Income": -82000000.0,
        "Other Income Expense": -45000000.0,
        "Special Income Charges": -58000000.0,
        "Gain On Sale Of Business": 0.0,
        "Other Special Charges": 5000000.0,
        "Impairment Of Capital Assets": 28000000.0,
        "Restructuring And Mergern Acquisition": 25000000.0,
        "Net Non Operating Interest Income Expense": -13000000.0,
        "Interest Expense Non Operating": 13000000.0,
        "Operating Income": -24000000.0,
        "Operating Expense": 162000000.0,
        "Other Operating Expenses": NaN,
        "Depreciation Amortization Depletion Income Statement": 47000000.0,
        "Depreciation And Amortization In Income Statement": 47000000.0,
        "Research And Development": 2000000.0,
        "Selling General And Administration": 109000000.0,
        "Gross Profit": 138000000.0,
        "Cost Of Revenue": 662000000.0,
        "Total Revenue": 800000000.0,
        "Operating Revenue": 800000000.0
    },
    "2025-03-31": {
        "Tax Effect Of Unusual Items": -810000.0,
        "Tax Rate For Calcs": 0.09,
        "Normalized EBITDA": 13000000.0,
        "Total Unusual Items": -9000000.0,
        "Total Unusual Items Excluding Goodwill": -9000000.0,
        "Net Income From Continuing Operation Net Minority Interest": -51000000.0,
        "Reconciled Depreciation": 48000000.0,
        "Reconciled Cost Of Revenue": 618000000.0,
        "EBITDA": 4000000.0,
        "EBIT": -44000000.0,
        "Net Interest Income": -12000000.0,
        "Interest Expense": 12000000.0,
        "Normalized Income": -42810000.0,
        "Net Income From Continuing And Discontinued Operation": -51000000.0,
        "Total Expenses": 786000000.0,
        "Diluted Average Shares": 154545455.0,
        "Basic Average Shares": 154545455.0,
        "Diluted EPS": -0.33,
        "Basic EPS": -0.33,
        "Diluted NI Availto Com Stockholders": -51000000.0,
        "Average Dilution Earnings": 2000000.0,
        "Net Income Common Stockholders": -53000000.0,
        "Preferred Stock Dividends": 2000000.0,
        "Net Income": -51000000.0,
        "Net Income Including Noncontrolling Interests": -51000000.0,
        "Net Income Continuous Operations": -51000000.0,
        "Tax Provision": -5000000.0,
        "Pretax Income": -56000000.0,
        "Other Income Expense": -9000000.0,
        "Special Income Charges": -9000000.0,
        "Gain On Sale Of Business": -3000000.0,
        "Other Special Charges": 2000000.0,
        "Impairment Of Capital Assets": NaN,
        "Restructuring And Mergern Acquisition": 4000000.0,
        "Net Non Operating Interest Income Expense": -12000000.0,
        "Interest Expense Non Operating": 12000000.0,
        "Operating Income": -35000000.0,
        "Operating Expense": 168000000.0,
        "Other Operating Expenses": -1000000.0,
        "Depreciation Amortization Depletion Income Statement": 48000000.0,
        "Depreciation And Amortization In Income Statement": 48000000.0,
        "Research And Development": 1000000.0,
        "Selling General And Administration": 120000000.0,
        "Gross Profit": 133000000.0,
        "Cost Of Revenue": 618000000.0,
        "Total Revenue": 751000000.0,
        "Operating Revenue": 751000000.0
    },
    "2025-06-30": {
        "Tax Effect Of Unusual Items": -2520000.0,
        "Tax Rate For Calcs": 0.21,
        "Normalized EBITDA": 34000000.0,
        "Total Unusual Items": -12000000.0,
        "Total Unusual Items Excluding Goodwill": -12000000.0,
        "Net Income From Continuing Operation Net Minority Interest": -40000000.0,
        "Reconciled Depreciation": 48000000.0,
        "Reconciled Cost Of Revenue": 617000000.0,
        "EBITDA": 22000000.0,
        "EBIT": -26000000.0,
        "Net Interest Income": -12000000.0,
        "Interest Expense": 12000000.0,
        "Normalized Income": -30520000.0,
        "Net Income From Continuing And Discontinued Operation": -40000000.0,
        "Total Expenses": 768000000.0,
        "Diluted Average Shares": 161162000.0,
        "Basic Average Shares": 161162000.0,
        "Diluted EPS": -0.26,
        "Basic EPS": -0.26,
        "Diluted NI Availto Com Stockholders": -43000000.0,
        "Average Dilution Earnings": NaN,
        "Net Income Common Stockholders": -43000000.0,
        "Preferred Stock Dividends": 3000000.0,
        "Net Income": -40000000.0,
        "Net Income Including Noncontrolling Interests": -40000000.0,
        "Net Income Continuous Operations": -40000000.0,
        "Tax Provision": 2000000.0,
        "Pretax Income": -38000000.0,
        "Other Income Expense": -12000000.0,
        "Special Income Charges": -12000000.0,
        "Gain On Sale Of Business": -4000000.0,
        "Other Special Charges": NaN,
        "Impairment Of Capital Assets": NaN,
        "Restructuring And Mergern Acquisition": 8000000.0,
        "Net Non Operating Interest Income Expense": -12000000.0,
        "Interest Expense Non Operating": 12000000.0,
        "Operating Income": -14000000.0,
        "Operating Expense": 151000000.0,
        "Other Operating Expenses": 2000000.0,
        "Depreciation Amortization Depletion Income Statement": 48000000.0,
        "Depreciation And Amortization In Income Statement": 48000000.0,
        "Research And Development": 1000000.0,
        "Selling General And Administration": 100000000.0,
        "Gross Profit": 137000000.0,
        "Cost Of Revenue": 617000000.0,
        "Total Revenue": 754000000.0,
        "Operating Revenue": 754000000.0
    }
}