{
    "2023-06-30": {
        "Tax Effect Of Unusual Items": -458000.0,
        "Tax Rate For Calcs": 0.229,
        "Normalized EBITDA": 1301000000.0,
        "Total Unusual Items": -2000000.0,
        "Total Unusual Items Excluding Goodwill": -2000000.0,
        "Net Income From Continuing Operation Net Minority Interest": 706000000.0,
        "Reconciled Depreciation": 138000000.0,
        "Reconciled Cost Of Revenue": 4463000000.0,
        "EBITDA": 1299000000.0,
        "EBIT": 1161000000.0,
        "Net Interest Income": -323000000.0,
        "Interest Expense": 323000000.0,
        "Normalized Income": 707542000.0,
        "Net Income From Continuing And Discontinued Operation": 706000000.0,
        "Total Expenses": 5217000000.0,
        "Diluted Average Shares": 1355000000.0,
        "Basic Average Shares": 1338000000.0,
        "Diluted EPS": 0.52,
        "Basic EPS": 0.53,
        "Diluted NI Availto Com Stockholders": 706000000.0,
        "Net Income Common Stockholders": 706000000.0,
        "Net Income": 706000000.0,
        "Minority Interests": -4000000.0,
        "Net Income Including Noncontrolling Interests": 710000000.0,
        "Net Income Continuous Operations": 710000000.0,
        "Earnings From Equity Interest Net Of Tax": 64000000.0,
        "Tax Provision": 192000000.0,
        "Pretax Income": 838000000.0,
        "Other Income Expense": -189000000.0,
        "Other Non Operating Income Expenses": -187000000.0,
        "Special Income Charges": -2000000.0,
        "Restructuring And Mergern Acquisition": 2000000.0,
        "Net Non Operating Interest Income Expense": -323000000.0,
        "Interest Expense Non Operating": 323000000.0,
        "Operating Income": 1350000000.0,
        "Operating Expense": 754000000.0,
        "Research And Development": 269000000.0,
        "Selling General And Administration": 485000000.0,
        "Gross Profit": 2104000000.0,
        "Cost Of Revenue": 4463000000.0,
        "Total Revenue": 6567000000.0,
        "Operating Revenue": 6567000000.0
    },
    "2023-03-31": {
        "Tax Effect Of Unusual Items": -276000.0,
        "Tax Rate For Calcs": 0.276,
        "Normalized EBITDA": 1031000000.0,
        "Total Unusual Items": -1000000.0,
        "Total Unusual Items Excluding Goodwill": -1000000.0,
        "Net Income From Continuing Operation Net Minority Interest": 482000000.0,
        "Reconciled Depreciation": 132000000.0,
        "Reconciled Cost Of Revenue": 3611000000.0,
        "EBITDA": 1030000000.0,
        "EBIT": 898000000.0,
        "Net Interest Income": -272000000.0,
        "Interest Expense": 272000000.0,
        "Normalized Income": 482724000.0,
        "Net Income From Continuing And Discontinued Operation": 482000000.0,
        "Total Expenses": 4280000000.0,
        "Diluted Average Shares": 1359000000.0,
        "Basic Average Shares": 1342000000.0,
        "Diluted EPS": 0.35,
        "Basic EPS": 0.36,
        "Diluted NI Availto Com Stockholders": 482000000.0,
        "Net Income Common Stockholders": 482000000.0,
        "Net Income": 482000000.0,
        "Minority Interests": -4000000.0,
        "Net Income Including Noncontrolling Interests": 486000000.0,
        "Net Income Continuous Operations": 486000000.0,
        "Earnings From Equity Interest Net Of Tax": 33000000.0,
        "Tax Provision": 173000000.0,
        "Pretax Income": 626000000.0,
        "Other Income Expense": -164000000.0,
        "Other Non Operating Income Expenses": -163000000.0,
        "Special Income Charges": -1000000.0,
        "Restructuring And Mergern Acquisition": 1000000.0,
        "Net Non Operating Interest Income Expense": -272000000.0,
        "Interest Expense Non Operating": 272000000.0,
        "Operating Income": 1062000000.0,
        "Operating Expense": 669000000.0,
        "Research And Development": 231000000.0,
        "Selling General And Administration": 438000000.0,
        "Gross Profit": 1731000000.0,
        "Cost Of Revenue": 3611000000.0,
        "Total Revenue": 5342000000.0,
        "Operating Revenue": 5342000000.0
    },
    "2022-12-31": {
        "Tax Effect Of Unusual Items": -2780689.655172,
        "Tax Rate For Calcs": 0.231724,
        "Normalized EBITDA": 1109000000.0,
        "Total Unusual Items": -12000000.0,
        "Total Unusual Items Excluding Goodwill": -12000000.0,
        "Net Income From Continuing Operation Net Minority Interest": 592000000.0,
        "Reconciled Depreciation": 128000000.0,
        "Reconciled Cost Of Revenue": 4978000000.0,
        "EBITDA": 1097000000.0,
        "EBIT": 969000000.0,
        "Net Interest Income": -244000000.0,
        "Interest Expense": 244000000.0,
        "Normalized Income": 601219310.344828,
        "Net Income From Continuing And Discontinued Operation": 592000000.0,
        "Total Expenses": 5763000000.0,
        "Diluted Average Shares": 1361000000.0,
        "Basic Average Shares": 1345000000.0,
        "Diluted EPS": 0.43,
        "Basic EPS": 0.44,
        "Diluted NI Availto Com Stockholders": 592000000.0,
        "Net Income Common Stockholders": 592000000.0,
        "Net Income": 592000000.0,
        "Minority Interests": 0.0,
        "Net Income Including Noncontrolling Interests": 592000000.0,
        "Net Income Discontinuous Operations": 0.0,
        "Net Income Continuous Operations": 592000000.0,
        "Earnings From Equity Interest Net Of Tax": 35000000.0,
        "Tax Provision": 168000000.0,
        "Pretax Income": 725000000.0,
        "Other Income Expense": -211000000.0,
        "Other Non Operating Income Expenses": -199000000.0,
        "Special Income Charges": -12000000.0,
        "Restructuring And Mergern Acquisition": 12000000.0,
        "Net Non Operating Interest Income Expense": -244000000.0,
        "Interest Expense Non Operating": 244000000.0,
        "Operating Income": 1180000000.0,
        "Operating Expense": 785000000.0,
        "Research And Development": 257000000.0,
        "Selling General And Administration": 528000000.0,
        "Gross Profit": 1965000000.0,
        "Cost Of Revenue": 4978000000.0,
        "Total Revenue": 6943000000.0,
        "Operating Revenue": 6943000000.0
    },
    "2022-09-30": {
        "Tax Effect Of Unusual Items": -2893000.0,
        "Tax Rate For Calcs": 0.263,
        "Normalized EBITDA": 1066000000.0,
        "Total Unusual Items": -11000000.0,
        "Total Unusual Items Excluding Goodwill": -11000000.0,
        "Net Income From Continuing Operation Net Minority Interest": 556000000.0,
        "Reconciled Depreciation": 135000000.0,
        "Reconciled Cost Of Revenue": 4156000000.0,
        "EBITDA": 1055000000.0,
        "EBIT": 920000000.0,
        "Net Interest Income": -190000000.0,
        "Interest Expense": 190000000.0,
        "Normalized Income": 564107000.0,
        "Net Income From Continuing And Discontinued Operation": 556000000.0,
        "Total Expenses": 4791000000.0,
        "Diluted Average Shares": 1355000000.0,
        "Basic Average Shares": 1350000000.0,
        "Diluted EPS": 0.41,
        "Basic EPS": 0.41,
        "Diluted NI Availto Com Stockholders": 556000000.0,
        "Net Income Common Stockholders": 556000000.0,
        "Net Income": 556000000.0,
        "Minority Interests": -3000000.0,
        "Net Income Including Noncontrolling Interests": 559000000.0,
        "Net Income Discontinuous Operations": 0.0,
        "Net Income Continuous Operations": 559000000.0,
        "Earnings From Equity Interest Net Of Tax": 21000000.0,
        "Tax Provision": 192000000.0,
        "Pretax Income": 730000000.0,
        "Other Income Expense": -170000000.0,
        "Other Non Operating Income Expenses": -159000000.0,
        "Special Income Charges": -11000000.0,
        "Restructuring And Mergern Acquisition": 11000000.0,
        "Net Non Operating Interest Income Expense": -190000000.0,
        "Interest Expense Non Operating": 190000000.0,
        "Operating Income": 1090000000.0,
        "Operating Expense": 635000000.0,
        "Research And Development": 213000000.0,
        "Selling General And Administration": 422000000.0,
        "Gross Profit": 1725000000.0,
        "Cost Of Revenue": 4156000000.0,
        "Total Revenue": 5881000000.0,
        "Operating Revenue": 5881000000.0
    },
    "2022-06-30": {
        "Tax Effect Of Unusual Items": -1816733.067729,
        "Tax Rate For Calcs": 0.302789,
        "Normalized EBITDA": 1056000000.0,
        "Total Unusual Items": -6000000.0,
        "Total Unusual Items Excluding Goodwill": -6000000.0,
        "Net Income From Continuing Operation Net Minority Interest": 548000000.0,
        "Reconciled Depreciation": 135000000.0,
        "Reconciled Cost Of Revenue": 4377000000.0,
        "EBITDA": 1050000000.0,
        "EBIT": 915000000.0,
        "Net Interest Income": -162000000.0,
        "Interest Expense": 162000000.0,
        "Normalized Income": 552183266.932271,
        "Net Income From Continuing And Discontinued Operation": 548000000.0,
        "Total Expenses": 5013000000.0,
        "Diluted Average Shares": 1360000000.0,
        "Basic Average Shares": 1355000000.0,
        "Diluted EPS": 0.4,
        "Basic EPS": 0.4,
        "Diluted NI Availto Com Stockholders": 548000000.0,
        "Net Income Common Stockholders": 548000000.0,
        "Net Income": 548000000.0,
        "Minority Interests": -4000000.0,
        "Net Income Including Noncontrolling Interests": 552000000.0,
        "Net Income Discontinuous Operations": 0.0,
        "Net Income Continuous Operations": 552000000.0,
        "Earnings From Equity Interest Net Of Tax": 27000000.0,
        "Tax Provision": 228000000.0,
        "Pretax Income": 753000000.0,
        "Other Income Expense": -154000000.0,
        "Other Non Operating Income Expenses": -148000000.0,
        "Special Income Charges": -6000000.0,
        "Restructuring And Mergern Acquisition": 6000000.0,
        "Net Non Operating Interest Income Expense": -162000000.0,
        "Interest Expense Non Operating": 162000000.0,
        "Operating Income": 1069000000.0,
        "Operating Expense": 636000000.0,
        "Research And Development": 212000000.0,
        "Selling General And Administration": 424000000.0,
        "Gross Profit": 1705000000.0,
        "Cost Of Revenue": 4377000000.0,
        "Total Revenue": 6082000000.0,
        "Operating Revenue": 6082000000.0
    },
    "2022-03-31": {
        "Diluted EPS": 0.24,
        "Total Revenue": NaN,
        "Gross Profit": NaN,
        "Operating Income": 795,
        "EBIT": 932,
        "Net Income": 333
    },
    "2021-12-31": {
        "Diluted EPS": 0.32,
        "Total Revenue": NaN,
        "Gross Profit": NaN,
        "Operating Income": NaN,
        "EBIT": NaN,
        "Net Income": 436
    },
    "2021-09-30": {
        "Diluted EPS": 0.24,
        "Total Revenue": NaN,
        "Gross Profit": NaN,
        "Operating Income": 773,
        "EBIT": 906,
        "Net Income": 323
    },
    "2021-06-30": {
        "Diluted EPS": 0.41,
        "Total Revenue": NaN,
        "Gross Profit": NaN,
        "Operating Income": 657,
        "EBIT": 791,
        "Net Income": 556
    },
    "2021-03-31": {
        "Diluted EPS": 0.3,
        "Total Revenue": NaN,
        "Gross Profit": NaN,
        "Operating Income": 748,
        "EBIT": 882,
        "Net Income": 408
    },
    "2020-12-31": {
        "Diluted EPS": 0.13,
        "Total Revenue": NaN,
        "Gross Profit": NaN,
        "Operating Income": 917,
        "EBIT": NaN,
        "Net Income": 164
    },
    "2020-09-30": {
        "Diluted EPS": -0.7,
        "Total Revenue": NaN,
        "Gross Profit": NaN,
        "Operating Income": 580,
        "EBIT": 864,
        "Net Income": -942
    },
    "2020-06-30": {
        "Diluted EPS": 0.26,
        "Total Revenue": NaN,
        "Gross Profit": 464,
        "Operating Income": -230,
        "EBIT": 53,
        "Net Income": 350
    },
    "2020-03-31": {
        "Diluted EPS": -0.05,
        "Total Revenue": NaN,
        "Gross Profit": NaN,
        "Operating Income": 302,
        "EBIT": 585,
        "Net Income": -65
    },
    "2019-12-31": {
        "Diluted EPS": 0.08,
        "Total Revenue": NaN,
        "Gross Profit": NaN,
        "Operating Income": 707,
        "EBIT": NaN,
        "Net Income": 114
    },
    "2019-09-30": {
        "Diluted EPS": 0.47,
        "Total Revenue": NaN,
        "Gross Profit": NaN,
        "Operating Income": 525,
        "EBIT": 824,
        "Net Income": 637
    },
    "2019-06-30": {
        "Diluted EPS": 0.31,
        "Total Revenue": NaN,
        "Gross Profit": NaN,
        "Operating Income": 960,
        "EBIT": NaN,
        "Net Income": 414
    },
    "2019-03-31": {
        "Diluted EPS": 0.19,
        "Total Revenue": NaN,
        "Gross Profit": NaN,
        "Operating Income": 700,
        "EBIT": NaN,
        "Net Income": 257
    },
    "2018-12-31": {
        "Diluted EPS": 0.19,
        "Total Revenue": NaN,
        "Gross Profit": NaN,
        "Operating Income": 842,
        "EBIT": NaN,
        "Net Income": 254
    },
    "2018-09-30": {
        "Diluted EPS": 0.16,
        "Total Revenue": NaN,
        "Gross Profit": NaN,
        "Operating Income": 739,
        "EBIT": NaN,
        "Net Income": 222
    },
    "2018-06-30": {
        "Diluted EPS": 0.29,
        "Total Revenue": NaN,
        "Gross Profit": NaN,
        "Operating Income": 997,
        "EBIT": NaN,
        "Net Income": 396
    },
    "2018-03-31": {
        "Diluted EPS": 0.14,
        "Total Revenue": NaN,
        "Gross Profit": NaN,
        "Operating Income": 697,
        "EBIT": NaN,
        "Net Income": 196
    },
    "2017-12-31": {
        "Diluted EPS": -0.04,
        "Total Revenue": NaN,
        "Gross Profit": NaN,
        "Operating Income": 795,
        "EBIT": NaN,
        "Net Income": -58
    },
    "2017-09-30": {
        "Diluted EPS": 0.04,
        "Total Revenue": NaN,
        "Gross Profit": NaN,
        "Operating Income": 609,
        "EBIT": 515,
        "Net Income": 56
    },
    "2017-06-30": {
        "Diluted EPS": 0.17,
        "Total Revenue": NaN,
        "Gross Profit": NaN,
        "Operating Income": 799,
        "EBIT": NaN,
        "Net Income": 231
    },
    "2017-03-31": {
        "Diluted EPS": 0.03,
        "Total Revenue": NaN,
        "Gross Profit": NaN,
        "Operating Income": 561,
        "EBIT": 877,
        "Net Income": 43
    },
    "2016-12-31": {
        "Diluted EPS": -0.38,
        "Total Revenue": NaN,
        "Gross Profit": NaN,
        "Operating Income": 390,
        "EBIT": -243,
        "Net Income": -512
    },
    "2016-09-30": {
        "Diluted EPS": 0.03,
        "Total Revenue": NaN,
        "Gross Profit": NaN,
        "Operating Income": 462,
        "EBIT": 776,
        "Net Income": 39
    },
    "2016-06-30": {
        "Diluted EPS": 0.1,
        "Total Revenue": NaN,
        "Gross Profit": NaN,
        "Operating Income": 671,
        "EBIT": 990,
        "Net Income": 126
    },
    "2016-03-31": {
        "Diluted EPS": -0.38,
        "Total Revenue": NaN,
        "Gross Profit": NaN,
        "Operating Income": 390,
        "EBIT": 700,
        "Net Income": -512
    },
    "2015-12-31": {
        "Diluted EPS": 0.17,
        "Total Revenue": NaN,
        "Gross Profit": NaN,
        "Operating Income": 749,
        "EBIT": NaN,
        "Net Income": 231
    },
    "2015-09-30": {
        "Diluted EPS": -0.09,
        "Total Revenue": NaN,
        "Gross Profit": NaN,
        "Operating Income": 461,
        "EBIT": 758,
        "Net Income": -124
    },
    "2015-06-30": {
        "Diluted EPS": 0.09,
        "Total Revenue": NaN,
        "Gross Profit": NaN,
        "Operating Income": 629,
        "EBIT": 897,
        "Net Income": 124
    },
    "2015-03-31": {
        "Diluted EPS": 0.02,
        "Total Revenue": NaN,
        "Gross Profit": NaN,
        "Operating Income": 475,
        "EBIT": 751,
        "Net Income": 22
    },
    "2014-12-31": {
        "Diluted EPS": 0.06,
        "Total Revenue": NaN,
        "Gross Profit": NaN,
        "Operating Income": 462,
        "EBIT": 637,
        "Net Income": 83
    },
    "2014-09-30": {
        "Diluted EPS": 0.13,
        "Total Revenue": NaN,
        "Gross Profit": NaN,
        "Operating Income": 751,
        "EBIT": 751,
        "Net Income": 173
    },
    "2014-06-30": {
        "Diluted EPS": 0.26,
        "Total Revenue": NaN,
        "Gross Profit": NaN,
        "Operating Income": 939,
        "EBIT": NaN,
        "Net Income": 354
    },
    "2014-03-31": {
        "Diluted EPS": 0.07,
        "Total Revenue": NaN,
        "Gross Profit": NaN,
        "Operating Income": 654,
        "EBIT": 927,
        "Net Income": 100
    },
    "2013-12-31": {
        "Diluted EPS": 0.0,
        "Total Revenue": NaN,
        "Gross Profit": NaN,
        "Operating Income": NaN,
        "EBIT": NaN,
        "Net Income": NaN
    },
    "2013-09-30": {
        "Diluted EPS": 0.22,
        "Total Revenue": NaN,
        "Gross Profit": NaN,
        "Operating Income": 747,
        "EBIT": 747,
        "Net Income": 273
    },
    "2023-09-30": {
        "Tax Effect Of Unusual Items": -1290000.0,
        "Tax Rate For Calcs": 0.258,
        "Normalized EBITDA": 1159000000.0,
        "Total Unusual Items": -5000000.0,
        "Total Unusual Items Excluding Goodwill": -5000000.0,
        "Net Income From Continuing Operation Net Minority Interest": 567000000.0,
        "Reconciled Depreciation": 146000000.0,
        "Reconciled Cost Of Revenue": 4059000000.0,
        "EBITDA": 1154000000.0,
        "EBIT": 1008000000.0,
        "Net Interest Income": -346000000.0,
        "Interest Expense": 346000000.0,
        "Normalized Income": 570710000.0,
        "Net Income From Continuing And Discontinued Operation": 567000000.0,
        "Total Expenses": 4787000000.0,
        "Diluted Average Shares": 1351000000.0,
        "Basic Average Shares": 1332000000.0,
        "Diluted EPS": 0.42,
        "Basic EPS": 0.43,
        "Diluted NI Availto Com Stockholders": 567000000.0,
        "Net Income Common Stockholders": 567000000.0,
        "Net Income": 567000000.0,
        "Minority Interests": -3000000.0,
        "Net Income Including Noncontrolling Interests": 570000000.0,
        "Net Income Continuous Operations": 570000000.0,
        "Earnings From Equity Interest Net Of Tax": 79000000.0,
        "Tax Provision": 171000000.0,
        "Pretax Income": 662000000.0,
        "Other Income Expense": -191000000.0,
        "Other Non Operating Income Expenses": -186000000.0,
        "Special Income Charges": -5000000.0,
        "Restructuring And Mergern Acquisition": 5000000.0,
        "Net Non Operating Interest Income Expense": -346000000.0,
        "Interest Expense Non Operating": 346000000.0,
        "Operating Income": 1199000000.0,
        "Operating Expense": 728000000.0,
        "Research And Development": 266000000.0,
        "Selling General And Administration": 462000000.0,
        "Gross Profit": 1927000000.0,
        "Cost Of Revenue": 4059000000.0,
        "Total Revenue": 5986000000.0,
        "Operating Revenue": 5986000000.0
    },
    "2023-12-31": {
        "Tax Effect Of Unusual Items": -5930675.909879,
        "Tax Rate For Calcs": 0.10052,
        "Normalized EBITDA": 1188000000.0,
        "Total Unusual Items": -59000000.0,
        "Total Unusual Items Excluding Goodwill": -59000000.0,
        "Net Income From Continuing Operation Net Minority Interest": 616000000.0,
        "Reconciled Depreciation": 148000000.0,
        "Reconciled Cost Of Revenue": 4705000000.0,
        "EBITDA": 1129000000.0,
        "EBIT": 981000000.0,
        "Net Interest Income": -404000000.0,
        "Interest Expense": 404000000.0,
        "Normalized Income": 669069324.090121,
        "Net Income From Continuing And Discontinued Operation": 616000000.0,
        "Total Expenses": 5458000000.0,
        "Diluted Average Shares": 1334000000.0,
        "Basic Average Shares": 1317000000.0,
        "Diluted EPS": 0.46,
        "Basic EPS": 0.47,
        "Diluted NI Availto Com Stockholders": 616000000.0,
        "Net Income Common Stockholders": 616000000.0,
        "Net Income": 616000000.0,
        "Minority Interests": -1000000.0,
        "Net Income Including Noncontrolling Interests": 617000000.0,
        "Net Income Continuous Operations": 617000000.0,
        "Earnings From Equity Interest Net Of Tax": 98000000.0,
        "Tax Provision": 58000000.0,
        "Pretax Income": 577000000.0,
        "Other Income Expense": -353000000.0,
        "Other Non Operating Income Expenses": -294000000.0,
        "Special Income Charges": -59000000.0,
        "Restructuring And Mergern Acquisition": 59000000.0,
        "Net Non Operating Interest Income Expense": -404000000.0,
        "Interest Expense Non Operating": 404000000.0,
        "Operating Income": 1334000000.0,
        "Operating Expense": 753000000.0,
        "Research And Development": 275000000.0,
        "Selling General And Administration": 478000000.0,
        "Gross Profit": 2087000000.0,
        "Cost Of Revenue": 4705000000.0,
        "Total Revenue": 6792000000.0,
        "Operating Revenue": 6792000000.0
    },
    "2024-03-31": {
        "Tax Effect Of Unusual Items": -5952000.0,
        "Tax Rate For Calcs": 0.192,
        "Normalized EBITDA": 975000000.0,
        "Total Unusual Items": -31000000.0,
        "Total Unusual Items Excluding Goodwill": -31000000.0,
        "Net Income From Continuing Operation Net Minority Interest": 401000000.0,
        "Reconciled Depreciation": 148000000.0,
        "Reconciled Cost Of Revenue": 3195000000.0,
        "EBITDA": 944000000.0,
        "EBIT": 796000000.0,
        "Net Interest Income": -394000000.0,
        "Interest Expense": 394000000.0,
        "Normalized Income": 426048000.0,
        "Net Income From Continuing And Discontinued Operation": 401000000.0,
        "Total Expenses": 3834000000.0,
        "Diluted Average Shares": 1274000000.0,
        "Basic Average Shares": 1260000000.0,
        "Diluted EPS": 0.31,
        "Basic EPS": 0.32,
        "Diluted NI Availto Com Stockholders": 401000000.0,
        "Net Income Common Stockholders": 401000000.0,
        "Net Income": 401000000.0,
        "Minority Interests": -1000000.0,
        "Net Income Including Noncontrolling Interests": 402000000.0,
        "Net Income Continuous Operations": 402000000.0,
        "Earnings From Equity Interest Net Of Tax": 77000000.0,
        "Tax Provision": 77000000.0,
        "Pretax Income": 402000000.0,
        "Other Income Expense": -188000000.0,
        "Other Non Operating Income Expenses": -157000000.0,
        "Special Income Charges": -31000000.0,
        "Restructuring And Mergern Acquisition": 31000000.0,
        "Net Non Operating Interest Income Expense": -394000000.0,
        "Interest Expense Non Operating": 394000000.0,
        "Operating Income": 984000000.0,
        "Operating Expense": 639000000.0,
        "Research And Development": 228000000.0,
        "Selling General And Administration": 411000000.0,
        "Gross Profit": 1623000000.0,
        "Cost Of Revenue": 3195000000.0,
        "Total Revenue": 4818000000.0,
        "Operating Revenue": 4818000000.0
    }
}