{
    "2023-06-30": {
        "Tax Effect Of Unusual Items": NaN,
        "Tax Rate For Calcs": NaN,
        "Normalized EBITDA": NaN,
        "Total Unusual Items": NaN,
        "Total Unusual Items Excluding Goodwill": NaN,
        "Net Income From Continuing Operation Net Minority Interest": NaN,
        "Reconciled Depreciation": NaN,
        "Reconciled Cost Of Revenue": NaN,
        "EBITDA": NaN,
        "EBIT": NaN,
        "Net Interest Income": NaN,
        "Interest Expense": NaN,
        "Normalized Income": NaN,
        "Net Income From Continuing And Discontinued Operation": NaN,
        "Total Expenses": NaN,
        "Rent Expense Supplemental": NaN,
        "Total Operating Income As Reported": NaN,
        "Diluted Average Shares": NaN,
        "Basic Average Shares": NaN,
        "Diluted EPS": NaN,
        "Basic EPS": NaN,
        "Diluted NI Availto Com Stockholders": NaN,
        "Net Income Common Stockholders": NaN,
        "Net Income": NaN,
        "Net Income Including Noncontrolling Interests": NaN,
        "Net Income Continuous Operations": NaN,
        "Tax Provision": NaN,
        "Pretax Income": NaN,
        "Other Income Expense": NaN,
        "Other Non Operating Income Expenses": NaN,
        "Special Income Charges": NaN,
        "Gain On Sale Of Ppe": 0.0,
        "Other Special Charges": 122000000.0,
        "Net Non Operating Interest Income Expense": NaN,
        "Interest Expense Non Operating": NaN,
        "Operating Income": NaN,
        "Operating Expense": NaN,
        "Other Operating Expenses": NaN,
        "Selling General And Administration": NaN,
        "General And Administrative Expense": NaN,
        "Salaries And Wages": NaN,
        "Gross Profit": NaN,
        "Cost Of Revenue": NaN,
        "Total Revenue": NaN,
        "Operating Revenue": NaN
    },
    "2023-03-31": {
        "Tax Effect Of Unusual Items": NaN,
        "Tax Rate For Calcs": NaN,
        "Normalized EBITDA": NaN,
        "Total Unusual Items": NaN,
        "Total Unusual Items Excluding Goodwill": NaN,
        "Net Income From Continuing Operation Net Minority Interest": NaN,
        "Reconciled Depreciation": NaN,
        "Reconciled Cost Of Revenue": NaN,
        "EBITDA": NaN,
        "EBIT": NaN,
        "Net Interest Income": NaN,
        "Interest Expense": NaN,
        "Normalized Income": NaN,
        "Net Income From Continuing And Discontinued Operation": NaN,
        "Total Expenses": NaN,
        "Rent Expense Supplemental": NaN,
        "Total Operating Income As Reported": NaN,
        "Diluted Average Shares": NaN,
        "Basic Average Shares": NaN,
        "Diluted EPS": NaN,
        "Basic EPS": NaN,
        "Diluted NI Availto Com Stockholders": NaN,
        "Net Income Common Stockholders": NaN,
        "Net Income": NaN,
        "Net Income Including Noncontrolling Interests": NaN,
        "Net Income Continuous Operations": NaN,
        "Tax Provision": NaN,
        "Pretax Income": NaN,
        "Other Income Expense": NaN,
        "Other Non Operating Income Expenses": NaN,
        "Special Income Charges": NaN,
        "Gain On Sale Of Ppe": NaN,
        "Other Special Charges": 151000000.0,
        "Net Non Operating Interest Income Expense": NaN,
        "Interest Expense Non Operating": NaN,
        "Operating Income": NaN,
        "Operating Expense": NaN,
        "Other Operating Expenses": NaN,
        "Selling General And Administration": NaN,
        "General And Administrative Expense": NaN,
        "Salaries And Wages": NaN,
        "Gross Profit": NaN,
        "Cost Of Revenue": NaN,
        "Total Revenue": NaN,
        "Operating Revenue": NaN
    },
    "2022-12-31": {
        "Tax Effect Of Unusual Items": NaN,
        "Tax Rate For Calcs": NaN,
        "Normalized EBITDA": NaN,
        "Total Unusual Items": NaN,
        "Total Unusual Items Excluding Goodwill": NaN,
        "Net Income From Continuing Operation Net Minority Interest": NaN,
        "Reconciled Depreciation": NaN,
        "Reconciled Cost Of Revenue": NaN,
        "EBITDA": NaN,
        "EBIT": NaN,
        "Net Interest Income": NaN,
        "Interest Expense": NaN,
        "Normalized Income": NaN,
        "Net Income From Continuing And Discontinued Operation": NaN,
        "Total Expenses": NaN,
        "Rent Expense Supplemental": NaN,
        "Total Operating Income As Reported": NaN,
        "Diluted Average Shares": NaN,
        "Basic Average Shares": NaN,
        "Diluted EPS": NaN,
        "Basic EPS": NaN,
        "Diluted NI Availto Com Stockholders": NaN,
        "Net Income Common Stockholders": NaN,
        "Net Income": NaN,
        "Net Income Including Noncontrolling Interests": NaN,
        "Net Income Continuous Operations": NaN,
        "Tax Provision": NaN,
        "Pretax Income": NaN,
        "Other Income Expense": NaN,
        "Other Non Operating Income Expenses": NaN,
        "Special Income Charges": NaN,
        "Gain On Sale Of Ppe": 15000000.0,
        "Other Special Charges": 116000000.0,
        "Restructuring And Mergern Acquisition": 0.0,
        "Net Non Operating Interest Income Expense": NaN,
        "Interest Expense Non Operating": NaN,
        "Operating Income": NaN,
        "Operating Expense": NaN,
        "Other Operating Expenses": NaN,
        "Selling General And Administration": NaN,
        "General And Administrative Expense": NaN,
        "Salaries And Wages": NaN,
        "Gross Profit": NaN,
        "Cost Of Revenue": NaN,
        "Total Revenue": NaN,
        "Operating Revenue": NaN
    },
    "2022-09-30": {
        "Tax Effect Of Unusual Items": NaN,
        "Tax Rate For Calcs": NaN,
        "Normalized EBITDA": NaN,
        "Total Unusual Items": NaN,
        "Total Unusual Items Excluding Goodwill": NaN,
        "Net Income From Continuing Operation Net Minority Interest": NaN,
        "Reconciled Depreciation": NaN,
        "Reconciled Cost Of Revenue": NaN,
        "EBITDA": NaN,
        "EBIT": NaN,
        "Net Interest Income": NaN,
        "Interest Expense": NaN,
        "Normalized Income": NaN,
        "Net Income From Continuing And Discontinued Operation": NaN,
        "Total Expenses": NaN,
        "Rent Expense Supplemental": NaN,
        "Total Operating Income As Reported": NaN,
        "Diluted Average Shares": NaN,
        "Basic Average Shares": NaN,
        "Diluted EPS": NaN,
        "Basic EPS": NaN,
        "Diluted NI Availto Com Stockholders": NaN,
        "Net Income Common Stockholders": NaN,
        "Net Income": NaN,
        "Net Income Including Noncontrolling Interests": NaN,
        "Net Income Continuous Operations": NaN,
        "Tax Provision": NaN,
        "Pretax Income": NaN,
        "Other Income Expense": NaN,
        "Other Non Operating Income Expenses": NaN,
        "Special Income Charges": NaN,
        "Gain On Sale Of Ppe": 0.0,
        "Other Special Charges": NaN,
        "Restructuring And Mergern Acquisition": 0.0,
        "Net Non Operating Interest Income Expense": NaN,
        "Interest Expense Non Operating": NaN,
        "Operating Income": NaN,
        "Operating Expense": NaN,
        "Gross Profit": NaN,
        "Cost Of Revenue": NaN,
        "Total Revenue": NaN,
        "Operating Revenue": NaN
    },
    "2022-06-30": {
        "Tax Effect Of Unusual Items": -37977207.977208,
        "Tax Rate For Calcs": 0.245014,
        "Normalized EBITDA": 2461000000.0,
        "Total Unusual Items": -155000000.0,
        "Total Unusual Items Excluding Goodwill": -155000000.0,
        "Net Income From Continuing Operation Net Minority Interest": 1325000000.0,
        "Reconciled Depreciation": 423000000.0,
        "Reconciled Cost Of Revenue": 2420000000.0,
        "EBITDA": 2306000000.0,
        "EBIT": 1883000000.0,
        "Net Interest Income": -128000000.0,
        "Interest Expense": 128000000.0,
        "Normalized Income": 1442022792.022792,
        "Net Income From Continuing And Discontinued Operation": 1325000000.0,
        "Total Expenses": 4995000000.0,
        "Rent Expense Supplemental": 87000000.0,
        "Total Operating Income As Reported": 1769000000.0,
        "Diluted Average Shares": 691700000.0,
        "Basic Average Shares": 691700000.0,
        "Diluted EPS": 1.92,
        "Basic EPS": 1.92,
        "Diluted NI Availto Com Stockholders": 1325000000.0,
        "Net Income Common Stockholders": 1325000000.0,
        "Net Income": 1325000000.0,
        "Net Income Including Noncontrolling Interests": 1325000000.0,
        "Net Income Continuous Operations": 1325000000.0,
        "Tax Provision": 430000000.0,
        "Pretax Income": 1755000000.0,
        "Other Income Expense": -41000000.0,
        "Other Non Operating Income Expenses": 114000000.0,
        "Special Income Charges": -155000000.0,
        "Gain On Sale Of Ppe": 0.0,
        "Other Special Charges": 155000000.0,
        "Restructuring And Mergern Acquisition": NaN,
        "Net Non Operating Interest Income Expense": -128000000.0,
        "Interest Expense Non Operating": 128000000.0,
        "Operating Income": -651000000.0,
        "Operating Expense": 2575000000.0,
        "Gross Profit": 1924000000.0,
        "Cost Of Revenue": 2420000000.0,
        "Total Revenue": 4344000000.0,
        "Operating Revenue": 4195000000.0
    },
    "2022-03-31": {
        "Diluted EPS": 1.03,
        "Total Revenue": NaN,
        "Gross Profit": NaN,
        "Operating Income": 969,
        "EBIT": NaN,
        "Net Income": 725
    },
    "2021-12-31": {
        "Diluted EPS": 1.34,
        "Total Revenue": NaN,
        "Gross Profit": NaN,
        "Operating Income": NaN,
        "EBIT": NaN,
        "Net Income": 954
    },
    "2021-09-30": {
        "Diluted EPS": 1.88,
        "Total Revenue": NaN,
        "Gross Profit": NaN,
        "Operating Income": NaN,
        "EBIT": NaN,
        "Net Income": NaN
    },
    "2021-06-30": {
        "Diluted EPS": 1.19,
        "Total Revenue": NaN,
        "Gross Profit": NaN,
        "Operating Income": NaN,
        "EBIT": NaN,
        "Net Income": 842
    },
    "2021-03-31": {
        "Diluted EPS": 1.08,
        "Total Revenue": NaN,
        "Gross Profit": NaN,
        "Operating Income": NaN,
        "EBIT": NaN,
        "Net Income": 769
    },
    "2020-12-31": {
        "Diluted EPS": 1.08,
        "Total Revenue": NaN,
        "Gross Profit": NaN,
        "Operating Income": NaN,
        "EBIT": NaN,
        "Net Income": 772
    },
    "2020-09-30": {
        "Diluted EPS": 1.04,
        "Total Revenue": NaN,
        "Gross Profit": NaN,
        "Operating Income": NaN,
        "EBIT": NaN,
        "Net Income": 739
    },
    "2020-06-30": {
        "Diluted EPS": 0.55,
        "Total Revenue": NaN,
        "Gross Profit": NaN,
        "Operating Income": 566,
        "EBIT": 848,
        "Net Income": 393
    },
    "2020-03-31": {
        "Diluted EPS": 1.06,
        "Total Revenue": NaN,
        "Gross Profit": NaN,
        "Operating Income": 906,
        "EBIT": NaN,
        "Net Income": 754
    },
    "2019-12-31": {
        "Diluted EPS": 0.92,
        "Total Revenue": NaN,
        "Gross Profit": NaN,
        "Operating Income": 923,
        "EBIT": NaN,
        "Net Income": 662
    },
    "2019-09-30": {
        "Diluted EPS": 1.26,
        "Total Revenue": NaN,
        "Gross Profit": NaN,
        "Operating Income": NaN,
        "EBIT": NaN,
        "Net Income": 905
    },
    "2019-06-30": {
        "Diluted EPS": 1.41,
        "Total Revenue": NaN,
        "Gross Profit": NaN,
        "Operating Income": NaN,
        "EBIT": NaN,
        "Net Income": NaN
    },
    "2019-03-31": {
        "Diluted EPS": 0.81,
        "Total Revenue": NaN,
        "Gross Profit": NaN,
        "Operating Income": 812,
        "EBIT": NaN,
        "Net Income": 591
    },
    "2018-12-31": {
        "Diluted EPS": 1.19,
        "Total Revenue": NaN,
        "Gross Profit": NaN,
        "Operating Income": NaN,
        "EBIT": NaN,
        "Net Income": 870
    },
    "2018-09-30": {
        "Diluted EPS": 1.18,
        "Total Revenue": NaN,
        "Gross Profit": NaN,
        "Operating Income": NaN,
        "EBIT": NaN,
        "Net Income": 868
    },
    "2018-06-30": {
        "Diluted EPS": 1.37,
        "Total Revenue": NaN,
        "Gross Profit": NaN,
        "Operating Income": NaN,
        "EBIT": NaN,
        "Net Income": NaN
    },
    "2018-03-31": {
        "Diluted EPS": 0.79,
        "Total Revenue": NaN,
        "Gross Profit": NaN,
        "Operating Income": 815,
        "EBIT": NaN,
        "Net Income": 586
    },
    "2017-12-31": {
        "Diluted EPS": 2.68,
        "Total Revenue": NaN,
        "Gross Profit": NaN,
        "Operating Income": NaN,
        "EBIT": NaN,
        "Net Income": NaN
    },
    "2017-09-30": {
        "Diluted EPS": 1.01,
        "Total Revenue": NaN,
        "Gross Profit": NaN,
        "Operating Income": NaN,
        "EBIT": NaN,
        "Net Income": 764
    },
    "2017-06-30": {
        "Diluted EPS": 1.01,
        "Total Revenue": NaN,
        "Gross Profit": NaN,
        "Operating Income": NaN,
        "EBIT": NaN,
        "Net Income": 767
    },
    "2017-03-31": {
        "Diluted EPS": 0.88,
        "Total Revenue": NaN,
        "Gross Profit": NaN,
        "Operating Income": 985,
        "EBIT": NaN,
        "Net Income": 668
    },
    "2016-12-31": {
        "Diluted EPS": 0.99,
        "Total Revenue": NaN,
        "Gross Profit": NaN,
        "Operating Income": NaN,
        "EBIT": NaN,
        "Net Income": 761
    },
    "2016-09-30": {
        "Diluted EPS": 0.96,
        "Total Revenue": NaN,
        "Gross Profit": NaN,
        "Operating Income": NaN,
        "EBIT": NaN,
        "Net Income": 745
    },
    "2016-06-30": {
        "Diluted EPS": 0.85,
        "Total Revenue": NaN,
        "Gross Profit": NaN,
        "Operating Income": NaN,
        "EBIT": NaN,
        "Net Income": 666
    },
    "2016-03-31": {
        "Diluted EPS": 0.73,
        "Total Revenue": NaN,
        "Gross Profit": NaN,
        "Operating Income": 887,
        "EBIT": NaN,
        "Net Income": 577
    },
    "2015-12-31": {
        "Diluted EPS": 0.88,
        "Total Revenue": NaN,
        "Gross Profit": NaN,
        "Operating Income": NaN,
        "EBIT": NaN,
        "Net Income": 705
    },
    "2015-09-30": {
        "Diluted EPS": 0.95,
        "Total Revenue": NaN,
        "Gross Profit": NaN,
        "Operating Income": NaN,
        "EBIT": NaN,
        "Net Income": 763
    },
    "2015-06-30": {
        "Diluted EPS": 0.89,
        "Total Revenue": NaN,
        "Gross Profit": NaN,
        "Operating Income": NaN,
        "EBIT": NaN,
        "Net Income": 720
    },
    "2015-03-31": {
        "Diluted EPS": 0.7,
        "Total Revenue": NaN,
        "Gross Profit": NaN,
        "Operating Income": 494,
        "EBIT": 790,
        "Net Income": 575
    },
    "2014-12-31": {
        "Diluted EPS": 0.9,
        "Total Revenue": NaN,
        "Gross Profit": NaN,
        "Operating Income": NaN,
        "EBIT": NaN,
        "Net Income": 738
    },
    "2014-09-30": {
        "Diluted EPS": 0.93,
        "Total Revenue": NaN,
        "Gross Profit": NaN,
        "Operating Income": NaN,
        "EBIT": 963,
        "Net Income": 760
    },
    "2014-06-30": {
        "Diluted EPS": 0.96,
        "Total Revenue": NaN,
        "Gross Profit": NaN,
        "Operating Income": NaN,
        "EBIT": NaN,
        "Net Income": 789
    },
    "2014-03-31": {
        "Diluted EPS": 0.68,
        "Total Revenue": NaN,
        "Gross Profit": NaN,
        "Operating Income": 742,
        "EBIT": 974,
        "Net Income": 565
    },
    "2013-12-31": {
        "Diluted EPS": 0.68,
        "Total Revenue": NaN,
        "Gross Profit": NaN,
        "Operating Income": 764,
        "EBIT": NaN,
        "Net Income": 569
    },
    "2013-09-30": {
        "Diluted EPS": 0.84,
        "Total Revenue": NaN,
        "Gross Profit": NaN,
        "Operating Income": NaN,
        "EBIT": NaN,
        "Net Income": 705
    },
    "2013-06-30": {
        "Diluted EPS": 0.82,
        "Total Revenue": NaN,
        "Gross Profit": NaN,
        "Operating Income": 982,
        "EBIT": NaN,
        "Net Income": 691
    },
    "2013-03-31": {
        "Diluted EPS": 0.63,
        "Total Revenue": NaN,
        "Gross Profit": NaN,
        "Operating Income": 730,
        "EBIT": 964,
        "Net Income": 541
    },
    "2012-12-31": {
        "Diluted EPS": 0.71,
        "Total Revenue": NaN,
        "Gross Profit": NaN,
        "Operating Income": 890,
        "EBIT": NaN,
        "Net Income": 606
    },
    "2012-09-30": {
        "Diluted EPS": 0.76,
        "Total Revenue": NaN,
        "Gross Profit": NaN,
        "Operating Income": 978,
        "EBIT": NaN,
        "Net Income": 664
    },
    "2012-06-30": {
        "Diluted EPS": 0.71,
        "Total Revenue": NaN,
        "Gross Profit": NaN,
        "Operating Income": 955,
        "EBIT": NaN,
        "Net Income": 620
    },
    "2012-03-31": {
        "Diluted EPS": 0.88,
        "Total Revenue": NaN,
        "Gross Profit": NaN,
        "Operating Income": 802,
        "EBIT": NaN,
        "Net Income": 777
    },
    "2011-12-31": {
        "Diluted EPS": 0.66,
        "Total Revenue": NaN,
        "Gross Profit": 786,
        "Operating Income": 848,
        "EBIT": NaN,
        "Net Income": 587
    },
    "2011-09-30": {
        "Diluted EPS": 0.73,
        "Total Revenue": NaN,
        "Gross Profit": NaN,
        "Operating Income": 907,
        "EBIT": NaN,
        "Net Income": 659
    },
    "2011-06-30": {
        "Diluted EPS": 0.63,
        "Total Revenue": NaN,
        "Gross Profit": NaN,
        "Operating Income": 957,
        "EBIT": NaN,
        "Net Income": 569
    },
    "2011-03-31": {
        "Diluted EPS": 0.69,
        "Total Revenue": NaN,
        "Gross Profit": 884,
        "Operating Income": 526,
        "EBIT": 748,
        "Net Income": 637
    },
    "2010-12-31": {
        "Diluted EPS": 0.54,
        "Total Revenue": NaN,
        "Gross Profit": NaN,
        "Operating Income": 777,
        "EBIT": 996,
        "Net Income": 500
    },
    "2010-09-30": {
        "Diluted EPS": 0.61,
        "Total Revenue": NaN,
        "Gross Profit": NaN,
        "Operating Income": 933,
        "EBIT": NaN,
        "Net Income": 569
    },
    "2010-06-30": {
        "Diluted EPS": 0.54,
        "Total Revenue": NaN,
        "Gross Profit": NaN,
        "Operating Income": 763,
        "EBIT": 965,
        "Net Income": 513
    },
    "2010-03-31": {
        "Diluted EPS": 0.54,
        "Total Revenue": NaN,
        "Gross Profit": 765,
        "Operating Income": 385,
        "EBIT": 582,
        "Net Income": 511
    },
    "2009-12-31": {
        "Diluted EPS": 0.58,
        "Total Revenue": NaN,
        "Gross Profit": 924,
        "Operating Income": 535,
        "EBIT": NaN,
        "Net Income": 548
    },
    "2009-09-30": {
        "Diluted EPS": 0.47,
        "Total Revenue": NaN,
        "Gross Profit": NaN,
        "Operating Income": 795,
        "EBIT": 450,
        "Net Income": 447
    },
    "2009-06-30": {
        "Diluted EPS": 0.37,
        "Total Revenue": NaN,
        "Gross Profit": 892,
        "Operating Income": 585,
        "EBIT": 766,
        "Net Income": 350
    },
    "2009-03-31": {
        "Diluted EPS": 0.37,
        "Total Revenue": NaN,
        "Gross Profit": 762,
        "Operating Income": 399,
        "EBIT": 562,
        "Net Income": 344
    },
    "2023-09-30": {
        "Tax Effect Of Unusual Items": NaN,
        "Tax Rate For Calcs": NaN,
        "Normalized EBITDA": NaN,
        "Total Unusual Items": NaN,
        "Total Unusual Items Excluding Goodwill": NaN,
        "Net Income From Continuing Operation Net Minority Interest": NaN,
        "Reconciled Depreciation": NaN,
        "Reconciled Cost Of Revenue": NaN,
        "EBITDA": NaN,
        "EBIT": NaN,
        "Net Interest Income": NaN,
        "Interest Expense": NaN,
        "Normalized Income": NaN,
        "Net Income From Continuing And Discontinued Operation": NaN,
        "Total Expenses": NaN,
        "Rent Expense Supplemental": NaN,
        "Total Operating Income As Reported": NaN,
        "Diluted Average Shares": NaN,
        "Basic Average Shares": NaN,
        "Diluted EPS": NaN,
        "Basic EPS": NaN,
        "Diluted NI Availto Com Stockholders": NaN,
        "Net Income Common Stockholders": NaN,
        "Net Income": NaN,
        "Net Income Including Noncontrolling Interests": NaN,
        "Net Income Continuous Operations": NaN,
        "Tax Provision": NaN,
        "Pretax Income": NaN,
        "Other Income Expense": NaN,
        "Other Non Operating Income Expenses": NaN,
        "Special Income Charges": NaN,
        "Gain On Sale Of Ppe": 0.0,
        "Other Special Charges": 131000000.0,
        "Net Non Operating Interest Income Expense": NaN,
        "Interest Expense Non Operating": NaN,
        "Operating Income": NaN,
        "Operating Expense": NaN,
        "Other Operating Expenses": NaN,
        "Selling General And Administration": -121000000.0,
        "General And Administrative Expense": -121000000.0,
        "Salaries And Wages": -121000000.0,
        "Gross Profit": NaN,
        "Cost Of Revenue": NaN,
        "Total Revenue": NaN,
        "Operating Revenue": NaN
    },
    "2023-12-31": {
        "Tax Effect Of Unusual Items": NaN,
        "Tax Rate For Calcs": NaN,
        "Normalized EBITDA": NaN,
        "Total Unusual Items": NaN,
        "Total Unusual Items Excluding Goodwill": NaN,
        "Net Income From Continuing Operation Net Minority Interest": NaN,
        "Reconciled Depreciation": NaN,
        "Reconciled Cost Of Revenue": NaN,
        "EBITDA": NaN,
        "EBIT": NaN,
        "Net Interest Income": NaN,
        "Interest Expense": NaN,
        "Normalized Income": NaN,
        "Net Income From Continuing And Discontinued Operation": NaN,
        "Total Expenses": NaN,
        "Rent Expense Supplemental": NaN,
        "Total Operating Income As Reported": NaN,
        "Diluted Average Shares": NaN,
        "Basic Average Shares": NaN,
        "Diluted EPS": NaN,
        "Basic EPS": NaN,
        "Diluted NI Availto Com Stockholders": NaN,
        "Net Income Common Stockholders": NaN,
        "Net Income": NaN,
        "Net Income Including Noncontrolling Interests": NaN,
        "Net Income Continuous Operations": NaN,
        "Tax Provision": NaN,
        "Pretax Income": NaN,
        "Other Income Expense": NaN,
        "Other Non Operating Income Expenses": NaN,
        "Special Income Charges": NaN,
        "Gain On Sale Of Ppe": NaN,
        "Other Special Charges": NaN,
        "Net Non Operating Interest Income Expense": NaN,
        "Interest Expense Non Operating": NaN,
        "Operating Income": NaN,
        "Operating Expense": NaN,
        "Other Operating Expenses": NaN,
        "Selling General And Administration": -119000000.0,
        "General And Administrative Expense": -119000000.0,
        "Salaries And Wages": -119000000.0,
        "Gross Profit": NaN,
        "Cost Of Revenue": NaN,
        "Total Revenue": NaN,
        "Operating Revenue": NaN
    },
    "2024-03-31": {
        "Tax Effect Of Unusual Items": NaN,
        "Tax Rate For Calcs": NaN,
        "Normalized EBITDA": NaN,
        "Total Unusual Items": -163000000.0,
        "Total Unusual Items Excluding Goodwill": -163000000.0,
        "Net Income From Continuing Operation Net Minority Interest": NaN,
        "Reconciled Depreciation": NaN,
        "Reconciled Cost Of Revenue": NaN,
        "EBITDA": NaN,
        "EBIT": NaN,
        "Net Interest Income": NaN,
        "Interest Expense": NaN,
        "Normalized Income": NaN,
        "Net Income From Continuing And Discontinued Operation": NaN,
        "Total Expenses": NaN,
        "Rent Expense Supplemental": NaN,
        "Total Operating Income As Reported": NaN,
        "Diluted Average Shares": NaN,
        "Basic Average Shares": NaN,
        "Diluted EPS": NaN,
        "Basic EPS": NaN,
        "Diluted NI Availto Com Stockholders": NaN,
        "Net Income Common Stockholders": NaN,
        "Net Income": NaN,
        "Net Income Including Noncontrolling Interests": NaN,
        "Net Income Continuous Operations": NaN,
        "Tax Provision": NaN,
        "Pretax Income": NaN,
        "Other Income Expense": NaN,
        "Other Non Operating Income Expenses": NaN,
        "Special Income Charges": -163000000.0,
        "Gain On Sale Of Ppe": NaN,
        "Other Special Charges": 163000000.0,
        "Net Non Operating Interest Income Expense": NaN,
        "Interest Expense Non Operating": NaN,
        "Operating Income": NaN,
        "Operating Expense": NaN,
        "Other Operating Expenses": NaN,
        "Selling General And Administration": -113000000.0,
        "General And Administrative Expense": -113000000.0,
        "Salaries And Wages": -113000000.0,
        "Gross Profit": NaN,
        "Cost Of Revenue": NaN,
        "Total Revenue": NaN,
        "Operating Revenue": NaN
    },
    "2024-06-30": {
        "Tax Effect Of Unusual Items": -19422000.0,
        "Tax Rate For Calcs": 0.249,
        "Normalized EBITDA": 2248000000.0,
        "Total Unusual Items": -78000000.0,
        "Total Unusual Items Excluding Goodwill": -78000000.0,
        "Net Income From Continuing Operation Net Minority Interest": 1114000000.0,
        "Reconciled Depreciation": 466000000.0,
        "Reconciled Cost Of Revenue": 2542000000.0,
        "EBITDA": 2170000000.0,
        "EBIT": 1704000000.0,
        "Net Interest Income": -220000000.0,
        "Interest Expense": 220000000.0,
        "Normalized Income": 1172578000.0,
        "Net Income From Continuing And Discontinued Operation": 1114000000.0,
        "Total Expenses": 2693000000.0,
        "Rent Expense Supplemental": 102000000.0,
        "Total Operating Income As Reported": 1558000000.0,
        "Diluted Average Shares": 636200000.0,
        "Basic Average Shares": 635000000.0,
        "Diluted EPS": 1.75,
        "Basic EPS": 1.75,
        "Diluted NI Availto Com Stockholders": 1114000000.0,
        "Net Income Common Stockholders": 1114000000.0,
        "Net Income": 1114000000.0,
        "Net Income Including Noncontrolling Interests": 1114000000.0,
        "Net Income Continuous Operations": 1114000000.0,
        "Tax Provision": 370000000.0,
        "Pretax Income": 1484000000.0,
        "Other Income Expense": 68000000.0,
        "Other Non Operating Income Expenses": 146000000.0,
        "Special Income Charges": -78000000.0,
        "Gain On Sale Of Ppe": -78000000.0,
        "Other Special Charges": NaN,
        "Net Non Operating Interest Income Expense": -220000000.0,
        "Interest Expense Non Operating": 220000000.0,
        "Operating Income": 1636000000.0,
        "Operating Expense": 151000000.0,
        "Other Operating Expenses": 151000000.0,
        "Selling General And Administration": -114000000.0,
        "General And Administrative Expense": -114000000.0,
        "Salaries And Wages": -114000000.0,
        "Gross Profit": 1787000000.0,
        "Cost Of Revenue": 2542000000.0,
        "Total Revenue": 4329000000.0,
        "Operating Revenue": 4153000000.0
    },
    "2024-09-30": {
        "Tax Effect Of Unusual Items": 0.0,
        "Tax Rate For Calcs": 0.23,
        "Normalized EBITDA": 2114000000.0,
        "Total Unusual Items": 0.0,
        "Total Unusual Items Excluding Goodwill": 0.0,
        "Net Income From Continuing Operation Net Minority Interest": 1085000000.0,
        "Reconciled Depreciation": 475000000.0,
        "Reconciled Cost Of Revenue": 2448000000.0,
        "EBITDA": 2114000000.0,
        "EBIT": 1639000000.0,
        "Net Interest Income": -230000000.0,
        "Interest Expense": 230000000.0,
        "Normalized Income": 1085000000.0,
        "Net Income From Continuing And Discontinued Operation": 1085000000.0,
        "Total Expenses": 2595000000.0,
        "Rent Expense Supplemental": 93000000.0,
        "Total Operating Income As Reported": 1515000000.0,
        "Diluted Average Shares": 630500000.0,
        "Basic Average Shares": 629600000.0,
        "Diluted EPS": 1.72,
        "Basic EPS": 1.72,
        "Diluted NI Availto Com Stockholders": 1085000000.0,
        "Net Income Common Stockholders": 1085000000.0,
        "Net Income": 1085000000.0,
        "Net Income Including Noncontrolling Interests": 1085000000.0,
        "Net Income Continuous Operations": 1085000000.0,
        "Tax Provision": 324000000.0,
        "Pretax Income": 1409000000.0,
        "Other Income Expense": 124000000.0,
        "Other Non Operating Income Expenses": 124000000.0,
        "Special Income Charges": 0.0,
        "Gain On Sale Of Ppe": 0.0,
        "Other Special Charges": NaN,
        "Net Non Operating Interest Income Expense": -230000000.0,
        "Interest Expense Non Operating": 230000000.0,
        "Operating Income": 1515000000.0,
        "Operating Expense": 147000000.0,
        "Other Operating Expenses": 147000000.0,
        "Selling General And Administration": -114000000.0,
        "General And Administrative Expense": -114000000.0,
        "Salaries And Wages": -114000000.0,
        "Gross Profit": 1662000000.0,
        "Cost Of Revenue": 2448000000.0,
        "Total Revenue": 4110000000.0,
        "Operating Revenue": 3922000000.0
    },
    "2024-12-31": {
        "Tax Effect Of Unusual Items": 7681697.612732,
        "Tax Rate For Calcs": 0.240053,
        "Normalized EBITDA": 2196000000.0,
        "Total Unusual Items": 32000000.0,
        "Total Unusual Items Excluding Goodwill": 32000000.0,
        "Net Income From Continuing Operation Net Minority Interest": 1146000000.0,
        "Reconciled Depreciation": 489000000.0,
        "Reconciled Cost Of Revenue": 2549000000.0,
        "EBITDA": 2228000000.0,
        "EBIT": 1739000000.0,
        "Net Interest Income": -231000000.0,
        "Interest Expense": 231000000.0,
        "Normalized Income": 1121681697.612732,
        "Net Income From Continuing And Discontinued Operation": 1146000000.0,
        "Total Expenses": 2730000000.0,
        "Rent Expense Supplemental": 98000000.0,
        "Total Operating Income As Reported": 1628000000.0,
        "Diluted Average Shares": 629500000.0,
        "Basic Average Shares": 628900000.0,
        "Diluted EPS": 1.82,
        "Basic EPS": 1.82,
        "Diluted NI Availto Com Stockholders": 1146000000.0,
        "Net Income Common Stockholders": 1146000000.0,
        "Net Income": 1146000000.0,
        "Net Income Including Noncontrolling Interests": 1146000000.0,
        "Net Income Continuous Operations": 1146000000.0,
        "Tax Provision": 362000000.0,
        "Pretax Income": 1508000000.0,
        "Other Income Expense": 111000000.0,
        "Other Non Operating Income Expenses": 79000000.0,
        "Special Income Charges": 20000000.0,
        "Gain On Sale Of Ppe": 20000000.0,
        "Other Special Charges": NaN,
        "Net Non Operating Interest Income Expense": -231000000.0,
        "Interest Expense Non Operating": 231000000.0,
        "Operating Income": 1628000000.0,
        "Operating Expense": 181000000.0,
        "Other Operating Expenses": 181000000.0,
        "Selling General And Administration": NaN,
        "General And Administrative Expense": NaN,
        "Salaries And Wages": NaN,
        "Gross Profit": 1809000000.0,
        "Cost Of Revenue": 2549000000.0,
        "Total Revenue": 4358000000.0,
        "Operating Revenue": 4183000000.0
    },
    "2025-03-31": {
        "Tax Effect Of Unusual Items": 0.0,
        "Tax Rate For Calcs": 0.24,
        "Normalized EBITDA": 2253000000.0,
        "Total Unusual Items": NaN,
        "Total Unusual Items Excluding Goodwill": NaN,
        "Net Income From Continuing Operation Net Minority Interest": 1161000000.0,
        "Reconciled Depreciation": 493000000.0,
        "Reconciled Cost Of Revenue": 2626000000.0,
        "EBITDA": 2253000000.0,
        "EBIT": 1760000000.0,
        "Net Interest Income": -233000000.0,
        "Interest Expense": 233000000.0,
        "Normalized Income": 1161000000.0,
        "Net Income From Continuing And Discontinued Operation": 1161000000.0,
        "Total Expenses": 2793000000.0,
        "Rent Expense Supplemental": 118000000.0,
        "Total Operating Income As Reported": 1610000000.0,
        "Diluted Average Shares": 628300000.0,
        "Basic Average Shares": 627800000.0,
        "Diluted EPS": 1.85,
        "Basic EPS": 1.85,
        "Diluted NI Availto Com Stockholders": 1161000000.0,
        "Net Income Common Stockholders": 1161000000.0,
        "Net Income": 1161000000.0,
        "Net Income Including Noncontrolling Interests": 1161000000.0,
        "Net Income Continuous Operations": 1161000000.0,
        "Tax Provision": 366000000.0,
        "Pretax Income": 1527000000.0,
        "Other Income Expense": 150000000.0,
        "Other Non Operating Income Expenses": 150000000.0,
        "Special Income Charges": NaN,
        "Gain On Sale Of Ppe": NaN,
        "Other Special Charges": NaN,
        "Net Non Operating Interest Income Expense": -233000000.0,
        "Interest Expense Non Operating": 233000000.0,
        "Operating Income": 1610000000.0,
        "Operating Expense": 167000000.0,
        "Other Operating Expenses": 167000000.0,
        "Selling General And Administration": NaN,
        "General And Administrative Expense": NaN,
        "Salaries And Wages": NaN,
        "Gross Profit": 1777000000.0,
        "Cost Of Revenue": 2626000000.0,
        "Total Revenue": 4403000000.0,
        "Operating Revenue": 4288000000.0
    },
    "2025-06-30": {
        "Tax Effect Of Unusual Items": 0.0,
        "Tax Rate For Calcs": 0.249,
        "Normalized EBITDA": 2269000000.0,
        "Total Unusual Items": 0.0,
        "Total Unusual Items Excluding Goodwill": 0.0,
        "Net Income From Continuing Operation Net Minority Interest": 1172000000.0,
        "Reconciled Depreciation": 489000000.0,
        "Reconciled Cost Of Revenue": 2445000000.0,
        "EBITDA": 2269000000.0,
        "EBIT": 1780000000.0,
        "Net Interest Income": -219000000.0,
        "Interest Expense": 219000000.0,
        "Normalized Income": 1172000000.0,
        "Net Income From Continuing And Discontinued Operation": 1172000000.0,
        "Total Expenses": 2634000000.0,
        "Rent Expense Supplemental": 105000000.0,
        "Total Operating Income As Reported": 1638000000.0,
        "Diluted Average Shares": 628000000.0,
        "Basic Average Shares": 627400000.0,
        "Diluted EPS": 1.87,
        "Basic EPS": 1.87,
        "Diluted NI Availto Com Stockholders": 1172000000.0,
        "Net Income Common Stockholders": 1172000000.0,
        "Net Income": 1172000000.0,
        "Net Income Including Noncontrolling Interests": 1172000000.0,
        "Net Income Continuous Operations": 1172000000.0,
        "Tax Provision": 389000000.0,
        "Pretax Income": 1561000000.0,
        "Other Income Expense": 142000000.0,
        "Other Non Operating Income Expenses": 142000000.0,
        "Special Income Charges": 0.0,
        "Gain On Sale Of Ppe": 0.0,
        "Other Special Charges": NaN,
        "Net Non Operating Interest Income Expense": -219000000.0,
        "Interest Expense Non Operating": 219000000.0,
        "Operating Income": 1638000000.0,
        "Operating Expense": 189000000.0,
        "Other Operating Expenses": 189000000.0,
        "Selling General And Administration": NaN,
        "General And Administrative Expense": NaN,
        "Salaries And Wages": NaN,
        "Gross Profit": 1827000000.0,
        "Cost Of Revenue": 2445000000.0,
        "Total Revenue": 4272000000.0,
        "Operating Revenue": 4090000000.0
    }
}