{
    "2023-04-30": {
        "Tax Effect Of Unusual Items": NaN,
        "Tax Rate For Calcs": NaN,
        "Normalized EBITDA": NaN,
        "Net Income From Continuing Operation Net Minority Interest": NaN,
        "Reconciled Depreciation": NaN,
        "Reconciled Cost Of Revenue": NaN,
        "EBITDA": NaN,
        "EBIT": NaN,
        "Net Interest Income": NaN,
        "Interest Expense": NaN,
        "Normalized Income": NaN,
        "Net Income From Continuing And Discontinued Operation": NaN,
        "Total Expenses": NaN,
        "Total Operating Income As Reported": NaN,
        "Diluted Average Shares": NaN,
        "Basic Average Shares": NaN,
        "Diluted EPS": NaN,
        "Basic EPS": NaN,
        "Diluted NI Availto Com Stockholders": NaN,
        "Average Dilution Earnings": 35000000.0,
        "Net Income Common Stockholders": NaN,
        "Net Income": NaN,
        "Minority Interests": NaN,
        "Net Income Including Noncontrolling Interests": NaN,
        "Net Income Continuous Operations": NaN,
        "Tax Provision": NaN,
        "Pretax Income": NaN,
        "Net Non Operating Interest Income Expense": NaN,
        "Interest Expense Non Operating": NaN,
        "Operating Income": NaN,
        "Operating Expense": NaN,
        "Depreciation Amortization Depletion Income Statement": NaN,
        "Depreciation And Amortization In Income Statement": NaN,
        "Selling General And Administration": NaN,
        "Gross Profit": NaN,
        "Cost Of Revenue": NaN,
        "Total Revenue": NaN,
        "Operating Revenue": NaN
    },
    "2023-01-31": {
        "Tax Effect Of Unusual Items": NaN,
        "Tax Rate For Calcs": NaN,
        "Normalized EBITDA": NaN,
        "Total Unusual Items": 0.0,
        "Total Unusual Items Excluding Goodwill": 0.0,
        "Net Income From Continuing Operation Net Minority Interest": NaN,
        "Reconciled Depreciation": NaN,
        "Reconciled Cost Of Revenue": NaN,
        "EBITDA": NaN,
        "EBIT": NaN,
        "Net Interest Income": NaN,
        "Interest Expense": NaN,
        "Normalized Income": NaN,
        "Net Income From Continuing And Discontinued Operation": NaN,
        "Total Expenses": NaN,
        "Total Operating Income As Reported": NaN,
        "Diluted Average Shares": NaN,
        "Basic Average Shares": NaN,
        "Diluted EPS": NaN,
        "Basic EPS": NaN,
        "Diluted NI Availto Com Stockholders": NaN,
        "Average Dilution Earnings": NaN,
        "Net Income Common Stockholders": NaN,
        "Net Income": NaN,
        "Minority Interests": NaN,
        "Net Income Including Noncontrolling Interests": NaN,
        "Net Income Continuous Operations": NaN,
        "Tax Provision": NaN,
        "Pretax Income": NaN,
        "Special Income Charges": 0.0,
        "Net Non Operating Interest Income Expense": NaN,
        "Interest Expense Non Operating": NaN,
        "Operating Income": NaN,
        "Operating Expense": NaN,
        "Depreciation Amortization Depletion Income Statement": NaN,
        "Depreciation And Amortization In Income Statement": NaN,
        "Selling General And Administration": NaN,
        "Gross Profit": NaN,
        "Cost Of Revenue": NaN,
        "Total Revenue": NaN,
        "Operating Revenue": NaN
    },
    "2022-10-31": {
        "Tax Effect Of Unusual Items": NaN,
        "Tax Rate For Calcs": NaN,
        "Normalized EBITDA": NaN,
        "Total Unusual Items": 0.0,
        "Total Unusual Items Excluding Goodwill": 0.0,
        "Net Income From Continuing Operation Net Minority Interest": NaN,
        "Reconciled Depreciation": NaN,
        "Reconciled Cost Of Revenue": NaN,
        "EBITDA": NaN,
        "EBIT": NaN,
        "Net Interest Income": NaN,
        "Interest Expense": NaN,
        "Normalized Income": NaN,
        "Net Income From Continuing And Discontinued Operation": NaN,
        "Total Expenses": NaN,
        "Total Operating Income As Reported": NaN,
        "Diluted Average Shares": NaN,
        "Basic Average Shares": NaN,
        "Diluted EPS": NaN,
        "Basic EPS": NaN,
        "Diluted NI Availto Com Stockholders": NaN,
        "Average Dilution Earnings": NaN,
        "Net Income Common Stockholders": NaN,
        "Net Income": NaN,
        "Minority Interests": NaN,
        "Net Income Including Noncontrolling Interests": NaN,
        "Net Income Continuous Operations": NaN,
        "Tax Provision": NaN,
        "Pretax Income": NaN,
        "Special Income Charges": 0.0,
        "Net Non Operating Interest Income Expense": NaN,
        "Interest Expense Non Operating": NaN,
        "Operating Income": NaN,
        "Operating Expense": NaN,
        "Depreciation Amortization Depletion Income Statement": NaN,
        "Depreciation And Amortization In Income Statement": NaN,
        "Selling General And Administration": NaN,
        "Gross Profit": NaN,
        "Cost Of Revenue": NaN,
        "Total Revenue": NaN,
        "Operating Revenue": NaN
    },
    "2022-07-31": {
        "Tax Effect Of Unusual Items": 0.0,
        "Tax Rate For Calcs": 0.173,
        "Normalized EBITDA": 274000000.0,
        "Total Unusual Items": 0.0,
        "Total Unusual Items Excluding Goodwill": 0.0,
        "Net Income From Continuing Operation Net Minority Interest": 115000000.0,
        "Reconciled Depreciation": 37000000.0,
        "Reconciled Cost Of Revenue": 1357000000.0,
        "EBITDA": 274000000.0,
        "EBIT": 237000000.0,
        "Net Interest Income": -17000000.0,
        "Interest Expense": 17000000.0,
        "Normalized Income": 115000000.0,
        "Net Income From Continuing And Discontinued Operation": 115000000.0,
        "Total Expenses": 1624000000.0,
        "Total Operating Income As Reported": 237000000.0,
        "Diluted Average Shares": 246175878.0,
        "Basic Average Shares": 167876179.0,
        "Diluted EPS": 0.67,
        "Basic EPS": 0.69,
        "Diluted NI Availto Com Stockholders": 165000000.0,
        "Average Dilution Earnings": 50000000.0,
        "Net Income Common Stockholders": 115000000.0,
        "Net Income": 115000000.0,
        "Minority Interests": -67000000.0,
        "Net Income Including Noncontrolling Interests": 182000000.0,
        "Net Income Continuous Operations": 182000000.0,
        "Tax Provision": 38000000.0,
        "Pretax Income": 220000000.0,
        "Special Income Charges": 0.0,
        "Net Non Operating Interest Income Expense": -17000000.0,
        "Interest Expense Non Operating": 17000000.0,
        "Operating Income": 237000000.0,
        "Operating Expense": 264000000.0,
        "Depreciation Amortization Depletion Income Statement": 34000000.0,
        "Depreciation And Amortization In Income Statement": 34000000.0,
        "Selling General And Administration": 230000000.0,
        "Gross Profit": 501000000.0,
        "Cost Of Revenue": 1360000000.0,
        "Total Revenue": 1861000000.0,
        "Operating Revenue": 1861000000.0
    },
    "2022-04-30": {
        "Diluted EPS": 0.5,
        "Total Revenue": NaN,
        "Gross Profit": 421,
        "Operating Income": 180,
        "EBIT": 216,
        "Net Income": 86
    },
    "2022-01-31": {
        "Diluted EPS": 0.3,
        "Total Revenue": NaN,
        "Gross Profit": 327,
        "Operating Income": 109,
        "EBIT": 147,
        "Net Income": 48
    },
    "2021-10-31": {
        "Diluted EPS": 0.39,
        "Total Revenue": NaN,
        "Gross Profit": 371,
        "Operating Income": 147,
        "EBIT": 184,
        "Net Income": 64
    },
    "2021-07-31": {
        "Diluted EPS": -0.14,
        "Total Revenue": NaN,
        "Gross Profit": 325,
        "Operating Income": 100,
        "EBIT": 137,
        "Net Income": 27
    },
    "2021-04-30": {
        "Diluted EPS": 0.0,
        "Total Revenue": NaN,
        "Gross Profit": 257,
        "Operating Income": 69,
        "EBIT": 107,
        "Net Income": 27
    },
    "2021-01-31": {
        "Diluted EPS": 0.0,
        "Total Revenue": NaN,
        "Gross Profit": NaN,
        "Operating Income": NaN,
        "EBIT": NaN,
        "Net Income": NaN
    },
    "2020-10-31": {
        "Diluted EPS": 0.0,
        "Total Revenue": NaN,
        "Gross Profit": 244,
        "Operating Income": 65,
        "EBIT": 103,
        "Net Income": 22
    },
    "2020-07-31": {
        "Diluted EPS": 0.0,
        "Total Revenue": 956,
        "Gross Profit": 231,
        "Operating Income": 60,
        "EBIT": 60,
        "Net Income": 18
    },
    "2020-01-31": {
        "Diluted EPS": 0.0,
        "Total Revenue": NaN,
        "Gross Profit": NaN,
        "Operating Income": NaN,
        "EBIT": NaN,
        "Net Income": NaN
    },
    "2023-07-31": {
        "Tax Effect Of Unusual Items": NaN,
        "Tax Rate For Calcs": NaN,
        "Normalized EBITDA": NaN,
        "Net Income From Continuing Operation Net Minority Interest": NaN,
        "Reconciled Depreciation": NaN,
        "Reconciled Cost Of Revenue": NaN,
        "EBITDA": NaN,
        "EBIT": NaN,
        "Net Interest Income": NaN,
        "Interest Expense": NaN,
        "Normalized Income": NaN,
        "Net Income From Continuing And Discontinued Operation": NaN,
        "Total Expenses": NaN,
        "Total Operating Income As Reported": NaN,
        "Diluted Average Shares": NaN,
        "Basic Average Shares": NaN,
        "Diluted EPS": NaN,
        "Basic EPS": NaN,
        "Diluted NI Availto Com Stockholders": NaN,
        "Average Dilution Earnings": 40000000.0,
        "Net Income Common Stockholders": NaN,
        "Net Income": NaN,
        "Minority Interests": NaN,
        "Net Income Including Noncontrolling Interests": NaN,
        "Net Income Continuous Operations": NaN,
        "Tax Provision": NaN,
        "Pretax Income": NaN,
        "Net Non Operating Interest Income Expense": NaN,
        "Interest Expense Non Operating": NaN,
        "Operating Income": NaN,
        "Operating Expense": NaN,
        "Depreciation Amortization Depletion Income Statement": NaN,
        "Depreciation And Amortization In Income Statement": NaN,
        "Selling General And Administration": NaN,
        "Gross Profit": NaN,
        "Cost Of Revenue": NaN,
        "Total Revenue": NaN,
        "Operating Revenue": NaN
    },
    "2023-10-31": {
        "Tax Effect Of Unusual Items": NaN,
        "Tax Rate For Calcs": NaN,
        "Normalized EBITDA": NaN,
        "Net Income From Continuing Operation Net Minority Interest": NaN,
        "Reconciled Depreciation": NaN,
        "Reconciled Cost Of Revenue": NaN,
        "EBITDA": NaN,
        "EBIT": NaN,
        "Net Interest Income": NaN,
        "Interest Expense": NaN,
        "Normalized Income": NaN,
        "Net Income From Continuing And Discontinued Operation": NaN,
        "Total Expenses": NaN,
        "Total Operating Income As Reported": NaN,
        "Diluted Average Shares": NaN,
        "Basic Average Shares": NaN,
        "Diluted EPS": NaN,
        "Basic EPS": NaN,
        "Diluted NI Availto Com Stockholders": NaN,
        "Average Dilution Earnings": 34000000.0,
        "Net Income Common Stockholders": NaN,
        "Net Income": NaN,
        "Minority Interests": NaN,
        "Net Income Including Noncontrolling Interests": NaN,
        "Net Income Continuous Operations": NaN,
        "Tax Provision": NaN,
        "Pretax Income": NaN,
        "Net Non Operating Interest Income Expense": NaN,
        "Interest Expense Non Operating": NaN,
        "Operating Income": NaN,
        "Operating Expense": NaN,
        "Depreciation Amortization Depletion Income Statement": NaN,
        "Depreciation And Amortization In Income Statement": NaN,
        "Selling General And Administration": NaN,
        "Gross Profit": NaN,
        "Cost Of Revenue": NaN,
        "Total Revenue": NaN,
        "Operating Revenue": NaN
    },
    "2024-01-31": {
        "Tax Effect Of Unusual Items": NaN,
        "Tax Rate For Calcs": NaN,
        "Normalized EBITDA": NaN,
        "Net Income From Continuing Operation Net Minority Interest": NaN,
        "Reconciled Depreciation": NaN,
        "Reconciled Cost Of Revenue": NaN,
        "EBITDA": NaN,
        "EBIT": NaN,
        "Net Interest Income": NaN,
        "Interest Expense": NaN,
        "Normalized Income": NaN,
        "Net Income From Continuing And Discontinued Operation": NaN,
        "Total Expenses": NaN,
        "Total Operating Income As Reported": NaN,
        "Diluted Average Shares": NaN,
        "Basic Average Shares": NaN,
        "Diluted EPS": NaN,
        "Basic EPS": NaN,
        "Diluted NI Availto Com Stockholders": NaN,
        "Average Dilution Earnings": 8000000.0,
        "Net Income Common Stockholders": NaN,
        "Net Income": NaN,
        "Minority Interests": NaN,
        "Net Income Including Noncontrolling Interests": NaN,
        "Net Income Continuous Operations": NaN,
        "Tax Provision": NaN,
        "Pretax Income": NaN,
        "Net Non Operating Interest Income Expense": NaN,
        "Interest Expense Non Operating": NaN,
        "Operating Income": NaN,
        "Operating Expense": NaN,
        "Depreciation Amortization Depletion Income Statement": NaN,
        "Depreciation And Amortization In Income Statement": NaN,
        "Selling General And Administration": NaN,
        "Gross Profit": NaN,
        "Cost Of Revenue": NaN,
        "Total Revenue": NaN,
        "Operating Revenue": NaN
    },
    "2024-04-30": {
        "Tax Effect Of Unusual Items": 0.0,
        "Tax Rate For Calcs": 0.246,
        "Normalized EBITDA": 214000000.0,
        "Net Income From Continuing Operation Net Minority Interest": 95000000.0,
        "Reconciled Depreciation": 46000000.0,
        "Reconciled Cost Of Revenue": 1270000000.0,
        "EBITDA": 214000000.0,
        "EBIT": 168000000.0,
        "Net Interest Income": -34000000.0,
        "Interest Expense": 34000000.0,
        "Normalized Income": 95000000.0,
        "Net Income From Continuing And Discontinued Operation": 95000000.0,
        "Total Expenses": 1573000000.0,
        "Total Operating Income As Reported": 168000000.0,
        "Diluted Average Shares": 202615824.0,
        "Basic Average Shares": 192194061.0,
        "Diluted EPS": 0.49,
        "Basic EPS": 0.49,
        "Diluted NI Availto Com Stockholders": 100000000.0,
        "Average Dilution Earnings": 5000000.0,
        "Net Income Common Stockholders": 95000000.0,
        "Net Income": 95000000.0,
        "Minority Interests": -6000000.0,
        "Net Income Including Noncontrolling Interests": 101000000.0,
        "Net Income Continuous Operations": 101000000.0,
        "Tax Provision": 33000000.0,
        "Pretax Income": 134000000.0,
        "Net Non Operating Interest Income Expense": -34000000.0,
        "Interest Expense Non Operating": 34000000.0,
        "Operating Income": 168000000.0,
        "Operating Expense": 300000000.0,
        "Depreciation Amortization Depletion Income Statement": 43000000.0,
        "Depreciation And Amortization In Income Statement": 43000000.0,
        "Selling General And Administration": 257000000.0,
        "Gross Profit": 468000000.0,
        "Cost Of Revenue": 1273000000.0,
        "Total Revenue": 1741000000.0,
        "Operating Revenue": 1741000000.0
    },
    "2024-07-31": {
        "Tax Effect Of Unusual Items": 0.0,
        "Tax Rate For Calcs": 0.25,
        "Normalized EBITDA": 253000000.0,
        "Net Income From Continuing Operation Net Minority Interest": 119000000.0,
        "Reconciled Depreciation": 49000000.0,
        "Reconciled Cost Of Revenue": 1443000000.0,
        "EBITDA": 253000000.0,
        "EBIT": 204000000.0,
        "Net Interest Income": -36000000.0,
        "Interest Expense": 36000000.0,
        "Normalized Income": 119000000.0,
        "Net Income From Continuing And Discontinued Operation": 119000000.0,
        "Total Expenses": 1760000000.0,
        "Total Operating Income As Reported": 204000000.0,
        "Diluted Average Shares": 202667354.0,
        "Basic Average Shares": 192797961.0,
        "Diluted EPS": 0.61,
        "Basic EPS": 0.62,
        "Diluted NI Availto Com Stockholders": 124000000.0,
        "Average Dilution Earnings": 5000000.0,
        "Net Income Common Stockholders": 119000000.0,
        "Net Income": 119000000.0,
        "Minority Interests": -7000000.0,
        "Net Income Including Noncontrolling Interests": 126000000.0,
        "Net Income Continuous Operations": 126000000.0,
        "Tax Provision": 42000000.0,
        "Pretax Income": 168000000.0,
        "Net Non Operating Interest Income Expense": -36000000.0,
        "Interest Expense Non Operating": 36000000.0,
        "Operating Income": 204000000.0,
        "Operating Expense": 314000000.0,
        "Depreciation Amortization Depletion Income Statement": 46000000.0,
        "Depreciation And Amortization In Income Statement": 46000000.0,
        "Selling General And Administration": 268000000.0,
        "Gross Profit": 518000000.0,
        "Cost Of Revenue": 1446000000.0,
        "Total Revenue": 1964000000.0,
        "Operating Revenue": 1964000000.0
    },
    "2024-10-31": {
        "Tax Effect Of Unusual Items": 0.0,
        "Tax Rate For Calcs": 0.251,
        "Normalized EBITDA": 272000000.0,
        "Net Income From Continuing Operation Net Minority Interest": 133000000.0,
        "Reconciled Depreciation": 49000000.0,
        "Reconciled Cost Of Revenue": 1492000000.0,
        "EBITDA": 272000000.0,
        "EBIT": 223000000.0,
        "Net Interest Income": -36000000.0,
        "Interest Expense": 36000000.0,
        "Normalized Income": 133000000.0,
        "Net Income From Continuing And Discontinued Operation": 133000000.0,
        "Total Expenses": 1815000000.0,
        "Total Operating Income As Reported": 223000000.0,
        "Diluted Average Shares": 201165553.0,
        "Basic Average Shares": 191538672.0,
        "Diluted EPS": 0.69,
        "Basic EPS": 0.69,
        "Diluted NI Availto Com Stockholders": 138000000.0,
        "Average Dilution Earnings": 5000000.0,
        "Net Income Common Stockholders": 133000000.0,
        "Net Income": 133000000.0,
        "Minority Interests": -7000000.0,
        "Net Income Including Noncontrolling Interests": 140000000.0,
        "Net Income Continuous Operations": 140000000.0,
        "Tax Provision": 47000000.0,
        "Pretax Income": 187000000.0,
        "Net Non Operating Interest Income Expense": -36000000.0,
        "Interest Expense Non Operating": 36000000.0,
        "Operating Income": 223000000.0,
        "Operating Expense": 320000000.0,
        "Depreciation Amortization Depletion Income Statement": 46000000.0,
        "Depreciation And Amortization In Income Statement": 46000000.0,
        "Selling General And Administration": 274000000.0,
        "Gross Profit": 543000000.0,
        "Cost Of Revenue": 1495000000.0,
        "Total Revenue": 2038000000.0,
        "Operating Revenue": 2038000000.0
    },
    "2025-01-31": {
        "Tax Effect Of Unusual Items": 0.0,
        "Tax Rate For Calcs": 0.238636,
        "Normalized EBITDA": 174000000.0,
        "Net Income From Continuing Operation Net Minority Interest": 64000000.0,
        "Reconciled Depreciation": 50000000.0,
        "Reconciled Cost Of Revenue": 1245000000.0,
        "EBITDA": 174000000.0,
        "EBIT": 124000000.0,
        "Net Interest Income": -36000000.0,
        "Interest Expense": 36000000.0,
        "Normalized Income": 64000000.0,
        "Net Income From Continuing And Discontinued Operation": 64000000.0,
        "Total Expenses": 1574000000.0,
        "Total Operating Income As Reported": 124000000.0,
        "Diluted Average Shares": 199474771.0,
        "Basic Average Shares": 190063322.0,
        "Diluted EPS": 0.33,
        "Basic EPS": 0.34,
        "Diluted NI Availto Com Stockholders": 67000000.0,
        "Average Dilution Earnings": 3000000.0,
        "Net Income Common Stockholders": 64000000.0,
        "Net Income": 64000000.0,
        "Minority Interests": -3000000.0,
        "Net Income Including Noncontrolling Interests": 67000000.0,
        "Net Income Continuous Operations": 67000000.0,
        "Tax Provision": 21000000.0,
        "Pretax Income": 88000000.0,
        "Net Non Operating Interest Income Expense": -36000000.0,
        "Interest Expense Non Operating": 36000000.0,
        "Operating Income": 124000000.0,
        "Operating Expense": 327000000.0,
        "Depreciation Amortization Depletion Income Statement": 48000000.0,
        "Depreciation And Amortization In Income Statement": 48000000.0,
        "Selling General And Administration": 279000000.0,
        "Gross Profit": 451000000.0,
        "Cost Of Revenue": 1247000000.0,
        "Total Revenue": 1698000000.0,
        "Operating Revenue": 1698000000.0
    },
    "2025-04-30": {
        "Tax Effect Of Unusual Items": 0.0,
        "Tax Rate For Calcs": 0.255,
        "Normalized EBITDA": 219000000.0,
        "Net Income From Continuing Operation Net Minority Interest": 100000000.0,
        "Reconciled Depreciation": 48000000.0,
        "Reconciled Cost Of Revenue": 1399000000.0,
        "EBITDA": 219000000.0,
        "EBIT": 171000000.0,
        "Net Interest Income": -30000000.0,
        "Interest Expense": 30000000.0,
        "Normalized Income": 100000000.0,
        "Net Income From Continuing And Discontinued Operation": 100000000.0,
        "Total Expenses": 1740000000.0,
        "Total Operating Income As Reported": 171000000.0,
        "Diluted Average Shares": 198700476.0,
        "Basic Average Shares": 189802381.0,
        "Diluted EPS": 0.52,
        "Basic EPS": 0.53,
        "Diluted NI Availto Com Stockholders": 104000000.0,
        "Average Dilution Earnings": 4000000.0,
        "Net Income Common Stockholders": 100000000.0,
        "Net Income": 100000000.0,
        "Minority Interests": -5000000.0,
        "Net Income Including Noncontrolling Interests": 105000000.0,
        "Net Income Continuous Operations": 105000000.0,
        "Tax Provision": 36000000.0,
        "Pretax Income": 141000000.0,
        "Net Non Operating Interest Income Expense": -30000000.0,
        "Interest Expense Non Operating": 30000000.0,
        "Operating Income": 171000000.0,
        "Operating Expense": 339000000.0,
        "Depreciation Amortization Depletion Income Statement": 46000000.0,
        "Depreciation And Amortization In Income Statement": 46000000.0,
        "Selling General And Administration": 293000000.0,
        "Gross Profit": 510000000.0,
        "Cost Of Revenue": 1401000000.0,
        "Total Revenue": 1911000000.0,
        "Operating Revenue": 1911000000.0
    },
    "2025-07-31": {
        "Tax Effect Of Unusual Items": 0.0,
        "Tax Rate For Calcs": 0.225,
        "Normalized EBITDA": 261000000.0,
        "Net Income From Continuing Operation Net Minority Interest": 134000000.0,
        "Reconciled Depreciation": 48000000.0,
        "Reconciled Cost Of Revenue": 1530000000.0,
        "EBITDA": 261000000.0,
        "EBIT": 213000000.0,
        "Net Interest Income": -31000000.0,
        "Interest Expense": 31000000.0,
        "Normalized Income": 134000000.0,
        "Net Income From Continuing And Discontinued Operation": 134000000.0,
        "Total Expenses": 1880000000.0,
        "Total Operating Income As Reported": 213000000.0,
        "Diluted Average Shares": 198302610.0,
        "Basic Average Shares": 189904002.0,
        "Diluted EPS": 0.7,
        "Basic EPS": 0.71,
        "Diluted NI Availto Com Stockholders": 139000000.0,
        "Average Dilution Earnings": 5000000.0,
        "Net Income Common Stockholders": 134000000.0,
        "Net Income": 134000000.0,
        "Minority Interests": -7000000.0,
        "Net Income Including Noncontrolling Interests": 141000000.0,
        "Net Income Continuous Operations": 141000000.0,
        "Tax Provision": 41000000.0,
        "Pretax Income": 182000000.0,
        "Net Non Operating Interest Income Expense": -31000000.0,
        "Interest Expense Non Operating": 31000000.0,
        "Operating Income": 213000000.0,
        "Operating Expense": 347000000.0,
        "Depreciation Amortization Depletion Income Statement": 45000000.0,
        "Depreciation And Amortization In Income Statement": 45000000.0,
        "Selling General And Administration": 302000000.0,
        "Gross Profit": 560000000.0,
        "Cost Of Revenue": 1533000000.0,
        "Total Revenue": 2093000000.0,
        "Operating Revenue": 2093000000.0
    }
}