{
    "2023-06-30": {
        "Tax Effect Of Unusual Items": NaN,
        "Tax Rate For Calcs": NaN,
        "Normalized EBITDA": NaN,
        "Total Unusual Items": NaN,
        "Total Unusual Items Excluding Goodwill": NaN,
        "Net Income From Continuing Operation Net Minority Interest": NaN,
        "Reconciled Depreciation": NaN,
        "Reconciled Cost Of Revenue": NaN,
        "EBITDA": NaN,
        "EBIT": NaN,
        "Net Interest Income": NaN,
        "Interest Expense": NaN,
        "Normalized Income": NaN,
        "Net Income From Continuing And Discontinued Operation": NaN,
        "Total Expenses": NaN,
        "Total Operating Income As Reported": NaN,
        "Diluted Average Shares": 633000000.0,
        "Basic Average Shares": 631000000.0,
        "Diluted EPS": 0.17,
        "Basic EPS": 0.17,
        "Diluted NI Availto Com Stockholders": NaN,
        "Net Income Common Stockholders": NaN,
        "Preferred Stock Dividends": 12000000.0,
        "Net Income": NaN,
        "Net Income Including Noncontrolling Interests": NaN,
        "Net Income Continuous Operations": NaN,
        "Tax Provision": NaN,
        "Pretax Income": NaN,
        "Other Income Expense": NaN,
        "Other Non Operating Income Expenses": NaN,
        "Special Income Charges": NaN,
        "Gain On Sale Of Business": NaN,
        "Gain On Sale Of Security": NaN,
        "Net Non Operating Interest Income Expense": NaN,
        "Interest Expense Non Operating": NaN,
        "Operating Income": NaN,
        "Operating Expense": NaN,
        "Other Taxes": NaN,
        "Depreciation Amortization Depletion Income Statement": NaN,
        "Depreciation And Amortization In Income Statement": NaN,
        "Gross Profit": NaN,
        "Cost Of Revenue": NaN,
        "Total Revenue": NaN,
        "Operating Revenue": NaN
    },
    "2023-03-31": {
        "Tax Effect Of Unusual Items": NaN,
        "Tax Rate For Calcs": NaN,
        "Normalized EBITDA": NaN,
        "Total Unusual Items": NaN,
        "Total Unusual Items Excluding Goodwill": NaN,
        "Net Income From Continuing Operation Net Minority Interest": NaN,
        "Reconciled Depreciation": NaN,
        "Reconciled Cost Of Revenue": NaN,
        "EBITDA": NaN,
        "EBIT": NaN,
        "Net Interest Income": NaN,
        "Interest Expense": NaN,
        "Normalized Income": NaN,
        "Net Income From Continuing And Discontinued Operation": NaN,
        "Total Expenses": NaN,
        "Total Operating Income As Reported": NaN,
        "Diluted Average Shares": NaN,
        "Basic Average Shares": NaN,
        "Diluted EPS": NaN,
        "Basic EPS": NaN,
        "Diluted NI Availto Com Stockholders": NaN,
        "Net Income Common Stockholders": NaN,
        "Preferred Stock Dividends": 12000000.0,
        "Net Income": NaN,
        "Net Income Including Noncontrolling Interests": NaN,
        "Net Income Continuous Operations": NaN,
        "Tax Provision": NaN,
        "Pretax Income": NaN,
        "Other Income Expense": NaN,
        "Other Non Operating Income Expenses": NaN,
        "Special Income Charges": NaN,
        "Gain On Sale Of Business": NaN,
        "Gain On Sale Of Security": NaN,
        "Net Non Operating Interest Income Expense": NaN,
        "Interest Expense Non Operating": NaN,
        "Operating Income": NaN,
        "Operating Expense": NaN,
        "Other Taxes": NaN,
        "Depreciation Amortization Depletion Income Statement": NaN,
        "Depreciation And Amortization In Income Statement": NaN,
        "Gross Profit": NaN,
        "Cost Of Revenue": NaN,
        "Total Revenue": NaN,
        "Operating Revenue": NaN
    },
    "2022-12-31": {
        "Tax Effect Of Unusual Items": NaN,
        "Tax Rate For Calcs": NaN,
        "Normalized EBITDA": NaN,
        "Total Unusual Items": NaN,
        "Total Unusual Items Excluding Goodwill": NaN,
        "Net Income From Continuing Operation Net Minority Interest": NaN,
        "Reconciled Depreciation": NaN,
        "Reconciled Cost Of Revenue": NaN,
        "EBITDA": NaN,
        "EBIT": NaN,
        "Net Interest Income": NaN,
        "Interest Expense": NaN,
        "Normalized Income": NaN,
        "Net Income From Continuing And Discontinued Operation": NaN,
        "Total Expenses": NaN,
        "Total Operating Income As Reported": NaN,
        "Diluted Average Shares": NaN,
        "Basic Average Shares": NaN,
        "Diluted EPS": NaN,
        "Basic EPS": NaN,
        "Diluted NI Availto Com Stockholders": NaN,
        "Net Income Common Stockholders": NaN,
        "Preferred Stock Dividends": 12000000.0,
        "Net Income": NaN,
        "Net Income Including Noncontrolling Interests": NaN,
        "Net Income Discontinuous Operations": 0.0,
        "Net Income Continuous Operations": NaN,
        "Tax Provision": NaN,
        "Pretax Income": NaN,
        "Other Income Expense": NaN,
        "Other Non Operating Income Expenses": NaN,
        "Special Income Charges": NaN,
        "Gain On Sale Of Business": NaN,
        "Gain On Sale Of Security": NaN,
        "Net Non Operating Interest Income Expense": NaN,
        "Interest Expense Non Operating": NaN,
        "Operating Income": NaN,
        "Operating Expense": NaN,
        "Other Taxes": NaN,
        "Depreciation Amortization Depletion Income Statement": NaN,
        "Depreciation And Amortization In Income Statement": NaN,
        "Gross Profit": NaN,
        "Cost Of Revenue": NaN,
        "Total Revenue": NaN,
        "Operating Revenue": NaN
    },
    "2022-09-30": {
        "Tax Effect Of Unusual Items": NaN,
        "Tax Rate For Calcs": NaN,
        "Normalized EBITDA": NaN,
        "Total Unusual Items": NaN,
        "Total Unusual Items Excluding Goodwill": NaN,
        "Net Income From Continuing Operation Net Minority Interest": NaN,
        "Reconciled Depreciation": NaN,
        "Reconciled Cost Of Revenue": NaN,
        "EBITDA": NaN,
        "EBIT": NaN,
        "Net Interest Income": NaN,
        "Interest Expense": NaN,
        "Normalized Income": NaN,
        "Net Income From Continuing And Discontinued Operation": NaN,
        "Total Expenses": NaN,
        "Total Operating Income As Reported": NaN,
        "Diluted Average Shares": 633000000.0,
        "Basic Average Shares": 630000000.0,
        "Diluted EPS": 0.3,
        "Basic EPS": 0.3,
        "Diluted NI Availto Com Stockholders": NaN,
        "Net Income Common Stockholders": NaN,
        "Preferred Stock Dividends": NaN,
        "Net Income": NaN,
        "Net Income Including Noncontrolling Interests": NaN,
        "Net Income Discontinuous Operations": 0.0,
        "Net Income Continuous Operations": NaN,
        "Tax Provision": NaN,
        "Pretax Income": NaN,
        "Other Income Expense": NaN,
        "Other Non Operating Income Expenses": NaN,
        "Special Income Charges": NaN,
        "Gain On Sale Of Business": NaN,
        "Gain On Sale Of Security": NaN,
        "Net Non Operating Interest Income Expense": NaN,
        "Interest Expense Non Operating": NaN,
        "Operating Income": NaN,
        "Operating Expense": NaN,
        "Other Taxes": NaN,
        "Depreciation Amortization Depletion Income Statement": NaN,
        "Depreciation And Amortization In Income Statement": NaN,
        "Gross Profit": NaN,
        "Cost Of Revenue": NaN,
        "Total Revenue": NaN,
        "Operating Revenue": NaN
    },
    "2022-06-30": {
        "Tax Effect Of Unusual Items": 885245.901639,
        "Tax Rate For Calcs": 0.221311,
        "Normalized EBITDA": 677000000.0,
        "Total Unusual Items": 4000000.0,
        "Total Unusual Items Excluding Goodwill": 4000000.0,
        "Net Income From Continuing Operation Net Minority Interest": 190000000.0,
        "Reconciled Depreciation": 327000000.0,
        "Reconciled Cost Of Revenue": 1131000000.0,
        "EBITDA": 681000000.0,
        "EBIT": 354000000.0,
        "Net Interest Income": -110000000.0,
        "Interest Expense": 110000000.0,
        "Normalized Income": 186885245.901639,
        "Net Income From Continuing And Discontinued Operation": 190000000.0,
        "Total Expenses": 1593000000.0,
        "Total Operating Income As Reported": 351000000.0,
        "Diluted Average Shares": 632000000.0,
        "Basic Average Shares": 629000000.0,
        "Diluted EPS": 0.28,
        "Basic EPS": 0.28,
        "Diluted NI Availto Com Stockholders": 179000000.0,
        "Net Income Common Stockholders": 179000000.0,
        "Preferred Stock Dividends": 11000000.0,
        "Net Income": 190000000.0,
        "Net Income Including Noncontrolling Interests": 190000000.0,
        "Net Income Discontinuous Operations": 0.0,
        "Net Income Continuous Operations": 190000000.0,
        "Tax Provision": 54000000.0,
        "Pretax Income": 244000000.0,
        "Other Income Expense": 3000000.0,
        "Other Non Operating Income Expenses": -1000000.0,
        "Special Income Charges": 0.0,
        "Gain On Sale Of Business": 0.0,
        "Gain On Sale Of Security": 4000000.0,
        "Net Non Operating Interest Income Expense": -110000000.0,
        "Interest Expense Non Operating": 110000000.0,
        "Operating Income": 351000000.0,
        "Operating Expense": 462000000.0,
        "Other Taxes": 135000000.0,
        "Depreciation Amortization Depletion Income Statement": 327000000.0,
        "Depreciation And Amortization In Income Statement": 327000000.0,
        "Gross Profit": 813000000.0,
        "Cost Of Revenue": 1131000000.0,
        "Total Revenue": 1944000000.0,
        "Operating Revenue": 1944000000.0
    },
    "2022-03-31": {
        "Diluted EPS": 0.82,
        "Total Revenue": NaN,
        "Gross Profit": NaN,
        "Operating Income": 477,
        "EBIT": 795,
        "Net Income": 518
    },
    "2021-12-31": {
        "Diluted EPS": 1.03,
        "Total Revenue": NaN,
        "Gross Profit": NaN,
        "Operating Income": 336,
        "EBIT": 665,
        "Net Income": 641
    },
    "2021-09-30": {
        "Diluted EPS": 0.32,
        "Total Revenue": NaN,
        "Gross Profit": NaN,
        "Operating Income": 278,
        "EBIT": 631,
        "Net Income": 195
    },
    "2021-06-30": {
        "Diluted EPS": 0.37,
        "Total Revenue": NaN,
        "Gross Profit": NaN,
        "Operating Income": 296,
        "EBIT": 623,
        "Net Income": 221
    },
    "2021-03-31": {
        "Diluted EPS": 0.56,
        "Total Revenue": NaN,
        "Gross Profit": NaN,
        "Operating Income": 453,
        "EBIT": 760,
        "Net Income": 334
    },
    "2020-12-31": {
        "Diluted EPS": 0.41,
        "Total Revenue": NaN,
        "Gross Profit": NaN,
        "Operating Income": 285,
        "EBIT": 565,
        "Net Income": 151
    },
    "2020-09-30": {
        "Diluted EPS": 0.13,
        "Total Revenue": NaN,
        "Gross Profit": NaN,
        "Operating Income": 302,
        "EBIT": 616,
        "Net Income": 69
    },
    "2020-06-30": {
        "Diluted EPS": 0.11,
        "Total Revenue": NaN,
        "Gross Profit": NaN,
        "Operating Income": 235,
        "EBIT": 541,
        "Net Income": 59
    },
    "2020-03-31": {
        "Diluted EPS": -2.44,
        "Total Revenue": NaN,
        "Gross Profit": NaN,
        "Operating Income": 217,
        "EBIT": 506,
        "Net Income": NaN
    },
    "2019-12-31": {
        "Diluted EPS": 0.25,
        "Total Revenue": NaN,
        "Gross Profit": NaN,
        "Operating Income": 274,
        "EBIT": 471,
        "Net Income": 128
    },
    "2019-09-30": {
        "Diluted EPS": 0.47,
        "Total Revenue": NaN,
        "Gross Profit": NaN,
        "Operating Income": 357,
        "EBIT": 706,
        "Net Income": 241
    },
    "2019-06-30": {
        "Diluted EPS": 0.33,
        "Total Revenue": NaN,
        "Gross Profit": NaN,
        "Operating Income": 229,
        "EBIT": 579,
        "Net Income": 165
    },
    "2019-03-31": {
        "Diluted EPS": 0.28,
        "Total Revenue": NaN,
        "Gross Profit": NaN,
        "Operating Income": 211,
        "EBIT": 540,
        "Net Income": 140
    },
    "2018-12-31": {
        "Diluted EPS": 0.18,
        "Total Revenue": NaN,
        "Gross Profit": NaN,
        "Operating Income": 204,
        "EBIT": 479,
        "Net Income": 90
    },
    "2018-09-30": {
        "Diluted EPS": 0.35,
        "Total Revenue": NaN,
        "Gross Profit": NaN,
        "Operating Income": 226,
        "EBIT": 568,
        "Net Income": 153
    },
    "2018-06-30": {
        "Diluted EPS": -0.17,
        "Total Revenue": NaN,
        "Gross Profit": NaN,
        "Operating Income": 187,
        "EBIT": 541,
        "Net Income": -75
    },
    "2018-03-31": {
        "Diluted EPS": 0.38,
        "Total Revenue": NaN,
        "Gross Profit": NaN,
        "Operating Income": 251,
        "EBIT": 571,
        "Net Income": 165
    },
    "2017-12-31": {
        "Diluted EPS": 2.99,
        "Total Revenue": NaN,
        "Gross Profit": NaN,
        "Operating Income": 308,
        "EBIT": 601,
        "Net Income": NaN
    },
    "2017-09-30": {
        "Diluted EPS": 0.39,
        "Total Revenue": NaN,
        "Gross Profit": NaN,
        "Operating Income": 297,
        "EBIT": 572,
        "Net Income": 169
    },
    "2017-06-30": {
        "Diluted EPS": 0.31,
        "Total Revenue": NaN,
        "Gross Profit": NaN,
        "Operating Income": 240,
        "EBIT": 500,
        "Net Income": 135
    },
    "2017-03-31": {
        "Diluted EPS": 0.44,
        "Total Revenue": NaN,
        "Gross Profit": NaN,
        "Operating Income": 291,
        "EBIT": 523,
        "Net Income": 192
    },
    "2016-12-31": {
        "Diluted EPS": 0.24,
        "Total Revenue": NaN,
        "Gross Profit": NaN,
        "Operating Income": 307,
        "EBIT": 567,
        "Net Income": 101
    },
    "2016-09-30": {
        "Diluted EPS": 0.41,
        "Total Revenue": NaN,
        "Gross Profit": NaN,
        "Operating Income": 284,
        "EBIT": 614,
        "Net Income": 179
    },
    "2016-06-30": {
        "Diluted EPS": -0.01,
        "Total Revenue": NaN,
        "Gross Profit": NaN,
        "Operating Income": 182,
        "EBIT": 478,
        "Net Income": -2
    },
    "2016-03-31": {
        "Diluted EPS": 0.36,
        "Total Revenue": NaN,
        "Gross Profit": NaN,
        "Operating Income": 250,
        "EBIT": 516,
        "Net Income": 154
    },
    "2015-12-31": {
        "Diluted EPS": -1.18,
        "Total Revenue": NaN,
        "Gross Profit": NaN,
        "Operating Income": 226,
        "EBIT": 478,
        "Net Income": -509
    },
    "2015-09-30": {
        "Diluted EPS": -0.91,
        "Total Revenue": NaN,
        "Gross Profit": NaN,
        "Operating Income": 265,
        "EBIT": 540,
        "Net Income": -391
    },
    "2015-06-30": {
        "Diluted EPS": 0.18,
        "Total Revenue": NaN,
        "Gross Profit": NaN,
        "Operating Income": 186,
        "EBIT": 432,
        "Net Income": 77
    },
    "2015-03-31": {
        "Diluted EPS": 0.3,
        "Total Revenue": NaN,
        "Gross Profit": NaN,
        "Operating Income": 256,
        "EBIT": 480,
        "Net Income": 131
    },
    "2014-12-31": {
        "Diluted EPS": 0.41,
        "Total Revenue": NaN,
        "Gross Profit": NaN,
        "Operating Income": 221,
        "EBIT": 457,
        "Net Income": 176
    },
    "2014-09-30": {
        "Diluted EPS": 0.33,
        "Total Revenue": NaN,
        "Gross Profit": NaN,
        "Operating Income": 233,
        "EBIT": 533,
        "Net Income": 143
    },
    "2014-06-30": {
        "Diluted EPS": 0.25,
        "Total Revenue": NaN,
        "Gross Profit": NaN,
        "Operating Income": 186,
        "EBIT": 449,
        "Net Income": 107
    },
    "2014-03-31": {
        "Diluted EPS": 0.43,
        "Total Revenue": NaN,
        "Gross Profit": NaN,
        "Operating Income": 295,
        "EBIT": 537,
        "Net Income": 185
    },
    "2013-12-31": {
        "Diluted EPS": 0.26,
        "Total Revenue": NaN,
        "Gross Profit": NaN,
        "Operating Income": 211,
        "EBIT": 431,
        "Net Income": 113
    },
    "2013-09-30": {
        "Diluted EPS": 0.35,
        "Total Revenue": NaN,
        "Gross Profit": NaN,
        "Operating Income": 244,
        "EBIT": 499,
        "Net Income": 151
    },
    "2013-06-30": {
        "Diluted EPS": -0.23,
        "Total Revenue": NaN,
        "Gross Profit": NaN,
        "Operating Income": 223,
        "EBIT": 484,
        "Net Income": -100
    },
    "2013-03-31": {
        "Diluted EPS": 0.34,
        "Total Revenue": NaN,
        "Gross Profit": NaN,
        "Operating Income": 332,
        "EBIT": 580,
        "Net Income": 147
    },
    "2012-12-31": {
        "Diluted EPS": 0.32,
        "Total Revenue": NaN,
        "Gross Profit": NaN,
        "Operating Income": 310,
        "EBIT": 569,
        "Net Income": 134
    },
    "2012-09-30": {
        "Diluted EPS": 0.02,
        "Total Revenue": NaN,
        "Gross Profit": NaN,
        "Operating Income": 88,
        "EBIT": 397,
        "Net Income": 10
    },
    "2012-06-30": {
        "Diluted EPS": 0.29,
        "Total Revenue": NaN,
        "Gross Profit": NaN,
        "Operating Income": 302,
        "EBIT": 584,
        "Net Income": 126
    },
    "2012-03-31": {
        "Diluted EPS": 0.34,
        "Total Revenue": NaN,
        "Gross Profit": NaN,
        "Operating Income": 338,
        "EBIT": 570,
        "Net Income": 147
    },
    "2011-12-31": {
        "Diluted EPS": 0.27,
        "Total Revenue": NaN,
        "Gross Profit": NaN,
        "Operating Income": 274,
        "EBIT": 491,
        "Net Income": 117
    },
    "2011-09-30": {
        "Diluted EPS": 2.27,
        "Total Revenue": NaN,
        "Gross Profit": NaN,
        "Operating Income": 357,
        "EBIT": 617,
        "Net Income": 973
    },
    "2011-06-30": {
        "Diluted EPS": 0.28,
        "Total Revenue": NaN,
        "Gross Profit": NaN,
        "Operating Income": 303,
        "EBIT": 534,
        "Net Income": 119
    },
    "2011-03-31": {
        "Diluted EPS": 0.35,
        "Total Revenue": NaN,
        "Gross Profit": NaN,
        "Operating Income": 364,
        "EBIT": 572,
        "Net Income": 148
    },
    "2010-12-31": {
        "Diluted EPS": 0.29,
        "Total Revenue": NaN,
        "Gross Profit": NaN,
        "Operating Income": 302,
        "EBIT": 512,
        "Net Income": 124
    },
    "2010-09-30": {
        "Diluted EPS": 0.29,
        "Total Revenue": NaN,
        "Gross Profit": NaN,
        "Operating Income": 327,
        "EBIT": 577,
        "Net Income": 123
    },
    "2010-06-30": {
        "Diluted EPS": 0.2,
        "Total Revenue": NaN,
        "Gross Profit": 978,
        "Operating Income": 263,
        "EBIT": 487,
        "Net Income": 81
    },
    "2010-03-31": {
        "Diluted EPS": 0.29,
        "Total Revenue": NaN,
        "Gross Profit": NaN,
        "Operating Income": 357,
        "EBIT": 564,
        "Net Income": 114
    },
    "2009-12-31": {
        "Diluted EPS": 0.27,
        "Total Revenue": NaN,
        "Gross Profit": NaN,
        "Operating Income": 299,
        "EBIT": 488,
        "Net Income": 105
    },
    "2009-09-30": {
        "Diluted EPS": 0.31,
        "Total Revenue": NaN,
        "Gross Profit": 994,
        "Operating Income": 287,
        "EBIT": 504,
        "Net Income": 114
    },
    "2009-06-30": {
        "Diluted EPS": 0.24,
        "Total Revenue": NaN,
        "Gross Profit": 930,
        "Operating Income": 253,
        "EBIT": 451,
        "Net Income": 86
    },
    "2009-03-31": {
        "Diluted EPS": 0.19,
        "Total Revenue": NaN,
        "Gross Profit": 977,
        "Operating Income": 285,
        "EBIT": 461,
        "Net Income": 67
    },
    "2023-09-30": {
        "Tax Effect Of Unusual Items": NaN,
        "Tax Rate For Calcs": NaN,
        "Normalized EBITDA": NaN,
        "Total Unusual Items": NaN,
        "Total Unusual Items Excluding Goodwill": NaN,
        "Net Income From Continuing Operation Net Minority Interest": NaN,
        "Reconciled Depreciation": NaN,
        "Reconciled Cost Of Revenue": NaN,
        "EBITDA": NaN,
        "EBIT": NaN,
        "Net Interest Income": NaN,
        "Interest Expense": NaN,
        "Normalized Income": NaN,
        "Net Income From Continuing And Discontinued Operation": NaN,
        "Total Expenses": NaN,
        "Total Operating Income As Reported": NaN,
        "Diluted Average Shares": 633000000.0,
        "Basic Average Shares": 631000000.0,
        "Diluted EPS": 0.4,
        "Basic EPS": 0.41,
        "Diluted NI Availto Com Stockholders": NaN,
        "Net Income Common Stockholders": NaN,
        "Preferred Stock Dividends": 26000000.0,
        "Net Income": NaN,
        "Net Income Including Noncontrolling Interests": NaN,
        "Net Income Continuous Operations": NaN,
        "Tax Provision": NaN,
        "Pretax Income": NaN,
        "Other Income Expense": NaN,
        "Other Non Operating Income Expenses": NaN,
        "Special Income Charges": NaN,
        "Gain On Sale Of Business": NaN,
        "Gain On Sale Of Security": NaN,
        "Net Non Operating Interest Income Expense": NaN,
        "Interest Expense Non Operating": NaN,
        "Operating Income": NaN,
        "Operating Expense": NaN,
        "Other Taxes": NaN,
        "Depreciation Amortization Depletion Income Statement": NaN,
        "Depreciation And Amortization In Income Statement": NaN,
        "Gross Profit": NaN,
        "Cost Of Revenue": NaN,
        "Total Revenue": NaN,
        "Operating Revenue": NaN
    },
    "2023-12-31": {
        "Tax Effect Of Unusual Items": NaN,
        "Tax Rate For Calcs": NaN,
        "Normalized EBITDA": NaN,
        "Total Unusual Items": NaN,
        "Total Unusual Items Excluding Goodwill": NaN,
        "Net Income From Continuing Operation Net Minority Interest": NaN,
        "Reconciled Depreciation": NaN,
        "Reconciled Cost Of Revenue": NaN,
        "EBITDA": NaN,
        "EBIT": NaN,
        "Net Interest Income": NaN,
        "Interest Expense": NaN,
        "Normalized Income": NaN,
        "Net Income From Continuing And Discontinued Operation": NaN,
        "Total Expenses": NaN,
        "Total Operating Income As Reported": NaN,
        "Diluted Average Shares": NaN,
        "Basic Average Shares": NaN,
        "Diluted EPS": NaN,
        "Basic EPS": NaN,
        "Diluted NI Availto Com Stockholders": NaN,
        "Net Income Common Stockholders": NaN,
        "Preferred Stock Dividends": 0.0,
        "Net Income": NaN,
        "Net Income Including Noncontrolling Interests": NaN,
        "Net Income Continuous Operations": NaN,
        "Tax Provision": NaN,
        "Pretax Income": NaN,
        "Other Income Expense": NaN,
        "Other Non Operating Income Expenses": NaN,
        "Special Income Charges": NaN,
        "Gain On Sale Of Business": NaN,
        "Gain On Sale Of Security": NaN,
        "Net Non Operating Interest Income Expense": NaN,
        "Interest Expense Non Operating": NaN,
        "Operating Income": NaN,
        "Operating Expense": NaN,
        "Other Taxes": NaN,
        "Depreciation Amortization Depletion Income Statement": NaN,
        "Depreciation And Amortization In Income Statement": NaN,
        "Gross Profit": NaN,
        "Cost Of Revenue": NaN,
        "Total Revenue": NaN,
        "Operating Revenue": NaN
    },
    "2024-03-31": {
        "Tax Effect Of Unusual Items": NaN,
        "Tax Rate For Calcs": NaN,
        "Normalized EBITDA": NaN,
        "Total Unusual Items": NaN,
        "Total Unusual Items Excluding Goodwill": NaN,
        "Net Income From Continuing Operation Net Minority Interest": NaN,
        "Reconciled Depreciation": NaN,
        "Reconciled Cost Of Revenue": NaN,
        "EBITDA": NaN,
        "EBIT": NaN,
        "Net Interest Income": NaN,
        "Interest Expense": NaN,
        "Normalized Income": NaN,
        "Net Income From Continuing And Discontinued Operation": NaN,
        "Total Expenses": NaN,
        "Total Operating Income As Reported": NaN,
        "Diluted Average Shares": 633970000.0,
        "Basic Average Shares": 632228000.0,
        "Diluted EPS": 0.55,
        "Basic EPS": 0.55,
        "Diluted NI Availto Com Stockholders": NaN,
        "Net Income Common Stockholders": NaN,
        "Net Income": NaN,
        "Net Income Including Noncontrolling Interests": NaN,
        "Net Income Continuous Operations": NaN,
        "Tax Provision": NaN,
        "Pretax Income": NaN,
        "Other Income Expense": NaN,
        "Other Non Operating Income Expenses": NaN,
        "Special Income Charges": NaN,
        "Gain On Sale Of Business": NaN,
        "Gain On Sale Of Security": 2000000.0,
        "Net Non Operating Interest Income Expense": NaN,
        "Interest Expense Non Operating": NaN,
        "Operating Income": NaN,
        "Operating Expense": NaN,
        "Other Taxes": NaN,
        "Depreciation Amortization Depletion Income Statement": NaN,
        "Depreciation And Amortization In Income Statement": NaN,
        "Gross Profit": NaN,
        "Cost Of Revenue": NaN,
        "Total Revenue": NaN,
        "Operating Revenue": NaN
    },
    "2024-06-30": {
        "Tax Effect Of Unusual Items": NaN,
        "Tax Rate For Calcs": NaN,
        "Normalized EBITDA": NaN,
        "Total Unusual Items": NaN,
        "Total Unusual Items Excluding Goodwill": NaN,
        "Net Income From Continuing Operation Net Minority Interest": NaN,
        "Reconciled Depreciation": NaN,
        "Reconciled Cost Of Revenue": NaN,
        "EBITDA": NaN,
        "EBIT": NaN,
        "Net Interest Income": NaN,
        "Interest Expense": NaN,
        "Normalized Income": NaN,
        "Net Income From Continuing And Discontinued Operation": NaN,
        "Total Expenses": NaN,
        "Total Operating Income As Reported": NaN,
        "Diluted Average Shares": 642000000.0,
        "Basic Average Shares": 641000000.0,
        "Diluted EPS": 0.36,
        "Basic EPS": 0.36,
        "Diluted NI Availto Com Stockholders": NaN,
        "Net Income Common Stockholders": NaN,
        "Net Income": NaN,
        "Net Income Including Noncontrolling Interests": NaN,
        "Net Income Continuous Operations": NaN,
        "Tax Provision": NaN,
        "Pretax Income": NaN,
        "Other Income Expense": NaN,
        "Other Non Operating Income Expenses": NaN,
        "Special Income Charges": NaN,
        "Gain On Sale Of Business": NaN,
        "Gain On Sale Of Security": 1000000.0,
        "Net Non Operating Interest Income Expense": NaN,
        "Interest Expense Non Operating": NaN,
        "Operating Income": NaN,
        "Operating Expense": NaN,
        "Other Taxes": NaN,
        "Depreciation Amortization Depletion Income Statement": NaN,
        "Depreciation And Amortization In Income Statement": NaN,
        "Gross Profit": NaN,
        "Cost Of Revenue": NaN,
        "Total Revenue": NaN,
        "Operating Revenue": NaN
    },
    "2024-09-30": {
        "Tax Effect Of Unusual Items": 212244.897959,
        "Tax Rate For Calcs": 0.212245,
        "Normalized EBITDA": 773000000.0,
        "Total Unusual Items": 1000000.0,
        "Total Unusual Items Excluding Goodwill": 1000000.0,
        "Net Income From Continuing Operation Net Minority Interest": 193000000.0,
        "Reconciled Depreciation": 334000000.0,
        "Reconciled Cost Of Revenue": 973000000.0,
        "EBITDA": 774000000.0,
        "EBIT": 440000000.0,
        "Net Interest Income": -195000000.0,
        "Interest Expense": 195000000.0,
        "Normalized Income": 192212244.897959,
        "Net Income From Continuing And Discontinued Operation": 193000000.0,
        "Total Expenses": 1432000000.0,
        "Total Operating Income As Reported": 424000000.0,
        "Diluted Average Shares": 648000000.0,
        "Basic Average Shares": 648000000.0,
        "Diluted EPS": 0.3,
        "Basic EPS": 0.3,
        "Diluted NI Availto Com Stockholders": 193000000.0,
        "Net Income Common Stockholders": 193000000.0,
        "Net Income": 193000000.0,
        "Net Income Including Noncontrolling Interests": 193000000.0,
        "Net Income Continuous Operations": 193000000.0,
        "Tax Provision": 52000000.0,
        "Pretax Income": 245000000.0,
        "Other Income Expense": 16000000.0,
        "Other Non Operating Income Expenses": 15000000.0,
        "Special Income Charges": 0.0,
        "Gain On Sale Of Business": 0.0,
        "Gain On Sale Of Security": 1000000.0,
        "Net Non Operating Interest Income Expense": -195000000.0,
        "Interest Expense Non Operating": 195000000.0,
        "Operating Income": 424000000.0,
        "Operating Expense": 459000000.0,
        "Other Taxes": 125000000.0,
        "Depreciation Amortization Depletion Income Statement": 334000000.0,
        "Depreciation And Amortization In Income Statement": 334000000.0,
        "Gross Profit": 883000000.0,
        "Cost Of Revenue": 973000000.0,
        "Total Revenue": 1856000000.0,
        "Operating Revenue": 1856000000.0
    },
    "2024-12-31": {
        "Tax Effect Of Unusual Items": 228571.428571,
        "Tax Rate For Calcs": 0.114286,
        "Normalized EBITDA": 856000000.0,
        "Total Unusual Items": 2000000.0,
        "Total Unusual Items Excluding Goodwill": 2000000.0,
        "Net Income From Continuing Operation Net Minority Interest": 248000000.0,
        "Reconciled Depreciation": 356000000.0,
        "Reconciled Cost Of Revenue": 1286000000.0,
        "EBITDA": 858000000.0,
        "EBIT": 502000000.0,
        "Net Interest Income": -222000000.0,
        "Interest Expense": 222000000.0,
        "Normalized Income": 246228571.428571,
        "Net Income From Continuing And Discontinued Operation": 248000000.0,
        "Total Expenses": 1779000000.0,
        "Total Operating Income As Reported": 483000000.0,
        "Diluted Average Shares": NaN,
        "Basic Average Shares": NaN,
        "Diluted EPS": NaN,
        "Basic EPS": NaN,
        "Diluted NI Availto Com Stockholders": 248000000.0,
        "Net Income Common Stockholders": 248000000.0,
        "Net Income": 248000000.0,
        "Net Income Including Noncontrolling Interests": 248000000.0,
        "Net Income Continuous Operations": 248000000.0,
        "Tax Provision": 32000000.0,
        "Pretax Income": 280000000.0,
        "Other Income Expense": 19000000.0,
        "Other Non Operating Income Expenses": 17000000.0,
        "Special Income Charges": 0.0,
        "Gain On Sale Of Business": 0.0,
        "Gain On Sale Of Security": 2000000.0,
        "Net Non Operating Interest Income Expense": -222000000.0,
        "Interest Expense Non Operating": 222000000.0,
        "Operating Income": 483000000.0,
        "Operating Expense": 493000000.0,
        "Other Taxes": 137000000.0,
        "Depreciation Amortization Depletion Income Statement": 356000000.0,
        "Depreciation And Amortization In Income Statement": 356000000.0,
        "Gross Profit": 976000000.0,
        "Cost Of Revenue": 1286000000.0,
        "Total Revenue": 2262000000.0,
        "Operating Revenue": 2262000000.0
    },
    "2025-03-31": {
        "Tax Effect Of Unusual Items": -9030000.0,
        "Tax Rate For Calcs": 0.21,
        "Normalized EBITDA": 1022000000.0,
        "Total Unusual Items": -43000000.0,
        "Total Unusual Items Excluding Goodwill": -43000000.0,
        "Net Income From Continuing Operation Net Minority Interest": 297000000.0,
        "Reconciled Depreciation": 363000000.0,
        "Reconciled Cost Of Revenue": 1754000000.0,
        "EBITDA": 979000000.0,
        "EBIT": 616000000.0,
        "Net Interest Income": -238000000.0,
        "Interest Expense": 238000000.0,
        "Normalized Income": 330970000.0,
        "Net Income From Continuing And Discontinued Operation": 297000000.0,
        "Total Expenses": 2271000000.0,
        "Total Operating Income As Reported": 649000000.0,
        "Diluted Average Shares": 653319000.0,
        "Basic Average Shares": 652161000.0,
        "Diluted EPS": 0.45,
        "Basic EPS": 0.45,
        "Diluted NI Availto Com Stockholders": 297000000.0,
        "Net Income Common Stockholders": 297000000.0,
        "Net Income": 297000000.0,
        "Net Income Including Noncontrolling Interests": 297000000.0,
        "Net Income Continuous Operations": 297000000.0,
        "Tax Provision": 81000000.0,
        "Pretax Income": 378000000.0,
        "Other Income Expense": -33000000.0,
        "Other Non Operating Income Expenses": 10000000.0,
        "Special Income Charges": -43000000.0,
        "Gain On Sale Of Business": -43000000.0,
        "Gain On Sale Of Security": NaN,
        "Net Non Operating Interest Income Expense": -238000000.0,
        "Interest Expense Non Operating": 238000000.0,
        "Operating Income": 649000000.0,
        "Operating Expense": 517000000.0,
        "Other Taxes": 154000000.0,
        "Depreciation Amortization Depletion Income Statement": 363000000.0,
        "Depreciation And Amortization In Income Statement": 363000000.0,
        "Gross Profit": 1166000000.0,
        "Cost Of Revenue": 1754000000.0,
        "Total Revenue": 2920000000.0,
        "Operating Revenue": 2920000000.0
    },
    "2025-06-30": {
        "Tax Effect Of Unusual Items": 220000.0,
        "Tax Rate For Calcs": 0.22,
        "Normalized EBITDA": 817000000.0,
        "Total Unusual Items": 1000000.0,
        "Total Unusual Items Excluding Goodwill": 1000000.0,
        "Net Income From Continuing Operation Net Minority Interest": 198000000.0,
        "Reconciled Depreciation": 370000000.0,
        "Reconciled Cost Of Revenue": 1017000000.0,
        "EBITDA": 818000000.0,
        "EBIT": 448000000.0,
        "Net Interest Income": -195000000.0,
        "Interest Expense": 195000000.0,
        "Normalized Income": 197220000.0,
        "Net Income From Continuing And Discontinued Operation": 198000000.0,
        "Total Expenses": 1527000000.0,
        "Total Operating Income As Reported": 417000000.0,
        "Diluted Average Shares": 654000000.0,
        "Basic Average Shares": 653000000.0,
        "Diluted EPS": 0.3,
        "Basic EPS": 0.3,
        "Diluted NI Availto Com Stockholders": 198000000.0,
        "Net Income Common Stockholders": 198000000.0,
        "Net Income": 198000000.0,
        "Net Income Including Noncontrolling Interests": 198000000.0,
        "Net Income Continuous Operations": 198000000.0,
        "Tax Provision": 55000000.0,
        "Pretax Income": 253000000.0,
        "Other Income Expense": 31000000.0,
        "Other Non Operating Income Expenses": 30000000.0,
        "Special Income Charges": 0.0,
        "Gain On Sale Of Business": 0.0,
        "Gain On Sale Of Security": 1000000.0,
        "Net Non Operating Interest Income Expense": -195000000.0,
        "Interest Expense Non Operating": 195000000.0,
        "Operating Income": 417000000.0,
        "Operating Expense": 510000000.0,
        "Other Taxes": 140000000.0,
        "Depreciation Amortization Depletion Income Statement": 370000000.0,
        "Depreciation And Amortization In Income Statement": 370000000.0,
        "Gross Profit": 927000000.0,
        "Cost Of Revenue": 1017000000.0,
        "Total Revenue": 1944000000.0,
        "Operating Revenue": 1944000000.0
    },
    "2025-09-30": {
        "Tax Effect Of Unusual Items": 210000.0,
        "Tax Rate For Calcs": 0.21,
        "Normalized EBITDA": 920000000.0,
        "Total Unusual Items": 1000000.0,
        "Total Unusual Items Excluding Goodwill": 1000000.0,
        "Net Income From Continuing Operation Net Minority Interest": 293000000.0,
        "Reconciled Depreciation": 392000000.0,
        "Reconciled Cost Of Revenue": 961000000.0,
        "EBITDA": 921000000.0,
        "EBIT": 529000000.0,
        "Net Interest Income": -243000000.0,
        "Interest Expense": 243000000.0,
        "Normalized Income": 292210000.0,
        "Net Income From Continuing And Discontinued Operation": 293000000.0,
        "Total Expenses": 1486000000.0,
        "Total Operating Income As Reported": 502000000.0,
        "Diluted Average Shares": 656000000.0,
        "Basic Average Shares": 653000000.0,
        "Diluted EPS": 0.45,
        "Basic EPS": 0.45,
        "Diluted NI Availto Com Stockholders": 293000000.0,
        "Net Income Common Stockholders": 293000000.0,
        "Net Income": 293000000.0,
        "Net Income Including Noncontrolling Interests": 293000000.0,
        "Net Income Continuous Operations": 293000000.0,
        "Tax Provision": -7000000.0,
        "Pretax Income": 286000000.0,
        "Other Income Expense": 27000000.0,
        "Other Non Operating Income Expenses": 26000000.0,
        "Special Income Charges": 0.0,
        "Gain On Sale Of Business": 0.0,
        "Gain On Sale Of Security": 1000000.0,
        "Net Non Operating Interest Income Expense": -243000000.0,
        "Interest Expense Non Operating": 243000000.0,
        "Operating Income": 502000000.0,
        "Operating Expense": 525000000.0,
        "Other Taxes": 133000000.0,
        "Depreciation Amortization Depletion Income Statement": 392000000.0,
        "Depreciation And Amortization In Income Statement": 392000000.0,
        "Gross Profit": 1027000000.0,
        "Cost Of Revenue": 961000000.0,
        "Total Revenue": 1988000000.0,
        "Operating Revenue": 1988000000.0
    }
}