{
    "2023-03-31": {
        "Tax Effect Of Unusual Items": -1680000.0,
        "Tax Rate For Calcs": 0.21,
        "Normalized EBITDA": 3868000000.0,
        "Total Unusual Items": -8000000.0,
        "Total Unusual Items Excluding Goodwill": -8000000.0,
        "Net Income From Continuing Operation Net Minority Interest": 1799000000.0,
        "Reconciled Depreciation": 1418000000.0,
        "Reconciled Cost Of Revenue": 6834000000.0,
        "EBITDA": 3860000000.0,
        "EBIT": 2442000000.0,
        "Net Interest Income": -154000000.0,
        "Interest Expense": 154000000.0,
        "Normalized Income": 1805320000.0,
        "Net Income From Continuing And Discontinued Operation": 1799000000.0,
        "Total Expenses": 7098000000.0,
        "Diluted Average Shares": 1112042000.0,
        "Basic Average Shares": 1100463000.0,
        "Diluted EPS": 1.62,
        "Basic EPS": 1.63,
        "Diluted NI Availto Com Stockholders": 1799000000.0,
        "Net Income Common Stockholders": 1799000000.0,
        "Net Income": 1799000000.0,
        "Net Income Including Noncontrolling Interests": 1799000000.0,
        "Net Income Continuous Operations": 1799000000.0,
        "Tax Provision": 489000000.0,
        "Pretax Income": 2288000000.0,
        "Other Income Expense": -8000000.0,
        "Special Income Charges": NaN,
        "Restructuring And Mergern Acquisition": NaN,
        "Earnings From Equity Interest": NaN,
        "Gain On Sale Of Security": -8000000.0,
        "Net Non Operating Interest Income Expense": -154000000.0,
        "Interest Expense Non Operating": 154000000.0,
        "Operating Income": 2450000000.0,
        "Operating Expense": 264000000.0,
        "Other Operating Expenses": 92000000.0,
        "Selling General And Administration": 172000000.0,
        "General And Administrative Expense": 172000000.0,
        "Other Gand A": 106000000.0,
        "Salaries And Wages": 66000000.0,
        "Gross Profit": 2714000000.0,
        "Cost Of Revenue": 6834000000.0,
        "Total Revenue": 9548000000.0,
        "Operating Revenue": 9548000000.0
    },
    "2022-12-31": {
        "Tax Effect Of Unusual Items": NaN,
        "Tax Rate For Calcs": NaN,
        "Normalized EBITDA": NaN,
        "Total Unusual Items": NaN,
        "Total Unusual Items Excluding Goodwill": NaN,
        "Net Income From Continuing Operation Net Minority Interest": NaN,
        "Reconciled Depreciation": NaN,
        "Reconciled Cost Of Revenue": NaN,
        "EBITDA": NaN,
        "EBIT": NaN,
        "Net Interest Income": NaN,
        "Interest Expense": NaN,
        "Normalized Income": NaN,
        "Net Income From Continuing And Discontinued Operation": NaN,
        "Total Expenses": NaN,
        "Diluted Average Shares": NaN,
        "Basic Average Shares": NaN,
        "Diluted EPS": NaN,
        "Basic EPS": NaN,
        "Diluted NI Availto Com Stockholders": NaN,
        "Net Income Common Stockholders": NaN,
        "Net Income": NaN,
        "Net Income Including Noncontrolling Interests": NaN,
        "Net Income Continuous Operations": NaN,
        "Tax Provision": NaN,
        "Pretax Income": NaN,
        "Other Income Expense": NaN,
        "Special Income Charges": 0.0,
        "Restructuring And Mergern Acquisition": 0.0,
        "Earnings From Equity Interest": 0.0,
        "Gain On Sale Of Security": NaN,
        "Net Non Operating Interest Income Expense": NaN,
        "Interest Expense Non Operating": NaN,
        "Operating Income": NaN,
        "Operating Expense": NaN,
        "Other Operating Expenses": NaN,
        "Selling General And Administration": NaN,
        "General And Administrative Expense": NaN,
        "Other Gand A": NaN,
        "Salaries And Wages": NaN,
        "Gross Profit": NaN,
        "Cost Of Revenue": NaN,
        "Total Revenue": NaN,
        "Operating Revenue": NaN
    },
    "2022-09-30": {
        "Tax Effect Of Unusual Items": NaN,
        "Tax Rate For Calcs": NaN,
        "Normalized EBITDA": NaN,
        "Total Unusual Items": NaN,
        "Total Unusual Items Excluding Goodwill": NaN,
        "Net Income From Continuing Operation Net Minority Interest": NaN,
        "Reconciled Depreciation": NaN,
        "Reconciled Cost Of Revenue": NaN,
        "EBITDA": NaN,
        "EBIT": NaN,
        "Net Interest Income": NaN,
        "Interest Expense": NaN,
        "Normalized Income": NaN,
        "Net Income From Continuing And Discontinued Operation": NaN,
        "Total Expenses": NaN,
        "Diluted Average Shares": NaN,
        "Basic Average Shares": NaN,
        "Diluted EPS": NaN,
        "Basic EPS": NaN,
        "Diluted NI Availto Com Stockholders": NaN,
        "Net Income Common Stockholders": NaN,
        "Net Income": NaN,
        "Net Income Including Noncontrolling Interests": NaN,
        "Net Income Continuous Operations": NaN,
        "Tax Provision": NaN,
        "Pretax Income": NaN,
        "Other Income Expense": NaN,
        "Special Income Charges": 0.0,
        "Restructuring And Mergern Acquisition": 0.0,
        "Earnings From Equity Interest": 0.0,
        "Gain On Sale Of Security": NaN,
        "Net Non Operating Interest Income Expense": NaN,
        "Interest Expense Non Operating": NaN,
        "Operating Income": NaN,
        "Operating Expense": NaN,
        "Other Operating Expenses": NaN,
        "Selling General And Administration": NaN,
        "General And Administrative Expense": NaN,
        "Other Gand A": NaN,
        "Salaries And Wages": NaN,
        "Gross Profit": NaN,
        "Cost Of Revenue": NaN,
        "Total Revenue": NaN,
        "Operating Revenue": NaN
    },
    "2022-06-30": {
        "Tax Effect Of Unusual Items": -78430000.0,
        "Tax Rate For Calcs": 0.23,
        "Normalized EBITDA": 6396000000.0,
        "Total Unusual Items": -341000000.0,
        "Total Unusual Items Excluding Goodwill": -341000000.0,
        "Net Income From Continuing Operation Net Minority Interest": 3502000000.0,
        "Reconciled Depreciation": 1363000000.0,
        "Reconciled Cost Of Revenue": 8669000000.0,
        "EBITDA": 6055000000.0,
        "EBIT": 4692000000.0,
        "Net Interest Income": -160000000.0,
        "Interest Expense": 160000000.0,
        "Normalized Income": 3764570000.0,
        "Net Income From Continuing And Discontinued Operation": 3502000000.0,
        "Total Expenses": 8779000000.0,
        "Diluted Average Shares": 1166575000.0,
        "Basic Average Shares": 1151111000.0,
        "Diluted EPS": 3.0,
        "Basic EPS": 3.04,
        "Diluted NI Availto Com Stockholders": 3502000000.0,
        "Net Income Common Stockholders": 3502000000.0,
        "Net Income": 3502000000.0,
        "Net Income Including Noncontrolling Interests": 3502000000.0,
        "Net Income Continuous Operations": 3502000000.0,
        "Tax Provision": 1030000000.0,
        "Pretax Income": 4532000000.0,
        "Other Income Expense": -341000000.0,
        "Special Income Charges": NaN,
        "Restructuring And Mergern Acquisition": NaN,
        "Earnings From Equity Interest": 0.0,
        "Gain On Sale Of Security": -341000000.0,
        "Net Non Operating Interest Income Expense": -160000000.0,
        "Interest Expense Non Operating": 160000000.0,
        "Operating Income": 5033000000.0,
        "Operating Expense": 110000000.0,
        "Other Operating Expenses": 58000000.0,
        "Selling General And Administration": 52000000.0,
        "General And Administrative Expense": 52000000.0,
        "Other Gand A": 97000000.0,
        "Salaries And Wages": -45000000.0,
        "Gross Profit": 5143000000.0,
        "Cost Of Revenue": 8669000000.0,
        "Total Revenue": 13812000000.0,
        "Operating Revenue": 13812000000.0
    },
    "2023-06-30": {
        "Tax Effect Of Unusual Items": 47260000.0,
        "Tax Rate For Calcs": 0.17,
        "Normalized EBITDA": 3069000000.0,
        "Total Unusual Items": 278000000.0,
        "Total Unusual Items Excluding Goodwill": 278000000.0,
        "Net Income From Continuing Operation Net Minority Interest": 1463000000.0,
        "Reconciled Depreciation": 1397000000.0,
        "Reconciled Cost Of Revenue": 6894000000.0,
        "EBITDA": 3347000000.0,
        "EBIT": 1950000000.0,
        "Net Interest Income": -178000000.0,
        "Interest Expense": 178000000.0,
        "Normalized Income": 1232260000.0,
        "Net Income From Continuing And Discontinued Operation": 1463000000.0,
        "Total Expenses": 7174000000.0,
        "Diluted Average Shares": 2211164000.0,
        "Basic Average Shares": 2190136000.0,
        "Diluted EPS": 0.66,
        "Basic EPS": 0.67,
        "Diluted NI Availto Com Stockholders": 1463000000.0,
        "Net Income Common Stockholders": 1463000000.0,
        "Net Income": 1463000000.0,
        "Net Income Including Noncontrolling Interests": 1463000000.0,
        "Net Income Continuous Operations": 1463000000.0,
        "Tax Provision": 309000000.0,
        "Pretax Income": 1772000000.0,
        "Other Income Expense": 278000000.0,
        "Gain On Sale Of Security": 278000000.0,
        "Net Non Operating Interest Income Expense": -178000000.0,
        "Interest Expense Non Operating": 178000000.0,
        "Operating Income": 1672000000.0,
        "Operating Expense": 280000000.0,
        "Other Operating Expenses": 91000000.0,
        "Selling General And Administration": 189000000.0,
        "General And Administrative Expense": 189000000.0,
        "Other Gand A": 119000000.0,
        "Salaries And Wages": 70000000.0,
        "Gross Profit": 1952000000.0,
        "Cost Of Revenue": 6894000000.0,
        "Total Revenue": 8846000000.0,
        "Operating Revenue": 8846000000.0
    },
    "2022-03-31": {
        "Diluted EPS": 2.08,
        "Total Revenue": NaN,
        "Gross Profit": NaN,
        "Operating Income": NaN,
        "EBIT": NaN,
        "Net Income": NaN
    },
    "2021-12-31": {
        "Diluted EPS": 1.7,
        "Total Revenue": NaN,
        "Gross Profit": NaN,
        "Operating Income": NaN,
        "EBIT": NaN,
        "Net Income": NaN
    },
    "2021-09-30": {
        "Diluted EPS": 1.48,
        "Total Revenue": NaN,
        "Gross Profit": NaN,
        "Operating Income": NaN,
        "EBIT": NaN,
        "Net Income": NaN
    },
    "2021-06-30": {
        "Diluted EPS": 1.06,
        "Total Revenue": NaN,
        "Gross Profit": NaN,
        "Operating Income": NaN,
        "EBIT": NaN,
        "Net Income": NaN
    },
    "2021-03-31": {
        "Diluted EPS": 0.92,
        "Total Revenue": NaN,
        "Gross Profit": NaN,
        "Operating Income": NaN,
        "EBIT": NaN,
        "Net Income": NaN
    },
    "2020-12-31": {
        "Diluted EPS": 0.45,
        "Total Revenue": NaN,
        "Gross Profit": NaN,
        "Operating Income": 145,
        "EBIT": NaN,
        "Net Income": 549
    },
    "2020-09-30": {
        "Diluted EPS": 0.26,
        "Total Revenue": NaN,
        "Gross Profit": NaN,
        "Operating Income": 309,
        "EBIT": NaN,
        "Net Income": 306
    },
    "2020-06-30": {
        "Diluted EPS": -0.19,
        "Total Revenue": NaN,
        "Gross Profit": 507,
        "Operating Income": -585,
        "EBIT": 389,
        "Net Income": -224
    },
    "2020-03-31": {
        "Diluted EPS": -0.81,
        "Total Revenue": NaN,
        "Gross Profit": NaN,
        "Operating Income": -48,
        "EBIT": NaN,
        "Net Income": -956
    },
    "2019-12-31": {
        "Diluted EPS": 0.4,
        "Total Revenue": NaN,
        "Gross Profit": NaN,
        "Operating Income": 781,
        "EBIT": NaN,
        "Net Income": 464
    },
    "2019-09-30": {
        "Diluted EPS": 0.66,
        "Total Revenue": NaN,
        "Gross Profit": NaN,
        "Operating Income": NaN,
        "EBIT": NaN,
        "Net Income": 778
    },
    "2019-06-30": {
        "Diluted EPS": 1.77,
        "Total Revenue": NaN,
        "Gross Profit": NaN,
        "Operating Income": NaN,
        "EBIT": NaN,
        "Net Income": NaN
    },
    "2019-03-31": {
        "Diluted EPS": 0.6,
        "Total Revenue": NaN,
        "Gross Profit": NaN,
        "Operating Income": 966,
        "EBIT": NaN,
        "Net Income": 723
    },
    "2018-12-31": {
        "Diluted EPS": -0.48,
        "Total Revenue": NaN,
        "Gross Profit": 890,
        "Operating Income": -68,
        "EBIT": 980,
        "Net Income": -603
    },
    "2018-09-30": {
        "Diluted EPS": 1.13,
        "Total Revenue": NaN,
        "Gross Profit": NaN,
        "Operating Income": NaN,
        "EBIT": NaN,
        "Net Income": NaN
    },
    "2018-06-30": {
        "Diluted EPS": 0.62,
        "Total Revenue": NaN,
        "Gross Profit": NaN,
        "Operating Income": NaN,
        "EBIT": NaN,
        "Net Income": 761
    },
    "2018-03-31": {
        "Diluted EPS": 0.37,
        "Total Revenue": NaN,
        "Gross Profit": NaN,
        "Operating Income": NaN,
        "EBIT": NaN,
        "Net Income": 461
    },
    "2017-12-31": {
        "Diluted EPS": 0.26,
        "Total Revenue": NaN,
        "Gross Profit": NaN,
        "Operating Income": 622,
        "EBIT": NaN,
        "Net Income": 321
    },
    "2017-09-30": {
        "Diluted EPS": 0.45,
        "Total Revenue": NaN,
        "Gross Profit": NaN,
        "Operating Income": 437,
        "EBIT": NaN,
        "Net Income": 546
    },
    "2017-06-30": {
        "Diluted EPS": 0.69,
        "Total Revenue": NaN,
        "Gross Profit": NaN,
        "Operating Income": 502,
        "EBIT": NaN,
        "Net Income": 797
    },
    "2017-03-31": {
        "Diluted EPS": 0.17,
        "Total Revenue": NaN,
        "Gross Profit": NaN,
        "Operating Income": 366,
        "EBIT": NaN,
        "Net Income": 185
    },
    "2016-12-31": {
        "Diluted EPS": 0.39,
        "Total Revenue": NaN,
        "Gross Profit": NaN,
        "Operating Income": 317,
        "EBIT": NaN,
        "Net Income": 436
    },
    "2016-09-30": {
        "Diluted EPS": -0.22,
        "Total Revenue": NaN,
        "Gross Profit": 688,
        "Operating Income": -364,
        "EBIT": 547,
        "Net Income": -250
    },
    "2016-06-30": {
        "Diluted EPS": -0.24,
        "Total Revenue": NaN,
        "Gross Profit": 830,
        "Operating Income": -246,
        "EBIT": 722,
        "Net Income": -263
    },
    "2016-03-31": {
        "Diluted EPS": -0.07,
        "Total Revenue": NaN,
        "Gross Profit": 471,
        "Operating Income": -566,
        "EBIT": 323,
        "Net Income": -77
    },
    "2015-12-31": {
        "Diluted EPS": 0.09,
        "Total Revenue": NaN,
        "Gross Profit": 962,
        "Operating Income": -257,
        "EBIT": 969,
        "Net Income": 98
    },
    "2015-09-30": {
        "Diluted EPS": -0.08,
        "Total Revenue": NaN,
        "Gross Profit": NaN,
        "Operating Income": 174,
        "EBIT": NaN,
        "Net Income": -85
    },
    "2015-06-30": {
        "Diluted EPS": -0.3,
        "Total Revenue": NaN,
        "Gross Profit": NaN,
        "Operating Income": 247,
        "EBIT": NaN,
        "Net Income": -329
    },
    "2015-03-31": {
        "Diluted EPS": -0.19,
        "Total Revenue": NaN,
        "Gross Profit": NaN,
        "Operating Income": -77,
        "EBIT": NaN,
        "Net Income": -209
    },
    "2014-12-31": {
        "Diluted EPS": 0.87,
        "Total Revenue": NaN,
        "Gross Profit": NaN,
        "Operating Income": 896,
        "EBIT": NaN,
        "Net Income": 959
    },
    "2014-09-30": {
        "Diluted EPS": 0.82,
        "Total Revenue": NaN,
        "Gross Profit": NaN,
        "Operating Income": NaN,
        "EBIT": NaN,
        "Net Income": 910
    },
    "2014-06-30": {
        "Diluted EPS": 0.89,
        "Total Revenue": NaN,
        "Gross Profit": NaN,
        "Operating Income": NaN,
        "EBIT": NaN,
        "Net Income": 977
    },
    "2014-03-31": {
        "Diluted EPS": 0.52,
        "Total Revenue": NaN,
        "Gross Profit": NaN,
        "Operating Income": NaN,
        "EBIT": NaN,
        "Net Income": 571
    },
    "2013-12-31": {
        "Diluted EPS": 0.34,
        "Total Revenue": NaN,
        "Gross Profit": NaN,
        "Operating Income": 831,
        "EBIT": NaN,
        "Net Income": 373
    },
    "2013-09-30": {
        "Diluted EPS": 1.03,
        "Total Revenue": NaN,
        "Gross Profit": NaN,
        "Operating Income": NaN,
        "EBIT": NaN,
        "Net Income": NaN
    },
    "2013-06-30": {
        "Diluted EPS": 0.42,
        "Total Revenue": NaN,
        "Gross Profit": NaN,
        "Operating Income": 696,
        "EBIT": NaN,
        "Net Income": 461
    },
    "2013-03-31": {
        "Diluted EPS": 0.19,
        "Total Revenue": NaN,
        "Gross Profit": NaN,
        "Operating Income": 758,
        "EBIT": NaN,
        "Net Income": 211
    },
    "2012-12-31": {
        "Diluted EPS": 0.31,
        "Total Revenue": NaN,
        "Gross Profit": NaN,
        "Operating Income": 883,
        "EBIT": NaN,
        "Net Income": 342
    },
    "2012-09-30": {
        "Diluted EPS": 0.33,
        "Total Revenue": NaN,
        "Gross Profit": NaN,
        "Operating Income": NaN,
        "EBIT": NaN,
        "Net Income": 363
    },
    "2012-06-30": {
        "Diluted EPS": 0.68,
        "Total Revenue": NaN,
        "Gross Profit": NaN,
        "Operating Income": 946,
        "EBIT": NaN,
        "Net Income": 756
    },
    "2012-03-31": {
        "Diluted EPS": 0.39,
        "Total Revenue": NaN,
        "Gross Profit": NaN,
        "Operating Income": NaN,
        "EBIT": NaN,
        "Net Income": 434
    },
    "2011-12-31": {
        "Diluted EPS": 0.76,
        "Total Revenue": NaN,
        "Gross Profit": NaN,
        "Operating Income": NaN,
        "EBIT": NaN,
        "Net Income": 831
    },
    "2011-09-30": {
        "Diluted EPS": 0.75,
        "Total Revenue": NaN,
        "Gross Profit": NaN,
        "Operating Income": NaN,
        "EBIT": NaN,
        "Net Income": 826
    },
    "2011-06-30": {
        "Diluted EPS": 0.88,
        "Total Revenue": NaN,
        "Gross Profit": NaN,
        "Operating Income": NaN,
        "EBIT": NaN,
        "Net Income": 968
    },
    "2011-03-31": {
        "Diluted EPS": 0.04,
        "Total Revenue": NaN,
        "Gross Profit": NaN,
        "Operating Income": 526,
        "EBIT": NaN,
        "Net Income": 48
    },
    "2010-12-31": {
        "Diluted EPS": -0.39,
        "Total Revenue": NaN,
        "Gross Profit": NaN,
        "Operating Income": NaN,
        "EBIT": NaN,
        "Net Income": -427
    },
    "2010-09-30": {
        "Diluted EPS": 0.53,
        "Total Revenue": NaN,
        "Gross Profit": NaN,
        "Operating Income": NaN,
        "EBIT": NaN,
        "Net Income": 575
    },
    "2010-06-30": {
        "Diluted EPS": 0.6,
        "Total Revenue": NaN,
        "Gross Profit": NaN,
        "Operating Income": NaN,
        "EBIT": NaN,
        "Net Income": 653
    },
    "2010-03-31": {
        "Diluted EPS": 0.78,
        "Total Revenue": NaN,
        "Gross Profit": NaN,
        "Operating Income": NaN,
        "EBIT": NaN,
        "Net Income": 842
    },
    "2009-12-31": {
        "Diluted EPS": 0.41,
        "Total Revenue": NaN,
        "Gross Profit": NaN,
        "Operating Income": 806,
        "EBIT": NaN,
        "Net Income": 441
    },
    "2009-09-30": {
        "Diluted EPS": 0.57,
        "Total Revenue": NaN,
        "Gross Profit": NaN,
        "Operating Income": NaN,
        "EBIT": NaN,
        "Net Income": 618
    },
    "2009-06-30": {
        "Diluted EPS": 0.13,
        "Total Revenue": NaN,
        "Gross Profit": NaN,
        "Operating Income": 561,
        "EBIT": NaN,
        "Net Income": 139
    },
    "2009-03-31": {
        "Diluted EPS": 0.23,
        "Total Revenue": NaN,
        "Gross Profit": 876,
        "Operating Income": 299,
        "EBIT": 820,
        "Net Income": 246
    },
    "2023-09-30": {
        "Tax Effect Of Unusual Items": -47970765.808707,
        "Tax Rate For Calcs": 0.255164,
        "Normalized EBITDA": 5059000000.0,
        "Total Unusual Items": -188000000.0,
        "Total Unusual Items Excluding Goodwill": -188000000.0,
        "Net Income From Continuing Operation Net Minority Interest": 2344000000.0,
        "Reconciled Depreciation": 1537000000.0,
        "Reconciled Cost Of Revenue": 7742000000.0,
        "EBITDA": 4871000000.0,
        "EBIT": 3334000000.0,
        "Net Interest Income": -187000000.0,
        "Interest Expense": 187000000.0,
        "Normalized Income": 2484029234.191293,
        "Net Income From Continuing And Discontinued Operation": 2344000000.0,
        "Total Expenses": 8240000000.0,
        "Diluted Average Shares": 2201586000.0,
        "Basic Average Shares": 2180263000.0,
        "Diluted EPS": 1.06,
        "Basic EPS": 1.08,
        "Diluted NI Availto Com Stockholders": 2344000000.0,
        "Net Income Common Stockholders": 2344000000.0,
        "Net Income": 2344000000.0,
        "Net Income Including Noncontrolling Interests": 2344000000.0,
        "Net Income Continuous Operations": 2344000000.0,
        "Tax Provision": 803000000.0,
        "Pretax Income": 3147000000.0,
        "Other Income Expense": -188000000.0,
        "Gain On Sale Of Security": -188000000.0,
        "Net Non Operating Interest Income Expense": -187000000.0,
        "Interest Expense Non Operating": 187000000.0,
        "Operating Income": 3522000000.0,
        "Operating Expense": 498000000.0,
        "Other Operating Expenses": 92000000.0,
        "Selling General And Administration": 406000000.0,
        "General And Administrative Expense": 406000000.0,
        "Other Gand A": 108000000.0,
        "Salaries And Wages": 298000000.0,
        "Gross Profit": 4020000000.0,
        "Cost Of Revenue": 7742000000.0,
        "Total Revenue": 11762000000.0,
        "Operating Revenue": 11762000000.0
    },
    "2023-12-31": {
        "Tax Effect Of Unusual Items": 28534482.758621,
        "Tax Rate For Calcs": 0.1119,
        "Normalized EBITDA": 4936000000.0,
        "Total Unusual Items": 255000000.0,
        "Total Unusual Items Excluding Goodwill": 255000000.0,
        "Net Income From Continuing Operation Net Minority Interest": 2627000000.0,
        "Reconciled Depreciation": 2061000000.0,
        "Reconciled Cost Of Revenue": 7592000000.0,
        "EBITDA": 5191000000.0,
        "EBIT": 3130000000.0,
        "Net Interest Income": -117000000.0,
        "Interest Expense": 172000000.0,
        "Normalized Income": 2400534482.758621,
        "Net Income From Continuing And Discontinued Operation": 2627000000.0,
        "Total Expenses": 7859000000.0,
        "Diluted Average Shares": 2179652000.0,
        "Basic Average Shares": 2159648000.0,
        "Diluted EPS": 1.205,
        "Basic EPS": 1.215,
        "Diluted NI Availto Com Stockholders": 2627000000.0,
        "Net Income Common Stockholders": 2627000000.0,
        "Net Income": 2627000000.0,
        "Net Income Including Noncontrolling Interests": 2627000000.0,
        "Net Income Continuous Operations": 2627000000.0,
        "Tax Provision": 331000000.0,
        "Pretax Income": 2958000000.0,
        "Other Income Expense": 255000000.0,
        "Gain On Sale Of Security": 255000000.0,
        "Net Non Operating Interest Income Expense": -117000000.0,
        "Interest Expense Non Operating": 172000000.0,
        "Operating Income": 2820000000.0,
        "Operating Expense": 267000000.0,
        "Other Operating Expenses": 91000000.0,
        "Selling General And Administration": 176000000.0,
        "General And Administrative Expense": 176000000.0,
        "Other Gand A": 119000000.0,
        "Salaries And Wages": 57000000.0,
        "Gross Profit": 3087000000.0,
        "Cost Of Revenue": 7592000000.0,
        "Total Revenue": 10679000000.0,
        "Operating Revenue": 10679000000.0
    },
    "2024-03-31": {
        "Tax Effect Of Unusual Items": -61894176.136364,
        "Tax Rate For Calcs": 0.299006,
        "Normalized EBITDA": 3286000000.0,
        "Total Unusual Items": -207000000.0,
        "Total Unusual Items Excluding Goodwill": -207000000.0,
        "Net Income From Continuing Operation Net Minority Interest": 987000000.0,
        "Reconciled Depreciation": 1533000000.0,
        "Reconciled Cost Of Revenue": 7152000000.0,
        "EBITDA": 3079000000.0,
        "EBIT": 1546000000.0,
        "Net Interest Income": -138000000.0,
        "Interest Expense": 138000000.0,
        "Normalized Income": 1132105823.863636,
        "Net Income From Continuing And Discontinued Operation": 987000000.0,
        "Total Expenses": 7669000000.0,
        "Diluted Average Shares": 2159285000.0,
        "Basic Average Shares": 2142086000.0,
        "Diluted EPS": 0.46,
        "Basic EPS": 0.46,
        "Diluted NI Availto Com Stockholders": 987000000.0,
        "Net Income Common Stockholders": 987000000.0,
        "Net Income": 987000000.0,
        "Net Income Including Noncontrolling Interests": 987000000.0,
        "Net Income Continuous Operations": 987000000.0,
        "Tax Provision": 421000000.0,
        "Pretax Income": 1408000000.0,
        "Other Income Expense": -207000000.0,
        "Gain On Sale Of Security": -207000000.0,
        "Net Non Operating Interest Income Expense": -138000000.0,
        "Interest Expense Non Operating": 138000000.0,
        "Operating Income": 1753000000.0,
        "Operating Expense": 517000000.0,
        "Other Operating Expenses": 97000000.0,
        "Selling General And Administration": 420000000.0,
        "General And Administrative Expense": 420000000.0,
        "Other Gand A": 126000000.0,
        "Salaries And Wages": 294000000.0,
        "Gross Profit": 2270000000.0,
        "Cost Of Revenue": 7152000000.0,
        "Total Revenue": 9422000000.0,
        "Operating Revenue": 9422000000.0
    },
    "2024-06-30": {
        "Tax Effect Of Unusual Items": NaN,
        "Tax Rate For Calcs": NaN,
        "Normalized EBITDA": NaN,
        "Total Unusual Items": NaN,
        "Total Unusual Items Excluding Goodwill": NaN,
        "Net Income From Continuing Operation Net Minority Interest": NaN,
        "Reconciled Depreciation": NaN,
        "Reconciled Cost Of Revenue": NaN,
        "EBITDA": NaN,
        "EBIT": NaN,
        "Net Interest Income": NaN,
        "Interest Expense": NaN,
        "Normalized Income": NaN,
        "Net Income From Continuing And Discontinued Operation": NaN,
        "Total Expenses": NaN,
        "Diluted Average Shares": NaN,
        "Basic Average Shares": NaN,
        "Diluted EPS": NaN,
        "Basic EPS": NaN,
        "Diluted NI Availto Com Stockholders": NaN,
        "Net Income Common Stockholders": NaN,
        "Net Income": NaN,
        "Net Income Including Noncontrolling Interests": NaN,
        "Net Income Continuous Operations": NaN,
        "Tax Provision": NaN,
        "Pretax Income": NaN,
        "Other Income Expense": NaN,
        "Special Income Charges": 0.0,
        "Restructuring And Mergern Acquisition": 0.0,
        "Gain On Sale Of Security": NaN,
        "Net Non Operating Interest Income Expense": NaN,
        "Interest Expense Non Operating": NaN,
        "Operating Income": NaN,
        "Operating Expense": NaN,
        "Other Operating Expenses": NaN,
        "Selling General And Administration": NaN,
        "General And Administrative Expense": NaN,
        "Other Gand A": NaN,
        "Salaries And Wages": NaN,
        "Gross Profit": NaN,
        "Cost Of Revenue": NaN,
        "Total Revenue": NaN,
        "Operating Revenue": NaN
    },
    "2024-09-30": {
        "Tax Effect Of Unusual Items": 26410000.0,
        "Tax Rate For Calcs": 0.19,
        "Normalized EBITDA": 4422000000.0,
        "Total Unusual Items": 139000000.0,
        "Total Unusual Items Excluding Goodwill": 139000000.0,
        "Net Income From Continuing Operation Net Minority Interest": 2266000000.0,
        "Reconciled Depreciation": 1598000000.0,
        "Reconciled Cost Of Revenue": 7400000000.0,
        "EBITDA": 4561000000.0,
        "EBIT": 2963000000.0,
        "Net Interest Income": -154000000.0,
        "Interest Expense": 154000000.0,
        "Normalized Income": 2153410000.0,
        "Net Income From Continuing And Discontinued Operation": 2266000000.0,
        "Total Expenses": 7577000000.0,
        "Diluted Average Shares": 2133063000.0,
        "Basic Average Shares": 2119970000.0,
        "Diluted EPS": 1.06,
        "Basic EPS": 1.07,
        "Diluted NI Availto Com Stockholders": 2266000000.0,
        "Net Income Common Stockholders": 2266000000.0,
        "Net Income": 2266000000.0,
        "Net Income Including Noncontrolling Interests": 2266000000.0,
        "Net Income Continuous Operations": 2266000000.0,
        "Tax Provision": 543000000.0,
        "Pretax Income": 2809000000.0,
        "Other Income Expense": 139000000.0,
        "Special Income Charges": NaN,
        "Restructuring And Mergern Acquisition": NaN,
        "Gain On Sale Of Security": 139000000.0,
        "Net Non Operating Interest Income Expense": -154000000.0,
        "Interest Expense Non Operating": 154000000.0,
        "Operating Income": 2824000000.0,
        "Operating Expense": 177000000.0,
        "Other Operating Expenses": 97000000.0,
        "Selling General And Administration": 80000000.0,
        "General And Administrative Expense": 80000000.0,
        "Other Gand A": 126000000.0,
        "Salaries And Wages": -46000000.0,
        "Gross Profit": 3001000000.0,
        "Cost Of Revenue": 7400000000.0,
        "Total Revenue": 10401000000.0,
        "Operating Revenue": 10401000000.0
    },
    "2024-12-31": {
        "Tax Effect Of Unusual Items": -243490542.244641,
        "Tax Rate For Calcs": 0.282472,
        "Normalized EBITDA": 4572000000.0,
        "Total Unusual Items": -862000000.0,
        "Total Unusual Items Excluding Goodwill": -862000000.0,
        "Net Income From Continuing Operation Net Minority Interest": 1138000000.0,
        "Reconciled Depreciation": 1901000000.0,
        "Reconciled Cost Of Revenue": 8205000000.0,
        "EBITDA": 3710000000.0,
        "EBIT": 1809000000.0,
        "Net Interest Income": -142000000.0,
        "Interest Expense": 223000000.0,
        "Normalized Income": 1756509457.755359,
        "Net Income From Continuing And Discontinued Operation": 1138000000.0,
        "Total Expenses": 8474000000.0,
        "Diluted Average Shares": 2120383000.0,
        "Basic Average Shares": 2108047000.0,
        "Diluted EPS": 0.54,
        "Basic EPS": 0.54,
        "Diluted NI Availto Com Stockholders": 1138000000.0,
        "Net Income Common Stockholders": 1138000000.0,
        "Net Income": 1138000000.0,
        "Net Income Including Noncontrolling Interests": 1138000000.0,
        "Net Income Continuous Operations": 1138000000.0,
        "Tax Provision": 448000000.0,
        "Pretax Income": 1586000000.0,
        "Other Income Expense": -862000000.0,
        "Special Income Charges": NaN,
        "Restructuring And Mergern Acquisition": NaN,
        "Gain On Sale Of Security": -862000000.0,
        "Net Non Operating Interest Income Expense": -142000000.0,
        "Interest Expense Non Operating": 223000000.0,
        "Operating Income": 2590000000.0,
        "Operating Expense": 269000000.0,
        "Other Operating Expenses": 98000000.0,
        "Selling General And Administration": 171000000.0,
        "General And Administrative Expense": 171000000.0,
        "Other Gand A": 127000000.0,
        "Salaries And Wages": 44000000.0,
        "Gross Profit": 2859000000.0,
        "Cost Of Revenue": 8205000000.0,
        "Total Revenue": 11064000000.0,
        "Operating Revenue": 11064000000.0
    },
    "2025-03-31": {
        "Tax Effect Of Unusual Items": 14070000.0,
        "Tax Rate For Calcs": 0.21,
        "Normalized EBITDA": 5158000000.0,
        "Total Unusual Items": 67000000.0,
        "Total Unusual Items Excluding Goodwill": 67000000.0,
        "Net Income From Continuing Operation Net Minority Interest": 2458000000.0,
        "Reconciled Depreciation": 1870000000.0,
        "Reconciled Cost Of Revenue": 9155000000.0,
        "EBITDA": 5225000000.0,
        "EBIT": 3355000000.0,
        "Net Interest Income": -258000000.0,
        "Interest Expense": 258000000.0,
        "Normalized Income": 2405070000.0,
        "Net Income From Continuing And Discontinued Operation": 2458000000.0,
        "Total Expenses": 9424000000.0,
        "Diluted Average Shares": 2109077000.0,
        "Basic Average Shares": 2100540000.0,
        "Diluted EPS": 1.17,
        "Basic EPS": 1.17,
        "Diluted NI Availto Com Stockholders": 2458000000.0,
        "Net Income Common Stockholders": 2458000000.0,
        "Net Income": 2458000000.0,
        "Net Income Including Noncontrolling Interests": 2458000000.0,
        "Net Income Continuous Operations": 2458000000.0,
        "Tax Provision": 639000000.0,
        "Pretax Income": 3097000000.0,
        "Other Income Expense": 67000000.0,
        "Special Income Charges": NaN,
        "Restructuring And Mergern Acquisition": NaN,
        "Gain On Sale Of Security": 67000000.0,
        "Net Non Operating Interest Income Expense": -258000000.0,
        "Interest Expense Non Operating": 258000000.0,
        "Operating Income": 3288000000.0,
        "Operating Expense": 269000000.0,
        "Other Operating Expenses": 91000000.0,
        "Selling General And Administration": 178000000.0,
        "General And Administrative Expense": 178000000.0,
        "Other Gand A": 152000000.0,
        "Salaries And Wages": 26000000.0,
        "Gross Profit": 3557000000.0,
        "Cost Of Revenue": 9155000000.0,
        "Total Revenue": 12712000000.0,
        "Operating Revenue": 12712000000.0
    },
    "2025-06-30": {
        "Tax Effect Of Unusual Items": 118440000.0,
        "Tax Rate For Calcs": 0.12,
        "Normalized EBITDA": 3825000000.0,
        "Total Unusual Items": 987000000.0,
        "Total Unusual Items Excluding Goodwill": 987000000.0,
        "Net Income From Continuing Operation Net Minority Interest": 2459000000.0,
        "Reconciled Depreciation": 1765000000.0,
        "Reconciled Cost Of Revenue": 7366000000.0,
        "EBITDA": 4812000000.0,
        "EBIT": 3047000000.0,
        "Net Interest Income": -238000000.0,
        "Interest Expense": 238000000.0,
        "Normalized Income": 1590440000.0,
        "Net Income From Continuing And Discontinued Operation": 2459000000.0,
        "Total Expenses": 7615000000.0,
        "Diluted Average Shares": 2099665000.0,
        "Basic Average Shares": 2093135000.0,
        "Diluted EPS": 1.17,
        "Basic EPS": 1.17,
        "Diluted NI Availto Com Stockholders": 2459000000.0,
        "Net Income Common Stockholders": 2459000000.0,
        "Net Income": 2459000000.0,
        "Net Income Including Noncontrolling Interests": 2459000000.0,
        "Net Income Continuous Operations": 2459000000.0,
        "Tax Provision": 350000000.0,
        "Pretax Income": 2809000000.0,
        "Other Income Expense": 987000000.0,
        "Special Income Charges": 80000000.0,
        "Restructuring And Mergern Acquisition": -80000000.0,
        "Gain On Sale Of Security": 907000000.0,
        "Net Non Operating Interest Income Expense": -238000000.0,
        "Interest Expense Non Operating": 238000000.0,
        "Operating Income": 2060000000.0,
        "Operating Expense": 249000000.0,
        "Other Operating Expenses": 90000000.0,
        "Selling General And Administration": 159000000.0,
        "General And Administrative Expense": 159000000.0,
        "Other Gand A": 151000000.0,
        "Salaries And Wages": 8000000.0,
        "Gross Profit": 2309000000.0,
        "Cost Of Revenue": 7366000000.0,
        "Total Revenue": 9675000000.0,
        "Operating Revenue": 9675000000.0
    },
    "2025-09-30": {
        "Tax Effect Of Unusual Items": -75600000.0,
        "Tax Rate For Calcs": 0.15,
        "Normalized EBITDA": 4295000000.0,
        "Total Unusual Items": -504000000.0,
        "Total Unusual Items Excluding Goodwill": -504000000.0,
        "Net Income From Continuing Operation Net Minority Interest": 600000000.0,
        "Reconciled Depreciation": 3211000000.0,
        "Reconciled Cost Of Revenue": 9676000000.0,
        "EBITDA": 3791000000.0,
        "EBIT": 580000000.0,
        "Net Interest Income": -93000000.0,
        "Interest Expense": 93000000.0,
        "Normalized Income": 1028400000.0,
        "Net Income From Continuing And Discontinued Operation": 600000000.0,
        "Total Expenses": 9986000000.0,
        "Diluted Average Shares": 2093990000.0,
        "Basic Average Shares": 2087944000.0,
        "Diluted EPS": 0.29,
        "Basic EPS": 0.29,
        "Diluted NI Availto Com Stockholders": 600000000.0,
        "Net Income Common Stockholders": 600000000.0,
        "Net Income": 600000000.0,
        "Net Income Including Noncontrolling Interests": 600000000.0,
        "Net Income Continuous Operations": 600000000.0,
        "Tax Provision": -113000000.0,
        "Pretax Income": 487000000.0,
        "Other Income Expense": -504000000.0,
        "Special Income Charges": 0.0,
        "Restructuring And Mergern Acquisition": 0.0,
        "Gain On Sale Of Security": -504000000.0,
        "Net Non Operating Interest Income Expense": -93000000.0,
        "Interest Expense Non Operating": 93000000.0,
        "Operating Income": 1084000000.0,
        "Operating Expense": 310000000.0,
        "Other Operating Expenses": 95000000.0,
        "Selling General And Administration": 215000000.0,
        "General And Administrative Expense": 215000000.0,
        "Other Gand A": 152000000.0,
        "Salaries And Wages": 63000000.0,
        "Gross Profit": 1394000000.0,
        "Cost Of Revenue": 9676000000.0,
        "Total Revenue": 11070000000.0,
        "Operating Revenue": 11070000000.0
    }
}