{
    "2024-09-30": {
        "Tax Effect Of Unusual Items": 27280.0,
        "Tax Rate For Calcs": 0.155,
        "Normalized EBITDA": 170988000.0,
        "Total Unusual Items": 176000.0,
        "Total Unusual Items Excluding Goodwill": 176000.0,
        "Net Income From Continuing Operation Net Minority Interest": 95632000.0,
        "Reconciled Depreciation": 53329000.0,
        "Reconciled Cost Of Revenue": 116735000.0,
        "EBITDA": 171164000.0,
        "EBIT": 117835000.0,
        "Net Interest Income": -4664000.0,
        "Interest Expense": 4664000.0,
        "Interest Income": NaN,
        "Normalized Income": 95483280.0,
        "Net Income From Continuing And Discontinued Operation": 95632000.0,
        "Total Expenses": 457020000.0,
        "Total Operating Income As Reported": NaN,
        "Diluted Average Shares": 29702055.0,
        "Basic Average Shares": 29580649.0,
        "Diluted EPS": 3.22,
        "Basic EPS": 3.23,
        "Diluted NI Availto Com Stockholders": 95632000.0,
        "Net Income Common Stockholders": 95632000.0,
        "Net Income": 95632000.0,
        "Net Income Including Noncontrolling Interests": 95632000.0,
        "Net Income Continuous Operations": 95632000.0,
        "Tax Provision": 17539000.0,
        "Pretax Income": 113171000.0,
        "Other Income Expense": 25220000.0,
        "Other Non Operating Income Expenses": 25044000.0,
        "Special Income Charges": 176000.0,
        "Gain On Sale Of Ppe": 176000.0,
        "Other Special Charges": NaN,
        "Restructuring And Mergern Acquisition": NaN,
        "Net Non Operating Interest Income Expense": -4664000.0,
        "Interest Expense Non Operating": 4664000.0,
        "Interest Income Non Operating": NaN,
        "Operating Income": 92615000.0,
        "Operating Expense": 340285000.0,
        "Other Operating Expenses": 304134000.0,
        "Selling General And Administration": 36151000.0,
        "General And Administrative Expense": 36151000.0,
        "Other Gand A": 36151000.0,
        "Gross Profit": 432900000.0,
        "Cost Of Revenue": 116735000.0,
        "Total Revenue": 549635000.0,
        "Operating Revenue": 549635000.0
    },
    "2024-06-30": {
        "Tax Effect Of Unusual Items": 0.0,
        "Tax Rate For Calcs": 0.134555,
        "Normalized EBITDA": 126928000.0,
        "Total Unusual Items": 0.0,
        "Total Unusual Items Excluding Goodwill": 0.0,
        "Net Income From Continuing Operation Net Minority Interest": 58061000.0,
        "Reconciled Depreciation": 54847000.0,
        "Reconciled Cost Of Revenue": 398884000.0,
        "EBITDA": 126928000.0,
        "EBIT": 72081000.0,
        "Net Interest Income": -366000.0,
        "Interest Expense": 4993000.0,
        "Interest Income": 4627000.0,
        "Normalized Income": 58061000.0,
        "Net Income From Continuing And Discontinued Operation": 58061000.0,
        "Total Expenses": 418866000.0,
        "Total Operating Income As Reported": 71854000.0,
        "Diluted Average Shares": 29686066.0,
        "Basic Average Shares": 29584862.0,
        "Diluted EPS": 1.96,
        "Basic EPS": 1.96,
        "Diluted NI Availto Com Stockholders": 58061000.0,
        "Net Income Common Stockholders": 58061000.0,
        "Net Income": 58061000.0,
        "Net Income Including Noncontrolling Interests": 58061000.0,
        "Net Income Continuous Operations": 58061000.0,
        "Tax Provision": 9027000.0,
        "Pretax Income": 67088000.0,
        "Other Income Expense": -4400000.0,
        "Other Non Operating Income Expenses": -4400000.0,
        "Special Income Charges": 0.0,
        "Gain On Sale Of Ppe": 707000.0,
        "Other Special Charges": NaN,
        "Restructuring And Mergern Acquisition": NaN,
        "Net Non Operating Interest Income Expense": -366000.0,
        "Interest Expense Non Operating": 4993000.0,
        "Interest Income Non Operating": 4627000.0,
        "Operating Income": 71854000.0,
        "Operating Expense": 19982000.0,
        "Other Operating Expenses": -903000.0,
        "Selling General And Administration": 20885000.0,
        "General And Administrative Expense": 20885000.0,
        "Other Gand A": 20885000.0,
        "Gross Profit": 91836000.0,
        "Cost Of Revenue": 398884000.0,
        "Total Revenue": 490720000.0,
        "Operating Revenue": 490720000.0
    },
    "2024-03-31": {
        "Tax Effect Of Unusual Items": NaN,
        "Tax Rate For Calcs": NaN,
        "Normalized EBITDA": NaN,
        "Total Unusual Items": NaN,
        "Total Unusual Items Excluding Goodwill": NaN,
        "Net Income From Continuing Operation Net Minority Interest": NaN,
        "Reconciled Depreciation": NaN,
        "Reconciled Cost Of Revenue": NaN,
        "EBITDA": NaN,
        "EBIT": NaN,
        "Net Interest Income": NaN,
        "Interest Expense": NaN,
        "Interest Income": 4502000.0,
        "Normalized Income": NaN,
        "Net Income From Continuing And Discontinued Operation": NaN,
        "Total Expenses": NaN,
        "Total Operating Income As Reported": 124039000.0,
        "Diluted Average Shares": NaN,
        "Basic Average Shares": NaN,
        "Diluted EPS": NaN,
        "Basic EPS": NaN,
        "Diluted NI Availto Com Stockholders": NaN,
        "Net Income Common Stockholders": NaN,
        "Net Income": NaN,
        "Net Income Including Noncontrolling Interests": NaN,
        "Net Income Continuous Operations": NaN,
        "Tax Provision": NaN,
        "Pretax Income": NaN,
        "Other Income Expense": NaN,
        "Other Non Operating Income Expenses": NaN,
        "Special Income Charges": NaN,
        "Gain On Sale Of Ppe": 6077000.0,
        "Other Special Charges": NaN,
        "Restructuring And Mergern Acquisition": 0.0,
        "Net Non Operating Interest Income Expense": NaN,
        "Interest Expense Non Operating": NaN,
        "Interest Income Non Operating": 4502000.0,
        "Operating Income": NaN,
        "Operating Expense": NaN,
        "Other Operating Expenses": NaN,
        "Selling General And Administration": NaN,
        "General And Administrative Expense": NaN,
        "Other Gand A": NaN,
        "Gross Profit": NaN,
        "Cost Of Revenue": NaN,
        "Total Revenue": NaN,
        "Operating Revenue": NaN
    },
    "2023-12-31": {
        "Tax Effect Of Unusual Items": NaN,
        "Tax Rate For Calcs": NaN,
        "Normalized EBITDA": NaN,
        "Total Unusual Items": NaN,
        "Total Unusual Items Excluding Goodwill": NaN,
        "Net Income From Continuing Operation Net Minority Interest": NaN,
        "Reconciled Depreciation": NaN,
        "Reconciled Cost Of Revenue": NaN,
        "EBITDA": NaN,
        "EBIT": NaN,
        "Net Interest Income": NaN,
        "Interest Expense": NaN,
        "Interest Income": NaN,
        "Normalized Income": NaN,
        "Net Income From Continuing And Discontinued Operation": NaN,
        "Total Expenses": NaN,
        "Total Operating Income As Reported": NaN,
        "Diluted Average Shares": NaN,
        "Basic Average Shares": NaN,
        "Diluted EPS": NaN,
        "Basic EPS": NaN,
        "Diluted NI Availto Com Stockholders": NaN,
        "Net Income Common Stockholders": NaN,
        "Net Income": NaN,
        "Net Income Including Noncontrolling Interests": NaN,
        "Net Income Continuous Operations": NaN,
        "Tax Provision": NaN,
        "Pretax Income": NaN,
        "Other Income Expense": NaN,
        "Other Non Operating Income Expenses": NaN,
        "Special Income Charges": NaN,
        "Gain On Sale Of Ppe": 1899000.0,
        "Other Special Charges": 0.0,
        "Restructuring And Mergern Acquisition": NaN,
        "Net Non Operating Interest Income Expense": NaN,
        "Interest Expense Non Operating": NaN,
        "Interest Income Non Operating": NaN,
        "Operating Income": NaN,
        "Operating Expense": NaN,
        "Other Operating Expenses": NaN,
        "Selling General And Administration": NaN,
        "General And Administrative Expense": NaN,
        "Other Gand A": NaN,
        "Gross Profit": NaN,
        "Cost Of Revenue": NaN,
        "Total Revenue": NaN,
        "Operating Revenue": NaN
    },
    "2023-09-30": {
        "Tax Effect Of Unusual Items": NaN,
        "Tax Rate For Calcs": NaN,
        "Normalized EBITDA": NaN,
        "Total Unusual Items": NaN,
        "Total Unusual Items Excluding Goodwill": NaN,
        "Net Income From Continuing Operation Net Minority Interest": NaN,
        "Reconciled Depreciation": NaN,
        "Reconciled Cost Of Revenue": NaN,
        "EBITDA": NaN,
        "EBIT": NaN,
        "Net Interest Income": NaN,
        "Interest Expense": NaN,
        "Interest Income": NaN,
        "Normalized Income": NaN,
        "Net Income From Continuing And Discontinued Operation": NaN,
        "Total Expenses": NaN,
        "Total Operating Income As Reported": NaN,
        "Diluted Average Shares": NaN,
        "Basic Average Shares": NaN,
        "Diluted EPS": NaN,
        "Basic EPS": NaN,
        "Diluted NI Availto Com Stockholders": NaN,
        "Net Income Common Stockholders": NaN,
        "Net Income": NaN,
        "Net Income Including Noncontrolling Interests": NaN,
        "Net Income Continuous Operations": NaN,
        "Tax Provision": NaN,
        "Pretax Income": NaN,
        "Other Income Expense": NaN,
        "Other Non Operating Income Expenses": NaN,
        "Special Income Charges": NaN,
        "Gain On Sale Of Ppe": NaN,
        "Other Special Charges": 662000.0,
        "Restructuring And Mergern Acquisition": NaN,
        "Net Non Operating Interest Income Expense": NaN,
        "Interest Expense Non Operating": NaN,
        "Interest Income Non Operating": NaN,
        "Operating Income": NaN,
        "Operating Expense": NaN,
        "Other Operating Expenses": NaN,
        "Selling General And Administration": NaN,
        "General And Administrative Expense": NaN,
        "Other Gand A": NaN,
        "Gross Profit": NaN,
        "Cost Of Revenue": NaN,
        "Total Revenue": NaN,
        "Operating Revenue": NaN
    },
    "2023-06-30": {
        "Tax Effect Of Unusual Items": NaN,
        "Tax Rate For Calcs": NaN,
        "Normalized EBITDA": NaN,
        "Total Unusual Items": NaN,
        "Total Unusual Items Excluding Goodwill": NaN,
        "Net Income From Continuing Operation Net Minority Interest": NaN,
        "Reconciled Depreciation": NaN,
        "Reconciled Cost Of Revenue": NaN,
        "EBITDA": NaN,
        "EBIT": NaN,
        "Net Interest Income": NaN,
        "Interest Expense": NaN,
        "Normalized Income": NaN,
        "Net Income From Continuing And Discontinued Operation": NaN,
        "Total Expenses": NaN,
        "Diluted Average Shares": NaN,
        "Basic Average Shares": NaN,
        "Diluted EPS": NaN,
        "Basic EPS": NaN,
        "Diluted NI Availto Com Stockholders": NaN,
        "Net Income Common Stockholders": NaN,
        "Net Income": NaN,
        "Net Income Including Noncontrolling Interests": NaN,
        "Net Income Continuous Operations": NaN,
        "Tax Provision": NaN,
        "Pretax Income": NaN,
        "Other Income Expense": NaN,
        "Other Non Operating Income Expenses": NaN,
        "Special Income Charges": NaN,
        "Gain On Sale Of Ppe": NaN,
        "Other Special Charges": 688000.0,
        "Net Non Operating Interest Income Expense": NaN,
        "Interest Expense Non Operating": NaN,
        "Operating Income": NaN,
        "Operating Expense": NaN,
        "Other Operating Expenses": NaN,
        "Selling General And Administration": NaN,
        "General And Administrative Expense": NaN,
        "Other Gand A": NaN,
        "Gross Profit": NaN,
        "Cost Of Revenue": NaN,
        "Total Revenue": NaN,
        "Operating Revenue": NaN
    },
    "2024-12-31": {
        "Tax Effect Of Unusual Items": -500.0,
        "Tax Rate For Calcs": 0.026316,
        "Normalized EBITDA": 97155000.0,
        "Total Unusual Items": -19000.0,
        "Total Unusual Items Excluding Goodwill": -19000.0,
        "Net Income From Continuing Operation Net Minority Interest": 30821000.0,
        "Reconciled Depreciation": 58353000.0,
        "Reconciled Cost Of Revenue": 133491000.0,
        "EBITDA": 97136000.0,
        "EBIT": 38783000.0,
        "Net Interest Income": 12094000.0,
        "Interest Expense": 7129000.0,
        "Interest Income": NaN,
        "Normalized Income": 30839500.0,
        "Net Income From Continuing And Discontinued Operation": 30821000.0,
        "Total Expenses": 556508000.0,
        "Total Operating Income As Reported": NaN,
        "Diluted Average Shares": 29635577.0,
        "Basic Average Shares": 29635577.0,
        "Diluted EPS": 1.04,
        "Basic EPS": 1.04,
        "Diluted NI Availto Com Stockholders": 30821000.0,
        "Net Income Common Stockholders": 30821000.0,
        "Net Income": 30821000.0,
        "Net Income Including Noncontrolling Interests": 30821000.0,
        "Net Income Continuous Operations": 30821000.0,
        "Tax Provision": 833000.0,
        "Pretax Income": 31654000.0,
        "Other Income Expense": 6284000.0,
        "Other Non Operating Income Expenses": 6303000.0,
        "Special Income Charges": -19000.0,
        "Gain On Sale Of Ppe": -19000.0,
        "Other Special Charges": NaN,
        "Restructuring And Mergern Acquisition": NaN,
        "Net Non Operating Interest Income Expense": 12094000.0,
        "Interest Expense Non Operating": 7129000.0,
        "Interest Income Non Operating": NaN,
        "Operating Income": 13276000.0,
        "Operating Expense": 423017000.0,
        "Other Operating Expenses": 385462000.0,
        "Selling General And Administration": 37555000.0,
        "General And Administrative Expense": 37555000.0,
        "Other Gand A": 37555000.0,
        "Gross Profit": 436293000.0,
        "Cost Of Revenue": 133491000.0,
        "Total Revenue": 569784000.0,
        "Operating Revenue": 569784000.0
    },
    "2025-03-31": {
        "Tax Effect Of Unusual Items": -3469134.0,
        "Tax Rate For Calcs": 0.057,
        "Normalized EBITDA": 116944000.0,
        "Total Unusual Items": -60862000.0,
        "Total Unusual Items Excluding Goodwill": -60862000.0,
        "Net Income From Continuing Operation Net Minority Interest": -69277000.0,
        "Reconciled Depreciation": 121556000.0,
        "Reconciled Cost Of Revenue": 991852000.0,
        "EBITDA": 56082000.0,
        "EBIT": -65474000.0,
        "Net Interest Income": -1701000.0,
        "Interest Expense": 8019000.0,
        "Interest Income": 6318000.0,
        "Normalized Income": -11884134.0,
        "Net Income From Continuing And Discontinued Operation": -69277000.0,
        "Total Expenses": 1022134000.0,
        "Total Operating Income As Reported": -53910000.0,
        "Diluted Average Shares": 50264707.0,
        "Basic Average Shares": 50264707.0,
        "Diluted EPS": -1.38,
        "Basic EPS": -1.38,
        "Diluted NI Availto Com Stockholders": -69277000.0,
        "Net Income Common Stockholders": -69277000.0,
        "Net Income": -69277000.0,
        "Net Income Including Noncontrolling Interests": -69277000.0,
        "Net Income Continuous Operations": -69277000.0,
        "Tax Provision": -4216000.0,
        "Pretax Income": -73493000.0,
        "Other Income Expense": -67064000.0,
        "Other Non Operating Income Expenses": -6202000.0,
        "Special Income Charges": -60862000.0,
        "Gain On Sale Of Ppe": NaN,
        "Other Special Charges": 11680000.0,
        "Restructuring And Mergern Acquisition": 49182000.0,
        "Net Non Operating Interest Income Expense": -1701000.0,
        "Interest Expense Non Operating": 8019000.0,
        "Interest Income Non Operating": 6318000.0,
        "Operating Income": -4728000.0,
        "Operating Expense": 30282000.0,
        "Other Operating Expenses": -9859000.0,
        "Selling General And Administration": 40141000.0,
        "General And Administrative Expense": 40141000.0,
        "Other Gand A": 40141000.0,
        "Gross Profit": 25554000.0,
        "Cost Of Revenue": 991852000.0,
        "Total Revenue": 1017406000.0,
        "Operating Revenue": 1014211000.0
    },
    "2025-06-30": {
        "Tax Effect Of Unusual Items": 0.0,
        "Tax Rate For Calcs": 0.21,
        "Normalized EBITDA": 149874000.0,
        "Total Unusual Items": 0.0,
        "Total Unusual Items Excluding Goodwill": 0.0,
        "Net Income From Continuing Operation Net Minority Interest": -36556000.0,
        "Reconciled Depreciation": 169263000.0,
        "Reconciled Cost Of Revenue": 1081837000.0,
        "EBITDA": 149874000.0,
        "EBIT": -19389000.0,
        "Net Interest Income": -3650000.0,
        "Interest Expense": 10051000.0,
        "Interest Income": 6401000.0,
        "Normalized Income": -36556000.0,
        "Net Income From Continuing And Discontinued Operation": -36556000.0,
        "Total Expenses": 1121614000.0,
        "Total Operating Income As Reported": -19253000.0,
        "Diluted Average Shares": 52382004.0,
        "Basic Average Shares": 52382004.0,
        "Diluted EPS": -0.7,
        "Basic EPS": -0.7,
        "Diluted NI Availto Com Stockholders": -36556000.0,
        "Net Income Common Stockholders": -36556000.0,
        "Net Income": -36556000.0,
        "Net Income Including Noncontrolling Interests": -36556000.0,
        "Net Income Continuous Operations": -36556000.0,
        "Tax Provision": 7116000.0,
        "Pretax Income": -29440000.0,
        "Other Income Expense": -6537000.0,
        "Other Non Operating Income Expenses": -6537000.0,
        "Special Income Charges": 0.0,
        "Gain On Sale Of Ppe": NaN,
        "Other Special Charges": NaN,
        "Restructuring And Mergern Acquisition": NaN,
        "Net Non Operating Interest Income Expense": -3650000.0,
        "Interest Expense Non Operating": 10051000.0,
        "Interest Income Non Operating": 6401000.0,
        "Operating Income": -19253000.0,
        "Operating Expense": 39777000.0,
        "Other Operating Expenses": 4948000.0,
        "Selling General And Administration": 34829000.0,
        "General And Administrative Expense": 34829000.0,
        "Other Gand A": 34829000.0,
        "Gross Profit": 20524000.0,
        "Cost Of Revenue": 1081837000.0,
        "Total Revenue": 1102361000.0,
        "Operating Revenue": 1102361000.0
    }
}