{
    "2023-03-31": {
        "Tax Effect Of Unusual Items": NaN,
        "Tax Rate For Calcs": NaN,
        "Normalized EBITDA": NaN,
        "Total Unusual Items": 0.0,
        "Total Unusual Items Excluding Goodwill": 0.0,
        "Net Income From Continuing Operation Net Minority Interest": NaN,
        "Reconciled Depreciation": NaN,
        "EBITDA": NaN,
        "EBIT": NaN,
        "Net Interest Income": NaN,
        "Interest Expense": NaN,
        "Interest Income": NaN,
        "Normalized Income": NaN,
        "Net Income From Continuing And Discontinued Operation": NaN,
        "Total Expenses": NaN,
        "Total Operating Income As Reported": NaN,
        "Diluted Average Shares": NaN,
        "Basic Average Shares": NaN,
        "Diluted EPS": NaN,
        "Basic EPS": NaN,
        "Diluted NI Availto Com Stockholders": NaN,
        "Net Income Common Stockholders": NaN,
        "Net Income": NaN,
        "Net Income Including Noncontrolling Interests": NaN,
        "Net Income Continuous Operations": NaN,
        "Tax Provision": NaN,
        "Pretax Income": NaN,
        "Other Income Expense": NaN,
        "Other Non Operating Income Expenses": NaN,
        "Special Income Charges": 0.0,
        "Restructuring And Mergern Acquisition": 0.0,
        "Net Non Operating Interest Income Expense": NaN,
        "Interest Expense Non Operating": NaN,
        "Interest Income Non Operating": NaN,
        "Operating Income": NaN,
        "Operating Expense": NaN,
        "Research And Development": NaN,
        "Selling General And Administration": NaN,
        "General And Administrative Expense": NaN,
        "Other Gand A": NaN,
        "Salaries And Wages": NaN,
        "Total Revenue": NaN,
        "Operating Revenue": NaN
    },
    "2022-12-31": {
        "Tax Effect Of Unusual Items": NaN,
        "Tax Rate For Calcs": NaN,
        "Normalized EBITDA": NaN,
        "Total Unusual Items": 0.0,
        "Total Unusual Items Excluding Goodwill": 0.0,
        "Net Income From Continuing Operation Net Minority Interest": NaN,
        "Reconciled Depreciation": NaN,
        "EBITDA": NaN,
        "EBIT": NaN,
        "Net Interest Income": NaN,
        "Interest Expense": NaN,
        "Interest Income": NaN,
        "Normalized Income": NaN,
        "Net Income From Continuing And Discontinued Operation": NaN,
        "Total Expenses": NaN,
        "Total Operating Income As Reported": NaN,
        "Diluted Average Shares": NaN,
        "Basic Average Shares": NaN,
        "Diluted EPS": NaN,
        "Basic EPS": NaN,
        "Diluted NI Availto Com Stockholders": NaN,
        "Net Income Common Stockholders": NaN,
        "Net Income": NaN,
        "Net Income Including Noncontrolling Interests": NaN,
        "Net Income Continuous Operations": NaN,
        "Tax Provision": NaN,
        "Pretax Income": NaN,
        "Other Income Expense": NaN,
        "Other Non Operating Income Expenses": NaN,
        "Special Income Charges": 0.0,
        "Restructuring And Mergern Acquisition": 0.0,
        "Net Non Operating Interest Income Expense": NaN,
        "Interest Expense Non Operating": NaN,
        "Interest Income Non Operating": NaN,
        "Operating Income": NaN,
        "Operating Expense": NaN,
        "Research And Development": NaN,
        "Selling General And Administration": NaN,
        "General And Administrative Expense": NaN,
        "Other Gand A": NaN,
        "Salaries And Wages": NaN,
        "Total Revenue": NaN,
        "Operating Revenue": NaN
    },
    "2022-09-30": {
        "Tax Effect Of Unusual Items": 0.0,
        "Tax Rate For Calcs": 0.00261,
        "Normalized EBITDA": -52136000.0,
        "Total Unusual Items": 0.0,
        "Total Unusual Items Excluding Goodwill": 0.0,
        "Net Income From Continuing Operation Net Minority Interest": -53875000.0,
        "Reconciled Depreciation": 35000.0,
        "EBITDA": -52136000.0,
        "EBIT": -52171000.0,
        "Net Interest Income": -1845000.0,
        "Interest Expense": 1845000.0,
        "Interest Income": NaN,
        "Normalized Income": -53875000.0,
        "Net Income From Continuing And Discontinued Operation": -53875000.0,
        "Total Expenses": 49028000.0,
        "Total Operating Income As Reported": -49028000.0,
        "Diluted Average Shares": 94327914.0,
        "Basic Average Shares": 94327914.0,
        "Diluted EPS": -0.57,
        "Basic EPS": -0.57,
        "Diluted NI Availto Com Stockholders": -53875000.0,
        "Net Income Common Stockholders": -53875000.0,
        "Net Income": -53875000.0,
        "Net Income Including Noncontrolling Interests": -53875000.0,
        "Net Income Continuous Operations": -53875000.0,
        "Tax Provision": -141000.0,
        "Pretax Income": -54016000.0,
        "Other Income Expense": -3143000.0,
        "Other Non Operating Income Expenses": -3143000.0,
        "Special Income Charges": 0.0,
        "Restructuring And Mergern Acquisition": 0.0,
        "Net Non Operating Interest Income Expense": -1845000.0,
        "Interest Expense Non Operating": 1845000.0,
        "Interest Income Non Operating": NaN,
        "Operating Income": -49028000.0,
        "Operating Expense": 49028000.0,
        "Research And Development": 36744000.0,
        "Selling General And Administration": 12284000.0,
        "General And Administrative Expense": 12284000.0,
        "Other Gand A": 5773000.0,
        "Salaries And Wages": 6511000.0,
        "Total Revenue": 0.0,
        "Operating Revenue": 0.0
    },
    "2022-06-30": {
        "Tax Effect Of Unusual Items": 0.0,
        "Tax Rate For Calcs": 0.00034,
        "Normalized EBITDA": -63023000.0,
        "Total Unusual Items": 0.0,
        "Total Unusual Items Excluding Goodwill": 0.0,
        "Net Income From Continuing Operation Net Minority Interest": -64661000.0,
        "Reconciled Depreciation": 32000.0,
        "EBITDA": -63023000.0,
        "EBIT": -63055000.0,
        "Net Interest Income": -1628000.0,
        "Interest Expense": 1628000.0,
        "Interest Income": NaN,
        "Normalized Income": -64661000.0,
        "Net Income From Continuing And Discontinued Operation": -64661000.0,
        "Total Expenses": 68414000.0,
        "Total Operating Income As Reported": -68414000.0,
        "Diluted Average Shares": 94109089.0,
        "Basic Average Shares": 94109089.0,
        "Diluted EPS": -0.69,
        "Basic EPS": -0.69,
        "Diluted NI Availto Com Stockholders": -64661000.0,
        "Net Income Common Stockholders": -64661000.0,
        "Net Income": -64661000.0,
        "Net Income Including Noncontrolling Interests": -64661000.0,
        "Net Income Continuous Operations": -64661000.0,
        "Tax Provision": -22000.0,
        "Pretax Income": -64683000.0,
        "Other Income Expense": 5359000.0,
        "Other Non Operating Income Expenses": 5359000.0,
        "Special Income Charges": 0.0,
        "Restructuring And Mergern Acquisition": 0.0,
        "Net Non Operating Interest Income Expense": -1628000.0,
        "Interest Expense Non Operating": 1628000.0,
        "Interest Income Non Operating": NaN,
        "Operating Income": -68414000.0,
        "Operating Expense": 68414000.0,
        "Research And Development": 53651000.0,
        "Selling General And Administration": 14763000.0,
        "General And Administrative Expense": 14763000.0,
        "Other Gand A": 8413000.0,
        "Salaries And Wages": 6350000.0,
        "Total Revenue": 0.0,
        "Operating Revenue": 0.0
    },
    "2022-03-31": {
        "Diluted EPS": -0.6,
        "Total Revenue": NaN,
        "Gross Profit": NaN,
        "Operating Income": -53,
        "EBIT": -53,
        "Net Income": -54
    },
    "2021-12-31": {
        "Diluted EPS": 0.99,
        "Total Revenue": NaN,
        "Gross Profit": NaN,
        "Operating Income": -58,
        "EBIT": -58,
        "Net Income": -62
    },
    "2021-09-30": {
        "Diluted EPS": -0.45,
        "Total Revenue": NaN,
        "Gross Profit": NaN,
        "Operating Income": -38,
        "EBIT": -38,
        "Net Income": -40
    },
    "2021-06-30": {
        "Diluted EPS": -0.65,
        "Total Revenue": NaN,
        "Gross Profit": NaN,
        "Operating Income": -41,
        "EBIT": -41,
        "Net Income": -41
    },
    "2021-03-31": {
        "Diluted EPS": -4.97,
        "Total Revenue": NaN,
        "Gross Profit": NaN,
        "Operating Income": -237,
        "EBIT": -237,
        "Net Income": -239
    },
    "2020-12-31": {
        "Diluted EPS": 0.0,
        "Total Revenue": NaN,
        "Gross Profit": NaN,
        "Operating Income": NaN,
        "EBIT": NaN,
        "Net Income": NaN
    },
    "2023-06-30": {
        "Tax Effect Of Unusual Items": NaN,
        "Tax Rate For Calcs": NaN,
        "Normalized EBITDA": NaN,
        "Total Unusual Items": 0.0,
        "Total Unusual Items Excluding Goodwill": 0.0,
        "Net Income From Continuing Operation Net Minority Interest": NaN,
        "Reconciled Depreciation": NaN,
        "EBITDA": NaN,
        "EBIT": NaN,
        "Net Interest Income": NaN,
        "Interest Expense": NaN,
        "Interest Income": NaN,
        "Normalized Income": NaN,
        "Net Income From Continuing And Discontinued Operation": NaN,
        "Total Expenses": NaN,
        "Total Operating Income As Reported": NaN,
        "Diluted Average Shares": NaN,
        "Basic Average Shares": NaN,
        "Diluted EPS": NaN,
        "Basic EPS": NaN,
        "Diluted NI Availto Com Stockholders": NaN,
        "Net Income Common Stockholders": NaN,
        "Net Income": NaN,
        "Net Income Including Noncontrolling Interests": NaN,
        "Net Income Continuous Operations": NaN,
        "Tax Provision": NaN,
        "Pretax Income": NaN,
        "Other Income Expense": NaN,
        "Other Non Operating Income Expenses": NaN,
        "Special Income Charges": 0.0,
        "Restructuring And Mergern Acquisition": 0.0,
        "Net Non Operating Interest Income Expense": NaN,
        "Interest Expense Non Operating": NaN,
        "Interest Income Non Operating": NaN,
        "Operating Income": NaN,
        "Operating Expense": NaN,
        "Research And Development": NaN,
        "Selling General And Administration": NaN,
        "General And Administrative Expense": NaN,
        "Other Gand A": NaN,
        "Salaries And Wages": NaN,
        "Total Revenue": NaN,
        "Operating Revenue": NaN
    },
    "2023-09-30": {
        "Tax Effect Of Unusual Items": NaN,
        "Tax Rate For Calcs": NaN,
        "Normalized EBITDA": NaN,
        "Total Unusual Items": 0.0,
        "Total Unusual Items Excluding Goodwill": 0.0,
        "Net Income From Continuing Operation Net Minority Interest": NaN,
        "Reconciled Depreciation": NaN,
        "EBITDA": NaN,
        "EBIT": NaN,
        "Net Interest Income": NaN,
        "Interest Expense": NaN,
        "Interest Income": NaN,
        "Normalized Income": NaN,
        "Net Income From Continuing And Discontinued Operation": NaN,
        "Total Expenses": NaN,
        "Total Operating Income As Reported": NaN,
        "Diluted Average Shares": 96648110.0,
        "Basic Average Shares": 96648110.0,
        "Diluted EPS": -0.4,
        "Basic EPS": -0.4,
        "Diluted NI Availto Com Stockholders": NaN,
        "Net Income Common Stockholders": NaN,
        "Net Income": NaN,
        "Net Income Including Noncontrolling Interests": NaN,
        "Net Income Continuous Operations": NaN,
        "Tax Provision": NaN,
        "Pretax Income": NaN,
        "Other Income Expense": NaN,
        "Other Non Operating Income Expenses": NaN,
        "Special Income Charges": 0.0,
        "Restructuring And Mergern Acquisition": 0.0,
        "Net Non Operating Interest Income Expense": NaN,
        "Interest Expense Non Operating": NaN,
        "Interest Income Non Operating": NaN,
        "Operating Income": NaN,
        "Operating Expense": NaN,
        "Research And Development": NaN,
        "Selling General And Administration": NaN,
        "General And Administrative Expense": NaN,
        "Other Gand A": NaN,
        "Salaries And Wages": NaN,
        "Total Revenue": NaN,
        "Operating Revenue": NaN
    },
    "2023-12-31": {
        "Tax Effect Of Unusual Items": 0.0,
        "Tax Rate For Calcs": 0.19,
        "Normalized EBITDA": -32877000.0,
        "Total Unusual Items": 0.0,
        "Total Unusual Items Excluding Goodwill": 0.0,
        "Net Income From Continuing Operation Net Minority Interest": -36837000.0,
        "Reconciled Depreciation": 246000.0,
        "EBITDA": -32877000.0,
        "EBIT": -33123000.0,
        "Net Interest Income": 363000.0,
        "Interest Expense": 2570000.0,
        "Interest Income": 2933000.0,
        "Normalized Income": -36837000.0,
        "Net Income From Continuing And Discontinued Operation": -36837000.0,
        "Total Expenses": 42031000.0,
        "Total Operating Income As Reported": -35178000.0,
        "Diluted Average Shares": NaN,
        "Basic Average Shares": NaN,
        "Diluted EPS": NaN,
        "Basic EPS": NaN,
        "Diluted NI Availto Com Stockholders": -36837000.0,
        "Net Income Common Stockholders": -36837000.0,
        "Net Income": -36837000.0,
        "Net Income Including Noncontrolling Interests": -36837000.0,
        "Net Income Continuous Operations": -36837000.0,
        "Tax Provision": 1144000.0,
        "Pretax Income": -35693000.0,
        "Other Income Expense": -878000.0,
        "Other Non Operating Income Expenses": -878000.0,
        "Special Income Charges": 0.0,
        "Restructuring And Mergern Acquisition": 0.0,
        "Net Non Operating Interest Income Expense": 363000.0,
        "Interest Expense Non Operating": 2570000.0,
        "Interest Income Non Operating": 2933000.0,
        "Operating Income": -35178000.0,
        "Operating Expense": 42031000.0,
        "Research And Development": 29716000.0,
        "Selling General And Administration": 12315000.0,
        "General And Administrative Expense": 12315000.0,
        "Other Gand A": 6650000.0,
        "Salaries And Wages": 5665000.0,
        "Total Revenue": 6853000.0,
        "Operating Revenue": 6853000.0
    },
    "2024-03-31": {
        "Tax Effect Of Unusual Items": 0.0,
        "Tax Rate For Calcs": 0.25,
        "Normalized EBITDA": -34796000.0,
        "Total Unusual Items": NaN,
        "Total Unusual Items Excluding Goodwill": NaN,
        "Net Income From Continuing Operation Net Minority Interest": -38046000.0,
        "Reconciled Depreciation": 240000.0,
        "EBITDA": -34796000.0,
        "EBIT": -35036000.0,
        "Net Interest Income": 62000.0,
        "Interest Expense": 2529000.0,
        "Interest Income": 2591000.0,
        "Normalized Income": -38046000.0,
        "Net Income From Continuing And Discontinued Operation": -38046000.0,
        "Total Expenses": 36090000.0,
        "Total Operating Income As Reported": -36090000.0,
        "Diluted Average Shares": 99887720.0,
        "Basic Average Shares": 99887720.0,
        "Diluted EPS": -0.38,
        "Basic EPS": -0.38,
        "Diluted NI Availto Com Stockholders": -38046000.0,
        "Net Income Common Stockholders": -38046000.0,
        "Net Income": -38046000.0,
        "Net Income Including Noncontrolling Interests": -38046000.0,
        "Net Income Continuous Operations": -38046000.0,
        "Tax Provision": 481000.0,
        "Pretax Income": -37565000.0,
        "Other Income Expense": -1537000.0,
        "Other Non Operating Income Expenses": -1537000.0,
        "Special Income Charges": NaN,
        "Restructuring And Mergern Acquisition": NaN,
        "Net Non Operating Interest Income Expense": 62000.0,
        "Interest Expense Non Operating": 2529000.0,
        "Interest Income Non Operating": 2591000.0,
        "Operating Income": -36090000.0,
        "Operating Expense": 36090000.0,
        "Research And Development": 22652000.0,
        "Selling General And Administration": 13438000.0,
        "General And Administrative Expense": 13438000.0,
        "Other Gand A": 6031000.0,
        "Salaries And Wages": 7407000.0,
        "Total Revenue": 0.0,
        "Operating Revenue": 0.0
    },
    "2024-06-30": {
        "Tax Effect Of Unusual Items": 0.0,
        "Tax Rate For Calcs": 0.25,
        "Normalized EBITDA": -40350000.0,
        "Total Unusual Items": NaN,
        "Total Unusual Items Excluding Goodwill": NaN,
        "Net Income From Continuing Operation Net Minority Interest": -43816000.0,
        "Reconciled Depreciation": 236000.0,
        "EBITDA": -40350000.0,
        "EBIT": -40586000.0,
        "Net Interest Income": 715000.0,
        "Interest Expense": 2525000.0,
        "Interest Income": 3240000.0,
        "Normalized Income": -43816000.0,
        "Net Income From Continuing And Discontinued Operation": -43816000.0,
        "Total Expenses": 43980000.0,
        "Total Operating Income As Reported": -43980000.0,
        "Diluted Average Shares": 109489184.0,
        "Basic Average Shares": 109489184.0,
        "Diluted EPS": -0.4,
        "Basic EPS": -0.4,
        "Diluted NI Availto Com Stockholders": -43816000.0,
        "Net Income Common Stockholders": -43816000.0,
        "Net Income": -43816000.0,
        "Net Income Including Noncontrolling Interests": -43816000.0,
        "Net Income Continuous Operations": -43816000.0,
        "Tax Provision": 705000.0,
        "Pretax Income": -43111000.0,
        "Other Income Expense": 154000.0,
        "Other Non Operating Income Expenses": 154000.0,
        "Special Income Charges": NaN,
        "Restructuring And Mergern Acquisition": NaN,
        "Net Non Operating Interest Income Expense": 715000.0,
        "Interest Expense Non Operating": 2525000.0,
        "Interest Income Non Operating": 3240000.0,
        "Operating Income": -43980000.0,
        "Operating Expense": 43980000.0,
        "Research And Development": 32815000.0,
        "Selling General And Administration": 11165000.0,
        "General And Administrative Expense": 11165000.0,
        "Other Gand A": 3817000.0,
        "Salaries And Wages": 7348000.0,
        "Total Revenue": 0.0,
        "Operating Revenue": 0.0
    },
    "2024-09-30": {
        "Tax Effect Of Unusual Items": 0.0,
        "Tax Rate For Calcs": 0.25,
        "Normalized EBITDA": -39165000.0,
        "Total Unusual Items": NaN,
        "Total Unusual Items Excluding Goodwill": NaN,
        "Net Income From Continuing Operation Net Minority Interest": -42566000.0,
        "Reconciled Depreciation": 236000.0,
        "EBITDA": -39165000.0,
        "EBIT": -39401000.0,
        "Net Interest Income": 783000.0,
        "Interest Expense": 2557000.0,
        "Interest Income": 3340000.0,
        "Normalized Income": -42566000.0,
        "Net Income From Continuing And Discontinued Operation": -42566000.0,
        "Total Expenses": 46405000.0,
        "Total Operating Income As Reported": -46405000.0,
        "Diluted Average Shares": 116253902.0,
        "Basic Average Shares": 116253902.0,
        "Diluted EPS": -0.37,
        "Basic EPS": -0.37,
        "Diluted NI Availto Com Stockholders": -42566000.0,
        "Net Income Common Stockholders": -42566000.0,
        "Net Income": -42566000.0,
        "Net Income Including Noncontrolling Interests": -42566000.0,
        "Net Income Continuous Operations": -42566000.0,
        "Tax Provision": 608000.0,
        "Pretax Income": -41958000.0,
        "Other Income Expense": 3664000.0,
        "Other Non Operating Income Expenses": 3664000.0,
        "Special Income Charges": NaN,
        "Restructuring And Mergern Acquisition": NaN,
        "Net Non Operating Interest Income Expense": 783000.0,
        "Interest Expense Non Operating": 2557000.0,
        "Interest Income Non Operating": 3340000.0,
        "Operating Income": -46405000.0,
        "Operating Expense": 46405000.0,
        "Research And Development": 33903000.0,
        "Selling General And Administration": 12502000.0,
        "General And Administrative Expense": 12502000.0,
        "Other Gand A": 4581000.0,
        "Salaries And Wages": 7921000.0,
        "Total Revenue": 0.0,
        "Operating Revenue": 0.0
    },
    "2024-12-31": {
        "Tax Effect Of Unusual Items": 0.0,
        "Tax Rate For Calcs": 0.25,
        "Normalized EBITDA": -107570000.0,
        "Total Unusual Items": NaN,
        "Total Unusual Items Excluding Goodwill": NaN,
        "Net Income From Continuing Operation Net Minority Interest": -111329000.0,
        "Reconciled Depreciation": 230000.0,
        "EBITDA": -107570000.0,
        "EBIT": -107800000.0,
        "Net Interest Income": 2366000.0,
        "Interest Expense": 2479000.0,
        "Interest Income": 4845000.0,
        "Normalized Income": -111329000.0,
        "Net Income From Continuing And Discontinued Operation": -111329000.0,
        "Total Expenses": 74580000.0,
        "Total Operating Income As Reported": -74580000.0,
        "Diluted Average Shares": 132050271.0,
        "Basic Average Shares": 132050271.0,
        "Diluted EPS": -0.84,
        "Basic EPS": -0.84,
        "Diluted NI Availto Com Stockholders": -111329000.0,
        "Net Income Common Stockholders": -111329000.0,
        "Net Income": -111329000.0,
        "Net Income Including Noncontrolling Interests": -111329000.0,
        "Net Income Continuous Operations": -111329000.0,
        "Tax Provision": 1050000.0,
        "Pretax Income": -110279000.0,
        "Other Income Expense": -38065000.0,
        "Other Non Operating Income Expenses": -3968000.0,
        "Special Income Charges": NaN,
        "Restructuring And Mergern Acquisition": NaN,
        "Net Non Operating Interest Income Expense": 2366000.0,
        "Interest Expense Non Operating": 2479000.0,
        "Interest Income Non Operating": 4845000.0,
        "Operating Income": -74580000.0,
        "Operating Expense": 74580000.0,
        "Research And Development": 60874000.0,
        "Selling General And Administration": 13706000.0,
        "General And Administrative Expense": 13706000.0,
        "Other Gand A": 5485000.0,
        "Salaries And Wages": 8221000.0,
        "Total Revenue": 0.0,
        "Operating Revenue": 0.0
    }
}