{
    "2023-03-31": {
        "Tax Effect Of Unusual Items": NaN,
        "Tax Rate For Calcs": NaN,
        "Normalized EBITDA": NaN,
        "Total Unusual Items": NaN,
        "Total Unusual Items Excluding Goodwill": NaN,
        "Net Income From Continuing Operation Net Minority Interest": NaN,
        "Reconciled Depreciation": NaN,
        "EBITDA": NaN,
        "EBIT": NaN,
        "Net Interest Income": NaN,
        "Interest Income": NaN,
        "Normalized Income": NaN,
        "Net Income From Continuing And Discontinued Operation": NaN,
        "Total Expenses": NaN,
        "Total Operating Income As Reported": NaN,
        "Diluted Average Shares": 15966053.0,
        "Basic Average Shares": 15966053.0,
        "Diluted EPS": -0.4,
        "Basic EPS": -0.4,
        "Diluted NI Availto Com Stockholders": NaN,
        "Net Income Common Stockholders": NaN,
        "Net Income": NaN,
        "Net Income Including Noncontrolling Interests": NaN,
        "Net Income Continuous Operations": NaN,
        "Pretax Income": NaN,
        "Other Income Expense": NaN,
        "Other Non Operating Income Expenses": NaN,
        "Special Income Charges": NaN,
        "Net Non Operating Interest Income Expense": NaN,
        "Interest Income Non Operating": NaN,
        "Operating Income": NaN,
        "Operating Expense": NaN,
        "Research And Development": NaN,
        "Selling General And Administration": NaN,
        "General And Administrative Expense": NaN,
        "Other Gand A": NaN,
        "Total Revenue": NaN,
        "Operating Revenue": NaN
    },
    "2022-12-31": {
        "Tax Effect Of Unusual Items": NaN,
        "Tax Rate For Calcs": NaN,
        "Normalized EBITDA": NaN,
        "Total Unusual Items": 0.0,
        "Total Unusual Items Excluding Goodwill": 0.0,
        "Net Income From Continuing Operation Net Minority Interest": NaN,
        "Reconciled Depreciation": NaN,
        "EBITDA": NaN,
        "EBIT": NaN,
        "Net Interest Income": NaN,
        "Interest Income": NaN,
        "Normalized Income": NaN,
        "Net Income From Continuing And Discontinued Operation": NaN,
        "Total Expenses": NaN,
        "Total Operating Income As Reported": NaN,
        "Diluted Average Shares": NaN,
        "Basic Average Shares": NaN,
        "Diluted EPS": NaN,
        "Basic EPS": NaN,
        "Diluted NI Availto Com Stockholders": NaN,
        "Net Income Common Stockholders": NaN,
        "Net Income": NaN,
        "Net Income Including Noncontrolling Interests": NaN,
        "Net Income Continuous Operations": NaN,
        "Pretax Income": NaN,
        "Other Income Expense": NaN,
        "Other Non Operating Income Expenses": NaN,
        "Special Income Charges": 0.0,
        "Other Special Charges": 0.0,
        "Net Non Operating Interest Income Expense": NaN,
        "Interest Income Non Operating": NaN,
        "Operating Income": NaN,
        "Operating Expense": NaN,
        "Research And Development": NaN,
        "Selling General And Administration": NaN,
        "General And Administrative Expense": NaN,
        "Other Gand A": NaN,
        "Total Revenue": NaN,
        "Operating Revenue": NaN
    },
    "2022-09-30": {
        "Tax Effect Of Unusual Items": NaN,
        "Tax Rate For Calcs": NaN,
        "Normalized EBITDA": NaN,
        "Total Unusual Items": 0.0,
        "Total Unusual Items Excluding Goodwill": 0.0,
        "Net Income From Continuing Operation Net Minority Interest": NaN,
        "Reconciled Depreciation": NaN,
        "EBITDA": NaN,
        "EBIT": NaN,
        "Net Interest Income": NaN,
        "Interest Income": NaN,
        "Normalized Income": NaN,
        "Net Income From Continuing And Discontinued Operation": NaN,
        "Total Expenses": NaN,
        "Total Operating Income As Reported": NaN,
        "Diluted Average Shares": 15966053.0,
        "Basic Average Shares": 15966053.0,
        "Diluted EPS": -0.24,
        "Basic EPS": -0.24,
        "Diluted NI Availto Com Stockholders": NaN,
        "Net Income Common Stockholders": NaN,
        "Net Income": NaN,
        "Net Income Including Noncontrolling Interests": NaN,
        "Net Income Continuous Operations": NaN,
        "Pretax Income": NaN,
        "Other Income Expense": NaN,
        "Other Non Operating Income Expenses": NaN,
        "Special Income Charges": 0.0,
        "Other Special Charges": NaN,
        "Net Non Operating Interest Income Expense": NaN,
        "Total Other Finance Cost": -192245.0,
        "Interest Income Non Operating": NaN,
        "Operating Income": NaN,
        "Operating Expense": NaN,
        "Research And Development": NaN,
        "Selling General And Administration": NaN,
        "General And Administrative Expense": NaN,
        "Other Gand A": NaN,
        "Total Revenue": NaN,
        "Operating Revenue": NaN
    },
    "2022-06-30": {
        "Tax Effect Of Unusual Items": 0.0,
        "Tax Rate For Calcs": 0.0,
        "Normalized EBITDA": -3007811.0,
        "Total Unusual Items": -500000.0,
        "Total Unusual Items Excluding Goodwill": -500000.0,
        "Net Income From Continuing Operation Net Minority Interest": -3986511.0,
        "Reconciled Depreciation": NaN,
        "EBITDA": -3507811.0,
        "EBIT": -3507811.0,
        "Net Interest Income": 21296.0,
        "Interest Income": NaN,
        "Normalized Income": -3486511.0,
        "Net Income From Continuing And Discontinued Operation": -3986511.0,
        "Total Expenses": 3507811.0,
        "Total Operating Income As Reported": -4007811.0,
        "Diluted Average Shares": 15966053.0,
        "Basic Average Shares": 15966053.0,
        "Diluted EPS": -0.25,
        "Basic EPS": -0.25,
        "Diluted NI Availto Com Stockholders": -3986511.0,
        "Net Income Common Stockholders": -3986511.0,
        "Net Income": -3986511.0,
        "Net Income Including Noncontrolling Interests": -3986511.0,
        "Net Income Continuous Operations": -3986511.0,
        "Pretax Income": -3986511.0,
        "Other Income Expense": -499996.0,
        "Other Non Operating Income Expenses": 4.0,
        "Special Income Charges": -500000.0,
        "Other Special Charges": 500000.0,
        "Net Non Operating Interest Income Expense": 21296.0,
        "Total Other Finance Cost": -21296.0,
        "Interest Income Non Operating": NaN,
        "Operating Income": -3507811.0,
        "Operating Expense": 3507811.0,
        "Research And Development": 1517243.0,
        "Selling General And Administration": 1990568.0,
        "General And Administrative Expense": 1990568.0,
        "Other Gand A": 1990568.0,
        "Total Revenue": 0.0,
        "Operating Revenue": 0.0
    },
    "2022-03-31": {
        "Diluted EPS": -0.22,
        "Total Revenue": NaN,
        "Gross Profit": NaN,
        "Operating Income": -3,
        "EBIT": -3,
        "Net Income": -3
    },
    "2021-12-31": {
        "Diluted EPS": 17.04,
        "Total Revenue": NaN,
        "Gross Profit": NaN,
        "Operating Income": -3,
        "EBIT": -3,
        "Net Income": -3
    },
    "2021-09-30": {
        "Diluted EPS": -4.0,
        "Total Revenue": NaN,
        "Gross Profit": NaN,
        "Operating Income": -2,
        "EBIT": -2,
        "Net Income": -1
    },
    "2021-06-30": {
        "Diluted EPS": -14.18,
        "Total Revenue": NaN,
        "Gross Profit": NaN,
        "Operating Income": -5,
        "EBIT": -5,
        "Net Income": -5
    },
    "2021-03-31": {
        "Diluted EPS": -2.55,
        "Total Revenue": NaN,
        "Gross Profit": NaN,
        "Operating Income": -1,
        "EBIT": -1,
        "Net Income": -1
    },
    "2020-12-31": {
        "Diluted EPS": 0.0,
        "Total Revenue": NaN,
        "Gross Profit": NaN,
        "Operating Income": NaN,
        "EBIT": NaN,
        "Net Income": NaN
    },
    "2020-09-30": {
        "Diluted EPS": -2.52,
        "Total Revenue": NaN,
        "Gross Profit": NaN,
        "Operating Income": -1,
        "EBIT": -1,
        "Net Income": -1
    },
    "2023-06-30": {
        "Tax Effect Of Unusual Items": NaN,
        "Tax Rate For Calcs": NaN,
        "Normalized EBITDA": NaN,
        "Total Unusual Items": 0.0,
        "Total Unusual Items Excluding Goodwill": 0.0,
        "Net Income From Continuing Operation Net Minority Interest": NaN,
        "Reconciled Depreciation": NaN,
        "EBITDA": NaN,
        "EBIT": NaN,
        "Net Interest Income": NaN,
        "Interest Income": NaN,
        "Normalized Income": NaN,
        "Net Income From Continuing And Discontinued Operation": NaN,
        "Total Expenses": NaN,
        "Total Operating Income As Reported": NaN,
        "Diluted Average Shares": 15966053.0,
        "Basic Average Shares": 15966053.0,
        "Diluted EPS": -0.31,
        "Basic EPS": -0.31,
        "Diluted NI Availto Com Stockholders": NaN,
        "Net Income Common Stockholders": NaN,
        "Net Income": NaN,
        "Net Income Including Noncontrolling Interests": NaN,
        "Net Income Continuous Operations": NaN,
        "Pretax Income": NaN,
        "Other Income Expense": NaN,
        "Other Non Operating Income Expenses": NaN,
        "Special Income Charges": 0.0,
        "Net Non Operating Interest Income Expense": NaN,
        "Interest Income Non Operating": NaN,
        "Operating Income": NaN,
        "Operating Expense": NaN,
        "Research And Development": NaN,
        "Selling General And Administration": NaN,
        "General And Administrative Expense": NaN,
        "Other Gand A": NaN,
        "Total Revenue": NaN,
        "Operating Revenue": NaN
    },
    "2023-09-30": {
        "Tax Effect Of Unusual Items": NaN,
        "Tax Rate For Calcs": NaN,
        "Normalized EBITDA": NaN,
        "Total Unusual Items": 0.0,
        "Total Unusual Items Excluding Goodwill": 0.0,
        "Net Income From Continuing Operation Net Minority Interest": NaN,
        "Reconciled Depreciation": NaN,
        "EBITDA": NaN,
        "EBIT": NaN,
        "Net Interest Income": NaN,
        "Interest Income": NaN,
        "Normalized Income": NaN,
        "Net Income From Continuing And Discontinued Operation": NaN,
        "Total Expenses": NaN,
        "Total Operating Income As Reported": NaN,
        "Diluted Average Shares": 15966053.0,
        "Basic Average Shares": 15966053.0,
        "Diluted EPS": -0.37,
        "Basic EPS": -0.37,
        "Diluted NI Availto Com Stockholders": NaN,
        "Net Income Common Stockholders": NaN,
        "Net Income": NaN,
        "Net Income Including Noncontrolling Interests": NaN,
        "Net Income Continuous Operations": NaN,
        "Pretax Income": NaN,
        "Other Income Expense": NaN,
        "Other Non Operating Income Expenses": NaN,
        "Special Income Charges": 0.0,
        "Net Non Operating Interest Income Expense": NaN,
        "Interest Income Non Operating": NaN,
        "Operating Income": NaN,
        "Operating Expense": NaN,
        "Research And Development": NaN,
        "Selling General And Administration": NaN,
        "General And Administrative Expense": NaN,
        "Other Gand A": NaN,
        "Total Revenue": NaN,
        "Operating Revenue": NaN
    },
    "2023-12-31": {
        "Tax Effect Of Unusual Items": NaN,
        "Tax Rate For Calcs": NaN,
        "Normalized EBITDA": NaN,
        "Total Unusual Items": 0.0,
        "Total Unusual Items Excluding Goodwill": 0.0,
        "Net Income From Continuing Operation Net Minority Interest": NaN,
        "Reconciled Depreciation": NaN,
        "EBITDA": NaN,
        "EBIT": NaN,
        "Net Interest Income": NaN,
        "Interest Income": NaN,
        "Normalized Income": NaN,
        "Net Income From Continuing And Discontinued Operation": NaN,
        "Total Expenses": NaN,
        "Total Operating Income As Reported": NaN,
        "Diluted Average Shares": NaN,
        "Basic Average Shares": NaN,
        "Diluted EPS": NaN,
        "Basic EPS": NaN,
        "Diluted NI Availto Com Stockholders": NaN,
        "Net Income Common Stockholders": NaN,
        "Net Income": NaN,
        "Net Income Including Noncontrolling Interests": NaN,
        "Net Income Continuous Operations": NaN,
        "Pretax Income": NaN,
        "Other Income Expense": NaN,
        "Other Non Operating Income Expenses": NaN,
        "Special Income Charges": 0.0,
        "Net Non Operating Interest Income Expense": NaN,
        "Interest Income Non Operating": NaN,
        "Operating Income": NaN,
        "Operating Expense": NaN,
        "Research And Development": NaN,
        "Selling General And Administration": NaN,
        "General And Administrative Expense": NaN,
        "Other Gand A": NaN,
        "Total Revenue": NaN,
        "Operating Revenue": NaN
    },
    "2024-03-31": {
        "Tax Effect Of Unusual Items": 0.0,
        "Tax Rate For Calcs": 0.0,
        "Normalized EBITDA": -3820933.0,
        "Total Unusual Items": NaN,
        "Total Unusual Items Excluding Goodwill": NaN,
        "Net Income From Continuing Operation Net Minority Interest": -3667797.0,
        "Reconciled Depreciation": 2568.0,
        "EBITDA": -3820933.0,
        "EBIT": -3823501.0,
        "Net Interest Income": 152351.0,
        "Interest Income": 152351.0,
        "Normalized Income": -3667797.0,
        "Net Income From Continuing And Discontinued Operation": -3667797.0,
        "Total Expenses": 3823501.0,
        "Total Operating Income As Reported": -3823501.0,
        "Diluted Average Shares": 15966053.0,
        "Basic Average Shares": 15966053.0,
        "Diluted EPS": -0.23,
        "Basic EPS": -0.23,
        "Diluted NI Availto Com Stockholders": -3667797.0,
        "Net Income Common Stockholders": -3667797.0,
        "Net Income": -3667797.0,
        "Net Income Including Noncontrolling Interests": -3667797.0,
        "Net Income Continuous Operations": -3667797.0,
        "Pretax Income": -3667797.0,
        "Other Income Expense": 3353.0,
        "Other Non Operating Income Expenses": 3353.0,
        "Special Income Charges": NaN,
        "Net Non Operating Interest Income Expense": 152351.0,
        "Interest Income Non Operating": 152351.0,
        "Operating Income": -3823501.0,
        "Operating Expense": 3823501.0,
        "Research And Development": 1973209.0,
        "Selling General And Administration": 1850292.0,
        "General And Administrative Expense": 1850292.0,
        "Other Gand A": 1850292.0,
        "Total Revenue": 0.0,
        "Operating Revenue": 0.0
    },
    "2024-06-30": {
        "Tax Effect Of Unusual Items": 0.0,
        "Tax Rate For Calcs": 0.0,
        "Normalized EBITDA": -3085981.0,
        "Total Unusual Items": NaN,
        "Total Unusual Items Excluding Goodwill": NaN,
        "Net Income From Continuing Operation Net Minority Interest": -2254506.0,
        "Reconciled Depreciation": 2568.0,
        "EBITDA": -3085981.0,
        "EBIT": -3088549.0,
        "Net Interest Income": 840150.0,
        "Interest Income": 840150.0,
        "Normalized Income": -2254506.0,
        "Net Income From Continuing And Discontinued Operation": -2254506.0,
        "Total Expenses": 3088549.0,
        "Total Operating Income As Reported": -3088549.0,
        "Diluted Average Shares": 54958635.0,
        "Basic Average Shares": 54958635.0,
        "Diluted EPS": -0.04,
        "Basic EPS": -0.04,
        "Diluted NI Availto Com Stockholders": -2254506.0,
        "Net Income Common Stockholders": -2254506.0,
        "Net Income": -2254506.0,
        "Net Income Including Noncontrolling Interests": -2254506.0,
        "Net Income Continuous Operations": -2254506.0,
        "Pretax Income": -2254506.0,
        "Other Income Expense": -6107.0,
        "Other Non Operating Income Expenses": -6107.0,
        "Special Income Charges": NaN,
        "Net Non Operating Interest Income Expense": 840150.0,
        "Interest Income Non Operating": 840150.0,
        "Operating Income": -3088549.0,
        "Operating Expense": 3088549.0,
        "Research And Development": 1384553.0,
        "Selling General And Administration": 1703996.0,
        "General And Administrative Expense": 1703996.0,
        "Other Gand A": 1703996.0,
        "Total Revenue": 0.0,
        "Operating Revenue": 0.0
    },
    "2024-09-30": {
        "Tax Effect Of Unusual Items": 0.0,
        "Tax Rate For Calcs": 0.0,
        "Normalized EBITDA": -18698617.0,
        "Total Unusual Items": NaN,
        "Total Unusual Items Excluding Goodwill": NaN,
        "Net Income From Continuing Operation Net Minority Interest": -17459893.0,
        "Reconciled Depreciation": 2811.0,
        "EBITDA": -18698617.0,
        "EBIT": -18701428.0,
        "Net Interest Income": 1243687.0,
        "Interest Income": 1243687.0,
        "Normalized Income": -17459893.0,
        "Net Income From Continuing And Discontinued Operation": -17459893.0,
        "Total Expenses": 18701428.0,
        "Total Operating Income As Reported": -18701428.0,
        "Diluted Average Shares": 80481053.0,
        "Basic Average Shares": 80481053.0,
        "Diluted EPS": -0.22,
        "Basic EPS": -0.22,
        "Diluted NI Availto Com Stockholders": -17459893.0,
        "Net Income Common Stockholders": -17459893.0,
        "Net Income": -17459893.0,
        "Net Income Including Noncontrolling Interests": -17459893.0,
        "Net Income Continuous Operations": -17459893.0,
        "Pretax Income": -17459893.0,
        "Other Income Expense": -2152.0,
        "Other Non Operating Income Expenses": -2152.0,
        "Special Income Charges": NaN,
        "Net Non Operating Interest Income Expense": 1243687.0,
        "Interest Income Non Operating": 1243687.0,
        "Operating Income": -18701428.0,
        "Operating Expense": 18701428.0,
        "Research And Development": 16825198.0,
        "Selling General And Administration": 1876230.0,
        "General And Administrative Expense": 1876230.0,
        "Other Gand A": 1876230.0,
        "Total Revenue": 0.0,
        "Operating Revenue": 0.0
    },
    "2024-12-31": {
        "Tax Effect Of Unusual Items": 0.0,
        "Tax Rate For Calcs": 0.0,
        "Normalized EBITDA": -4307488.0,
        "Total Unusual Items": NaN,
        "Total Unusual Items Excluding Goodwill": NaN,
        "Net Income From Continuing Operation Net Minority Interest": -3342908.0,
        "Reconciled Depreciation": 2934.0,
        "EBITDA": -4307488.0,
        "EBIT": -4310422.0,
        "Net Interest Income": 964036.0,
        "Interest Income": 964036.0,
        "Normalized Income": -3342908.0,
        "Net Income From Continuing And Discontinued Operation": -3342908.0,
        "Total Expenses": 4310422.0,
        "Total Operating Income As Reported": -4310422.0,
        "Diluted Average Shares": NaN,
        "Basic Average Shares": NaN,
        "Diluted EPS": NaN,
        "Basic EPS": NaN,
        "Diluted NI Availto Com Stockholders": -3342908.0,
        "Net Income Common Stockholders": -3342908.0,
        "Net Income": -3342908.0,
        "Net Income Including Noncontrolling Interests": -3342908.0,
        "Net Income Continuous Operations": -3342908.0,
        "Pretax Income": -3342908.0,
        "Other Income Expense": 3478.0,
        "Other Non Operating Income Expenses": 3478.0,
        "Special Income Charges": NaN,
        "Net Non Operating Interest Income Expense": 964036.0,
        "Interest Income Non Operating": 964036.0,
        "Operating Income": -4310422.0,
        "Operating Expense": 4310422.0,
        "Research And Development": 2518375.0,
        "Selling General And Administration": 1792047.0,
        "General And Administrative Expense": 1792047.0,
        "Other Gand A": 1792047.0,
        "Total Revenue": 0.0,
        "Operating Revenue": 0.0
    },
    "2025-03-31": {
        "Tax Effect Of Unusual Items": 0.0,
        "Tax Rate For Calcs": 0.0,
        "Normalized EBITDA": -5525088.0,
        "Total Unusual Items": NaN,
        "Total Unusual Items Excluding Goodwill": NaN,
        "Net Income From Continuing Operation Net Minority Interest": -4577261.0,
        "Reconciled Depreciation": 4055.0,
        "EBITDA": -5525088.0,
        "EBIT": -5529143.0,
        "Net Interest Income": 958517.0,
        "Interest Income": 958517.0,
        "Normalized Income": -4577261.0,
        "Net Income From Continuing And Discontinued Operation": -4577261.0,
        "Total Expenses": 5529143.0,
        "Total Operating Income As Reported": -5529143.0,
        "Diluted Average Shares": 95186935.0,
        "Basic Average Shares": 95186935.0,
        "Diluted EPS": -0.05,
        "Basic EPS": -0.05,
        "Diluted NI Availto Com Stockholders": -4577261.0,
        "Net Income Common Stockholders": -4577261.0,
        "Net Income": -4577261.0,
        "Net Income Including Noncontrolling Interests": -4577261.0,
        "Net Income Continuous Operations": -4577261.0,
        "Pretax Income": -4577261.0,
        "Other Income Expense": -6635.0,
        "Other Non Operating Income Expenses": -6635.0,
        "Special Income Charges": NaN,
        "Net Non Operating Interest Income Expense": 958517.0,
        "Interest Income Non Operating": 958517.0,
        "Operating Income": -5529143.0,
        "Operating Expense": 5529143.0,
        "Research And Development": 3462991.0,
        "Selling General And Administration": 2066152.0,
        "General And Administrative Expense": 2066152.0,
        "Other Gand A": 2066152.0,
        "Total Revenue": 0.0,
        "Operating Revenue": 0.0
    }
}