{
    "2023-05-31": {
        "Tax Effect Of Unusual Items": NaN,
        "Tax Rate For Calcs": NaN,
        "Normalized EBITDA": NaN,
        "Net Income From Continuing Operation Net Minority Interest": NaN,
        "Reconciled Depreciation": NaN,
        "Reconciled Cost Of Revenue": NaN,
        "EBITDA": NaN,
        "EBIT": NaN,
        "Net Interest Income": NaN,
        "Interest Expense": NaN,
        "Normalized Income": NaN,
        "Net Income From Continuing And Discontinued Operation": NaN,
        "Total Expenses": NaN,
        "Total Operating Income As Reported": NaN,
        "Diluted Average Shares": NaN,
        "Basic Average Shares": NaN,
        "Diluted EPS": NaN,
        "Basic EPS": NaN,
        "Diluted NI Availto Com Stockholders": NaN,
        "Average Dilution Earnings": NaN,
        "Net Income Common Stockholders": NaN,
        "Otherunder Preferred Stock Dividend": NaN,
        "Net Income": NaN,
        "Minority Interests": 0.0,
        "Net Income Including Noncontrolling Interests": NaN,
        "Net Income Continuous Operations": NaN,
        "Tax Provision": NaN,
        "Pretax Income": NaN,
        "Other Income Expense": NaN,
        "Other Non Operating Income Expenses": NaN,
        "Net Non Operating Interest Income Expense": NaN,
        "Interest Expense Non Operating": NaN,
        "Operating Income": NaN,
        "Operating Expense": NaN,
        "Selling General And Administration": NaN,
        "Gross Profit": NaN,
        "Cost Of Revenue": NaN,
        "Total Revenue": NaN,
        "Operating Revenue": NaN
    },
    "2023-02-28": {
        "Tax Effect Of Unusual Items": NaN,
        "Tax Rate For Calcs": NaN,
        "Normalized EBITDA": NaN,
        "Net Income From Continuing Operation Net Minority Interest": NaN,
        "Reconciled Depreciation": NaN,
        "Reconciled Cost Of Revenue": NaN,
        "EBITDA": NaN,
        "EBIT": NaN,
        "Net Interest Income": NaN,
        "Interest Expense": NaN,
        "Normalized Income": NaN,
        "Net Income From Continuing And Discontinued Operation": NaN,
        "Total Expenses": NaN,
        "Total Operating Income As Reported": NaN,
        "Diluted Average Shares": NaN,
        "Basic Average Shares": NaN,
        "Diluted EPS": NaN,
        "Basic EPS": NaN,
        "Diluted NI Availto Com Stockholders": NaN,
        "Average Dilution Earnings": 10000.0,
        "Net Income Common Stockholders": NaN,
        "Otherunder Preferred Stock Dividend": NaN,
        "Net Income": NaN,
        "Minority Interests": 0.0,
        "Net Income Including Noncontrolling Interests": NaN,
        "Net Income Continuous Operations": NaN,
        "Tax Provision": NaN,
        "Pretax Income": NaN,
        "Other Income Expense": NaN,
        "Other Non Operating Income Expenses": NaN,
        "Net Non Operating Interest Income Expense": NaN,
        "Interest Expense Non Operating": NaN,
        "Operating Income": NaN,
        "Operating Expense": NaN,
        "Selling General And Administration": NaN,
        "Gross Profit": NaN,
        "Cost Of Revenue": NaN,
        "Total Revenue": NaN,
        "Operating Revenue": NaN
    },
    "2022-11-30": {
        "Tax Effect Of Unusual Items": NaN,
        "Tax Rate For Calcs": NaN,
        "Normalized EBITDA": NaN,
        "Net Income From Continuing Operation Net Minority Interest": NaN,
        "Reconciled Depreciation": NaN,
        "Reconciled Cost Of Revenue": NaN,
        "EBITDA": NaN,
        "EBIT": NaN,
        "Net Interest Income": NaN,
        "Interest Expense": NaN,
        "Normalized Income": NaN,
        "Net Income From Continuing And Discontinued Operation": NaN,
        "Total Expenses": NaN,
        "Total Operating Income As Reported": NaN,
        "Diluted Average Shares": NaN,
        "Basic Average Shares": NaN,
        "Diluted EPS": NaN,
        "Basic EPS": NaN,
        "Diluted NI Availto Com Stockholders": NaN,
        "Average Dilution Earnings": -6665000.0,
        "Net Income Common Stockholders": NaN,
        "Otherunder Preferred Stock Dividend": NaN,
        "Net Income": NaN,
        "Minority Interests": 0.0,
        "Net Income Including Noncontrolling Interests": NaN,
        "Net Income Continuous Operations": NaN,
        "Tax Provision": NaN,
        "Pretax Income": NaN,
        "Other Income Expense": NaN,
        "Other Non Operating Income Expenses": NaN,
        "Net Non Operating Interest Income Expense": NaN,
        "Interest Expense Non Operating": NaN,
        "Operating Income": NaN,
        "Operating Expense": NaN,
        "Selling General And Administration": NaN,
        "Gross Profit": NaN,
        "Cost Of Revenue": NaN,
        "Total Revenue": NaN,
        "Operating Revenue": NaN
    },
    "2022-08-31": {
        "Tax Effect Of Unusual Items": NaN,
        "Tax Rate For Calcs": NaN,
        "Normalized EBITDA": NaN,
        "Net Income From Continuing Operation Net Minority Interest": NaN,
        "Reconciled Depreciation": NaN,
        "Reconciled Cost Of Revenue": NaN,
        "EBITDA": NaN,
        "EBIT": NaN,
        "Net Interest Income": NaN,
        "Interest Expense": NaN,
        "Normalized Income": NaN,
        "Net Income From Continuing And Discontinued Operation": NaN,
        "Total Expenses": NaN,
        "Total Operating Income As Reported": NaN,
        "Diluted Average Shares": NaN,
        "Basic Average Shares": NaN,
        "Diluted EPS": NaN,
        "Basic EPS": NaN,
        "Diluted NI Availto Com Stockholders": NaN,
        "Average Dilution Earnings": NaN,
        "Net Income Common Stockholders": NaN,
        "Otherunder Preferred Stock Dividend": 1582000.0,
        "Net Income": NaN,
        "Minority Interests": NaN,
        "Net Income Including Noncontrolling Interests": NaN,
        "Net Income Continuous Operations": NaN,
        "Tax Provision": NaN,
        "Pretax Income": NaN,
        "Other Income Expense": NaN,
        "Other Non Operating Income Expenses": NaN,
        "Net Non Operating Interest Income Expense": NaN,
        "Interest Expense Non Operating": NaN,
        "Operating Income": NaN,
        "Operating Expense": NaN,
        "Selling General And Administration": NaN,
        "Gross Profit": NaN,
        "Cost Of Revenue": NaN,
        "Total Revenue": NaN,
        "Operating Revenue": NaN
    },
    "2022-05-31": {
        "Tax Effect Of Unusual Items": 0.0,
        "Tax Rate For Calcs": 0.228359,
        "Normalized EBITDA": 159457000.0,
        "Net Income From Continuing Operation Net Minority Interest": 113142000.0,
        "Reconciled Depreciation": 78606000.0,
        "Reconciled Cost Of Revenue": 1009185000.0,
        "EBIT": 159457000.0,
        "Net Interest Income": -12973000.0,
        "Interest Expense": 12973000.0,
        "Normalized Income": 113142000.0,
        "Net Income From Continuing And Discontinued Operation": 113142000.0,
        "Total Expenses": 1411189000.0,
        "Total Operating Income As Reported": 156912000.0,
        "Diluted Average Shares": 51990000.0,
        "Basic Average Shares": 51564000.0,
        "Diluted EPS": 2.14,
        "Basic EPS": 2.16,
        "Diluted NI Availto Com Stockholders": 113142000.0,
        "Average Dilution Earnings": 14000.0,
        "Net Income Common Stockholders": 113142000.0,
        "Otherunder Preferred Stock Dividend": 1714000.0,
        "Net Income": 113142000.0,
        "Minority Interests": 109000.0,
        "Net Income Including Noncontrolling Interests": 113033000.0,
        "Net Income Continuous Operations": 113033000.0,
        "Tax Provision": 33451000.0,
        "Pretax Income": 146484000.0,
        "Other Income Expense": 2545000.0,
        "Other Non Operating Income Expenses": 2545000.0,
        "Net Non Operating Interest Income Expense": -12973000.0,
        "Interest Expense Non Operating": 12973000.0,
        "Operating Income": 156912000.0,
        "Operating Expense": 402004000.0,
        "Selling General And Administration": 402004000.0,
        "Gross Profit": 558916000.0,
        "Cost Of Revenue": 1009185000.0,
        "Total Revenue": 1568101000.0,
        "Operating Revenue": 1439431000.0
    },
    "2022-02-28": {
        "Diluted EPS": 2.09,
        "Total Revenue": NaN,
        "Gross Profit": 538,
        "Operating Income": 148,
        "EBIT": 222,
        "Net Income": 109
    },
    "2021-11-30": {
        "Diluted EPS": 2.36,
        "Total Revenue": NaN,
        "Gross Profit": 519,
        "Operating Income": 158,
        "EBIT": 227,
        "Net Income": 121
    },
    "2021-08-31": {
        "Diluted EPS": 2.08,
        "Total Revenue": NaN,
        "Gross Profit": 481,
        "Operating Income": 151,
        "EBIT": 219,
        "Net Income": 108
    },
    "2021-05-31": {
        "Diluted EPS": 1.57,
        "Total Revenue": NaN,
        "Gross Profit": 483,
        "Operating Income": 128,
        "EBIT": 199,
        "Net Income": 82
    },
    "2021-02-28": {
        "Diluted EPS": 1.69,
        "Total Revenue": NaN,
        "Gross Profit": 486,
        "Operating Income": 135,
        "EBIT": 205,
        "Net Income": 89
    },
    "2020-11-30": {
        "Diluted EPS": 1.25,
        "Total Revenue": NaN,
        "Gross Profit": 459,
        "Operating Income": 120,
        "EBIT": 193,
        "Net Income": 65
    },
    "2020-08-31": {
        "Diluted EPS": 0.88,
        "Total Revenue": NaN,
        "Gross Profit": 413,
        "Operating Income": 77,
        "EBIT": 145,
        "Net Income": 45
    },
    "2020-05-31": {
        "Diluted EPS": 0.05,
        "Total Revenue": NaN,
        "Gross Profit": 345,
        "Operating Income": 24,
        "EBIT": 90,
        "Net Income": 2
    },
    "2020-02-29": {
        "Diluted EPS": 1.01,
        "Total Revenue": NaN,
        "Gross Profit": 445,
        "Operating Income": 88,
        "EBIT": 157,
        "Net Income": 52
    },
    "2019-11-30": {
        "Diluted EPS": 0.0,
        "Total Revenue": NaN,
        "Gross Profit": NaN,
        "Operating Income": NaN,
        "EBIT": NaN,
        "Net Income": NaN
    },
    "2019-05-31": {
        "Diluted EPS": 0.0,
        "Total Revenue": NaN,
        "Gross Profit": NaN,
        "Operating Income": NaN,
        "EBIT": 2,
        "Net Income": NaN
    },
    "2019-02-28": {
        "Diluted EPS": 0.0,
        "Total Revenue": NaN,
        "Gross Profit": NaN,
        "Operating Income": NaN,
        "EBIT": NaN,
        "Net Income": NaN
    },
    "2018-11-30": {
        "Diluted EPS": 0.0,
        "Total Revenue": NaN,
        "Gross Profit": NaN,
        "Operating Income": NaN,
        "EBIT": NaN,
        "Net Income": NaN
    },
    "2018-02-28": {
        "Diluted EPS": 0.0,
        "Total Revenue": NaN,
        "Gross Profit": NaN,
        "Operating Income": NaN,
        "EBIT": NaN,
        "Net Income": NaN
    },
    "2017-11-30": {
        "Diluted EPS": 0.0,
        "Total Revenue": NaN,
        "Gross Profit": NaN,
        "Operating Income": NaN,
        "EBIT": NaN,
        "Net Income": NaN
    },
    "2023-08-31": {
        "Tax Effect Of Unusual Items": NaN,
        "Tax Rate For Calcs": NaN,
        "Normalized EBITDA": NaN,
        "Net Income From Continuing Operation Net Minority Interest": NaN,
        "Reconciled Depreciation": NaN,
        "Reconciled Cost Of Revenue": NaN,
        "EBITDA": NaN,
        "EBIT": NaN,
        "Net Interest Income": NaN,
        "Interest Expense": NaN,
        "Normalized Income": NaN,
        "Net Income From Continuing And Discontinued Operation": NaN,
        "Total Expenses": NaN,
        "Total Operating Income As Reported": NaN,
        "Diluted Average Shares": NaN,
        "Basic Average Shares": NaN,
        "Diluted EPS": NaN,
        "Basic EPS": NaN,
        "Diluted NI Availto Com Stockholders": NaN,
        "Average Dilution Earnings": NaN,
        "Net Income Common Stockholders": NaN,
        "Otherunder Preferred Stock Dividend": NaN,
        "Net Income": NaN,
        "Minority Interests": 0.0,
        "Net Income Including Noncontrolling Interests": NaN,
        "Net Income Continuous Operations": NaN,
        "Tax Provision": NaN,
        "Pretax Income": NaN,
        "Other Income Expense": NaN,
        "Other Non Operating Income Expenses": NaN,
        "Net Non Operating Interest Income Expense": NaN,
        "Interest Expense Non Operating": NaN,
        "Operating Income": NaN,
        "Operating Expense": NaN,
        "Selling General And Administration": NaN,
        "Gross Profit": NaN,
        "Cost Of Revenue": NaN,
        "Total Revenue": NaN,
        "Operating Revenue": NaN
    },
    "2023-11-30": {
        "Tax Effect Of Unusual Items": NaN,
        "Tax Rate For Calcs": NaN,
        "Normalized EBITDA": NaN,
        "Net Income From Continuing Operation Net Minority Interest": NaN,
        "Reconciled Depreciation": NaN,
        "Reconciled Cost Of Revenue": NaN,
        "EBITDA": NaN,
        "EBIT": NaN,
        "Net Interest Income": NaN,
        "Interest Expense": NaN,
        "Normalized Income": NaN,
        "Net Income From Continuing And Discontinued Operation": NaN,
        "Total Expenses": NaN,
        "Total Operating Income As Reported": NaN,
        "Diluted Average Shares": NaN,
        "Basic Average Shares": NaN,
        "Diluted EPS": NaN,
        "Basic EPS": NaN,
        "Diluted NI Availto Com Stockholders": NaN,
        "Average Dilution Earnings": NaN,
        "Net Income Common Stockholders": NaN,
        "Otherunder Preferred Stock Dividend": NaN,
        "Net Income": NaN,
        "Minority Interests": 0.0,
        "Net Income Including Noncontrolling Interests": NaN,
        "Net Income Continuous Operations": NaN,
        "Tax Provision": NaN,
        "Pretax Income": NaN,
        "Other Income Expense": NaN,
        "Other Non Operating Income Expenses": NaN,
        "Net Non Operating Interest Income Expense": NaN,
        "Interest Expense Non Operating": NaN,
        "Operating Income": NaN,
        "Operating Expense": NaN,
        "Selling General And Administration": NaN,
        "Gross Profit": NaN,
        "Cost Of Revenue": NaN,
        "Total Revenue": NaN,
        "Operating Revenue": NaN
    },
    "2024-02-29": {
        "Tax Effect Of Unusual Items": 0.0,
        "Tax Rate For Calcs": 0.284549,
        "Normalized EBITDA": 339323000.0,
        "Net Income From Continuing Operation Net Minority Interest": 52102000.0,
        "Reconciled Depreciation": 184060000.0,
        "Reconciled Cost Of Revenue": 1546219000.0,
        "EBITDA": 339323000.0,
        "EBIT": 155263000.0,
        "Net Interest Income": -82439000.0,
        "Interest Expense": 82439000.0,
        "Normalized Income": 52102000.0,
        "Net Income From Continuing And Discontinued Operation": 52102000.0,
        "Total Expenses": 2254309000.0,
        "Total Operating Income As Reported": 148439000.0,
        "Diluted Average Shares": 65790000.0,
        "Basic Average Shares": 65664000.0,
        "Diluted EPS": 0.76,
        "Basic EPS": 0.76,
        "Diluted NI Availto Com Stockholders": 50104000.0,
        "Average Dilution Earnings": 4000.0,
        "Net Income Common Stockholders": 50100000.0,
        "Otherunder Preferred Stock Dividend": 2002000.0,
        "Net Income": 52102000.0,
        "Minority Interests": NaN,
        "Net Income Including Noncontrolling Interests": 52102000.0,
        "Net Income Continuous Operations": 52102000.0,
        "Tax Provision": 20722000.0,
        "Pretax Income": 72824000.0,
        "Other Income Expense": 6824000.0,
        "Other Non Operating Income Expenses": 6824000.0,
        "Net Non Operating Interest Income Expense": -82439000.0,
        "Interest Expense Non Operating": 82439000.0,
        "Operating Income": 148439000.0,
        "Operating Expense": 708090000.0,
        "Selling General And Administration": 708090000.0,
        "Gross Profit": 856529000.0,
        "Cost Of Revenue": 1546219000.0,
        "Total Revenue": 2402748000.0,
        "Operating Revenue": 2185490000.0
    },
    "2024-05-31": {
        "Tax Effect Of Unusual Items": 0.0,
        "Tax Rate For Calcs": 0.233,
        "Normalized EBITDA": 346528000.0,
        "Net Income From Continuing Operation Net Minority Interest": 66834000.0,
        "Reconciled Depreciation": 176943000.0,
        "Reconciled Cost Of Revenue": 1523147000.0,
        "EBITDA": 346528000.0,
        "EBIT": 169585000.0,
        "Net Interest Income": -82457000.0,
        "Interest Expense": 82457000.0,
        "Normalized Income": 66834000.0,
        "Net Income From Continuing And Discontinued Operation": 66834000.0,
        "Total Expenses": 2230546000.0,
        "Total Operating Income As Reported": 150170000.0,
        "Diluted Average Shares": NaN,
        "Basic Average Shares": NaN,
        "Diluted EPS": NaN,
        "Basic EPS": NaN,
        "Diluted NI Availto Com Stockholders": 64263000.0,
        "Average Dilution Earnings": 2000.0,
        "Net Income Common Stockholders": 64261000.0,
        "Otherunder Preferred Stock Dividend": 2573000.0,
        "Net Income": 66834000.0,
        "Net Income Including Noncontrolling Interests": 66834000.0,
        "Net Income Continuous Operations": 66834000.0,
        "Tax Provision": 20294000.0,
        "Pretax Income": 87128000.0,
        "Other Income Expense": 19415000.0,
        "Other Non Operating Income Expenses": 19415000.0,
        "Net Non Operating Interest Income Expense": -82457000.0,
        "Interest Expense Non Operating": 82457000.0,
        "Operating Income": 150170000.0,
        "Operating Expense": 707399000.0,
        "Selling General And Administration": 707399000.0,
        "Gross Profit": 857569000.0,
        "Cost Of Revenue": 1523147000.0,
        "Total Revenue": 2380716000.0,
        "Operating Revenue": 2161998000.0
    },
    "2024-08-31": {
        "Tax Effect Of Unusual Items": 0.0,
        "Tax Rate For Calcs": 0.37,
        "Normalized EBITDA": 283351000.0,
        "Net Income From Continuing Operation Net Minority Interest": 16631000.0,
        "Reconciled Depreciation": 176120000.0,
        "Reconciled Cost Of Revenue": 1523220000.0,
        "EBITDA": 283351000.0,
        "EBIT": 107231000.0,
        "Net Interest Income": -80815000.0,
        "Interest Expense": 80815000.0,
        "Normalized Income": 16631000.0,
        "Net Income From Continuing And Discontinued Operation": 16631000.0,
        "Total Expenses": 2234170000.0,
        "Total Operating Income As Reported": 153242000.0,
        "Diluted Average Shares": 64749000.0,
        "Basic Average Shares": 64660000.0,
        "Diluted EPS": 0.25,
        "Basic EPS": 0.25,
        "Diluted NI Availto Com Stockholders": 16073000.0,
        "Average Dilution Earnings": 1000.0,
        "Net Income Common Stockholders": 16072000.0,
        "Otherunder Preferred Stock Dividend": 559000.0,
        "Net Income": 16631000.0,
        "Net Income Including Noncontrolling Interests": 16631000.0,
        "Net Income Continuous Operations": 16631000.0,
        "Tax Provision": 9785000.0,
        "Pretax Income": 26416000.0,
        "Other Income Expense": -46011000.0,
        "Other Non Operating Income Expenses": -46011000.0,
        "Net Non Operating Interest Income Expense": -80815000.0,
        "Interest Expense Non Operating": 80815000.0,
        "Operating Income": 153242000.0,
        "Operating Expense": 710950000.0,
        "Selling General And Administration": 710950000.0,
        "Gross Profit": 864192000.0,
        "Cost Of Revenue": 1523220000.0,
        "Total Revenue": 2387412000.0,
        "Operating Revenue": 2163944000.0
    },
    "2024-11-30": {
        "Tax Effect Of Unusual Items": 0.0,
        "Tax Rate For Calcs": 0.21,
        "Normalized EBITDA": 357745000.0,
        "Net Income From Continuing Operation Net Minority Interest": 115650000.0,
        "Reconciled Depreciation": 168722000.0,
        "Reconciled Cost Of Revenue": 1577427000.0,
        "EBITDA": 357745000.0,
        "EBIT": 189023000.0,
        "Net Interest Income": -76117000.0,
        "Interest Expense": 76117000.0,
        "Normalized Income": 115650000.0,
        "Net Income From Continuing And Discontinued Operation": 115650000.0,
        "Total Expenses": 2303488000.0,
        "Total Operating Income As Reported": 144536000.0,
        "Diluted Average Shares": 64354000.0,
        "Basic Average Shares": 64315000.0,
        "Diluted EPS": 1.72,
        "Basic EPS": 1.72,
        "Diluted NI Availto Com Stockholders": 101521000.0,
        "Average Dilution Earnings": -9498000.0,
        "Net Income Common Stockholders": 111019000.0,
        "Otherunder Preferred Stock Dividend": 4631000.0,
        "Net Income": 115650000.0,
        "Net Income Including Noncontrolling Interests": 115650000.0,
        "Net Income Continuous Operations": 115650000.0,
        "Tax Provision": -2744000.0,
        "Pretax Income": 112906000.0,
        "Other Income Expense": 44487000.0,
        "Other Non Operating Income Expenses": 44487000.0,
        "Net Non Operating Interest Income Expense": -76117000.0,
        "Interest Expense Non Operating": 76117000.0,
        "Operating Income": 144536000.0,
        "Operating Expense": 726061000.0,
        "Selling General And Administration": 726061000.0,
        "Gross Profit": 870597000.0,
        "Cost Of Revenue": 1577427000.0,
        "Total Revenue": 2448024000.0,
        "Operating Revenue": 2235426000.0
    },
    "2025-02-28": {
        "Tax Effect Of Unusual Items": 0.0,
        "Tax Rate For Calcs": 0.303,
        "Normalized EBITDA": 334502000.0,
        "Net Income From Continuing Operation Net Minority Interest": 70257000.0,
        "Reconciled Depreciation": 160716000.0,
        "Reconciled Cost Of Revenue": 1516323000.0,
        "EBITDA": 334502000.0,
        "EBIT": 173786000.0,
        "Net Interest Income": -72994000.0,
        "Interest Expense": 72994000.0,
        "Normalized Income": 70257000.0,
        "Net Income From Continuing And Discontinued Operation": 70257000.0,
        "Total Expenses": 2203355000.0,
        "Total Operating Income As Reported": 168867000.0,
        "Diluted Average Shares": 64065000.0,
        "Basic Average Shares": 64037000.0,
        "Diluted EPS": 1.04,
        "Basic EPS": 1.04,
        "Diluted NI Availto Com Stockholders": 66841000.0,
        "Average Dilution Earnings": 1000.0,
        "Net Income Common Stockholders": 66840000.0,
        "Otherunder Preferred Stock Dividend": 3417000.0,
        "Net Income": 70257000.0,
        "Net Income Including Noncontrolling Interests": 70257000.0,
        "Net Income Continuous Operations": 70257000.0,
        "Tax Provision": 30535000.0,
        "Pretax Income": 100792000.0,
        "Other Income Expense": 4919000.0,
        "Other Non Operating Income Expenses": 4919000.0,
        "Net Non Operating Interest Income Expense": -72994000.0,
        "Interest Expense Non Operating": 72994000.0,
        "Operating Income": 168867000.0,
        "Operating Expense": 687032000.0,
        "Selling General And Administration": 687032000.0,
        "Gross Profit": 855899000.0,
        "Cost Of Revenue": 1516323000.0,
        "Total Revenue": 2372222000.0,
        "Operating Revenue": 2167588000.0
    },
    "2025-05-31": {
        "Tax Effect Of Unusual Items": 0.0,
        "Tax Rate For Calcs": 0.186,
        "Normalized EBITDA": 292436000.0,
        "Net Income From Continuing Operation Net Minority Interest": 42093000.0,
        "Reconciled Depreciation": 165309000.0,
        "Reconciled Cost Of Revenue": 1569223000.0,
        "EBITDA": 292436000.0,
        "EBIT": 127127000.0,
        "Net Interest Income": -75406000.0,
        "Interest Expense": 75406000.0,
        "Normalized Income": 42093000.0,
        "Net Income From Continuing And Discontinued Operation": 42093000.0,
        "Total Expenses": 2269026000.0,
        "Total Operating Income As Reported": 148345000.0,
        "Diluted Average Shares": 63406000.0,
        "Basic Average Shares": 63355000.0,
        "Diluted EPS": 0.63,
        "Basic EPS": 0.63,
        "Diluted NI Availto Com Stockholders": 40058000.0,
        "Average Dilution Earnings": 1000.0,
        "Net Income Common Stockholders": 40057000.0,
        "Otherunder Preferred Stock Dividend": 2036000.0,
        "Net Income": 42093000.0,
        "Net Income Including Noncontrolling Interests": 42093000.0,
        "Net Income Continuous Operations": 42093000.0,
        "Tax Provision": 9628000.0,
        "Pretax Income": 51721000.0,
        "Other Income Expense": -21218000.0,
        "Other Non Operating Income Expenses": -21218000.0,
        "Net Non Operating Interest Income Expense": -75406000.0,
        "Interest Expense Non Operating": 75406000.0,
        "Operating Income": 148345000.0,
        "Operating Expense": 699803000.0,
        "Selling General And Administration": 699803000.0,
        "Gross Profit": 848148000.0,
        "Cost Of Revenue": 1569223000.0,
        "Total Revenue": 2417371000.0,
        "Operating Revenue": 2199865000.0
    },
    "2025-08-31": {
        "Tax Effect Of Unusual Items": NaN,
        "Tax Rate For Calcs": NaN,
        "Normalized EBITDA": NaN,
        "Net Income From Continuing Operation Net Minority Interest": NaN,
        "Reconciled Depreciation": NaN,
        "Reconciled Cost Of Revenue": NaN,
        "EBITDA": NaN,
        "EBIT": NaN,
        "Net Interest Income": NaN,
        "Interest Expense": NaN,
        "Normalized Income": NaN,
        "Net Income From Continuing And Discontinued Operation": NaN,
        "Total Expenses": NaN,
        "Total Operating Income As Reported": NaN,
        "Diluted Average Shares": 62702000.0,
        "Basic Average Shares": 62598000.0,
        "Diluted EPS": 1.34,
        "Basic EPS": 1.34,
        "Diluted NI Availto Com Stockholders": NaN,
        "Average Dilution Earnings": NaN,
        "Net Income Common Stockholders": NaN,
        "Otherunder Preferred Stock Dividend": NaN,
        "Net Income": NaN,
        "Net Income Including Noncontrolling Interests": NaN,
        "Net Income Continuous Operations": NaN,
        "Tax Provision": NaN,
        "Pretax Income": NaN,
        "Other Income Expense": NaN,
        "Other Non Operating Income Expenses": NaN,
        "Net Non Operating Interest Income Expense": NaN,
        "Interest Expense Non Operating": NaN,
        "Operating Income": NaN,
        "Operating Expense": NaN,
        "Selling General And Administration": NaN,
        "Gross Profit": NaN,
        "Cost Of Revenue": NaN,
        "Total Revenue": NaN,
        "Operating Revenue": NaN
    }
}