{
    "2023-04-30": {
        "Tax Effect Of Unusual Items": NaN,
        "Tax Rate For Calcs": NaN,
        "Normalized EBITDA": NaN,
        "Net Income From Continuing Operation Net Minority Interest": NaN,
        "Reconciled Depreciation": NaN,
        "Reconciled Cost Of Revenue": NaN,
        "EBITDA": NaN,
        "EBIT": NaN,
        "Net Interest Income": NaN,
        "Interest Expense": 0.0,
        "Interest Income": 170596.0,
        "Normalized Income": NaN,
        "Net Income From Continuing And Discontinued Operation": NaN,
        "Total Expenses": NaN,
        "Rent Expense Supplemental": 14263.0,
        "Total Operating Income As Reported": NaN,
        "Diluted Average Shares": 11330754.0,
        "Basic Average Shares": 11010077.0,
        "Diluted EPS": 0.09,
        "Basic EPS": 0.09,
        "Diluted NI Availto Com Stockholders": NaN,
        "Net Income Common Stockholders": NaN,
        "Net Income": NaN,
        "Net Income Including Noncontrolling Interests": NaN,
        "Net Income Continuous Operations": NaN,
        "Tax Provision": NaN,
        "Pretax Income": NaN,
        "Other Income Expense": 173376.0,
        "Other Non Operating Income Expenses": 173376.0,
        "Net Non Operating Interest Income Expense": NaN,
        "Interest Expense Non Operating": 0.0,
        "Interest Income Non Operating": 170596.0,
        "Operating Income": NaN,
        "Operating Expense": NaN,
        "Other Operating Expenses": -2780.0,
        "Research And Development": NaN,
        "Selling General And Administration": NaN,
        "Selling And Marketing Expense": 66578.0,
        "General And Administrative Expense": 2175616.0,
        "Other Gand A": 1254056.0,
        "Rent And Landing Fees": 14263.0,
        "Salaries And Wages": 907297.0,
        "Gross Profit": NaN,
        "Cost Of Revenue": NaN,
        "Total Revenue": NaN,
        "Operating Revenue": NaN
    },
    "2023-01-31": {
        "Tax Effect Of Unusual Items": NaN,
        "Tax Rate For Calcs": NaN,
        "Normalized EBITDA": NaN,
        "Net Income From Continuing Operation Net Minority Interest": NaN,
        "Reconciled Depreciation": NaN,
        "Reconciled Cost Of Revenue": NaN,
        "EBITDA": NaN,
        "EBIT": NaN,
        "Net Interest Income": NaN,
        "Interest Expense": 0.0,
        "Interest Income": NaN,
        "Normalized Income": NaN,
        "Net Income From Continuing And Discontinued Operation": NaN,
        "Total Expenses": NaN,
        "Rent Expense Supplemental": NaN,
        "Total Operating Income As Reported": NaN,
        "Diluted Average Shares": NaN,
        "Basic Average Shares": NaN,
        "Diluted EPS": NaN,
        "Basic EPS": NaN,
        "Diluted NI Availto Com Stockholders": NaN,
        "Net Income Common Stockholders": NaN,
        "Net Income": NaN,
        "Net Income Including Noncontrolling Interests": NaN,
        "Net Income Continuous Operations": NaN,
        "Tax Provision": NaN,
        "Pretax Income": NaN,
        "Other Income Expense": 2904.0,
        "Other Non Operating Income Expenses": 2904.0,
        "Net Non Operating Interest Income Expense": NaN,
        "Interest Expense Non Operating": 0.0,
        "Interest Income Non Operating": NaN,
        "Operating Income": NaN,
        "Operating Expense": NaN,
        "Other Operating Expenses": NaN,
        "Research And Development": NaN,
        "Selling General And Administration": NaN,
        "Selling And Marketing Expense": NaN,
        "General And Administrative Expense": NaN,
        "Other Gand A": NaN,
        "Rent And Landing Fees": NaN,
        "Salaries And Wages": NaN,
        "Gross Profit": NaN,
        "Cost Of Revenue": NaN,
        "Total Revenue": NaN,
        "Operating Revenue": NaN
    },
    "2022-10-31": {
        "Tax Effect Of Unusual Items": NaN,
        "Tax Rate For Calcs": NaN,
        "Normalized EBITDA": NaN,
        "Net Income From Continuing Operation Net Minority Interest": NaN,
        "Reconciled Depreciation": NaN,
        "Reconciled Cost Of Revenue": NaN,
        "EBITDA": NaN,
        "EBIT": NaN,
        "Net Interest Income": NaN,
        "Interest Expense": 6802.0,
        "Interest Income": NaN,
        "Normalized Income": NaN,
        "Net Income From Continuing And Discontinued Operation": NaN,
        "Total Expenses": NaN,
        "Rent Expense Supplemental": NaN,
        "Total Operating Income As Reported": NaN,
        "Diluted Average Shares": NaN,
        "Basic Average Shares": NaN,
        "Diluted EPS": NaN,
        "Basic EPS": NaN,
        "Diluted NI Availto Com Stockholders": NaN,
        "Net Income Common Stockholders": NaN,
        "Net Income": NaN,
        "Net Income Including Noncontrolling Interests": NaN,
        "Net Income Continuous Operations": NaN,
        "Tax Provision": NaN,
        "Pretax Income": NaN,
        "Other Income Expense": NaN,
        "Other Non Operating Income Expenses": NaN,
        "Net Non Operating Interest Income Expense": NaN,
        "Interest Expense Non Operating": 6802.0,
        "Interest Income Non Operating": NaN,
        "Operating Income": NaN,
        "Operating Expense": NaN,
        "Other Operating Expenses": NaN,
        "Research And Development": NaN,
        "Selling General And Administration": NaN,
        "Selling And Marketing Expense": NaN,
        "General And Administrative Expense": NaN,
        "Other Gand A": NaN,
        "Rent And Landing Fees": NaN,
        "Salaries And Wages": NaN,
        "Gross Profit": NaN,
        "Cost Of Revenue": NaN,
        "Total Revenue": NaN,
        "Operating Revenue": NaN
    },
    "2022-07-31": {
        "Tax Effect Of Unusual Items": 0.0,
        "Tax Rate For Calcs": 0.134,
        "Normalized EBITDA": 2252278.0,
        "Total Unusual Items": 0.0,
        "Total Unusual Items Excluding Goodwill": 0.0,
        "Net Income From Continuing Operation Net Minority Interest": 1768657.0,
        "Reconciled Depreciation": 208821.0,
        "Reconciled Cost Of Revenue": 1704765.0,
        "EBITDA": 2252278.0,
        "EBIT": 2043457.0,
        "Net Interest Income": 0.0,
        "Interest Expense": 0.0,
        "Normalized Income": 1768657.0,
        "Net Income From Continuing And Discontinued Operation": 1768657.0,
        "Total Expenses": 4243696.0,
        "Total Operating Income As Reported": 2023713.0,
        "Diluted Average Shares": 11375141.0,
        "Basic Average Shares": 10858302.0,
        "Diluted EPS": 0.16,
        "Basic EPS": 0.16,
        "Diluted NI Availto Com Stockholders": 1768657.0,
        "Net Income Common Stockholders": 1768657.0,
        "Net Income": 1768657.0,
        "Net Income Including Noncontrolling Interests": 1768657.0,
        "Net Income Continuous Operations": 1768657.0,
        "Tax Provision": 274800.0,
        "Pretax Income": 2043457.0,
        "Other Income Expense": 19744.0,
        "Other Non Operating Income Expenses": 19744.0,
        "Special Income Charges": 0.0,
        "Net Non Operating Interest Income Expense": 0.0,
        "Interest Expense Non Operating": 0.0,
        "Operating Income": 2023713.0,
        "Operating Expense": 2538931.0,
        "Research And Development": 577953.0,
        "Selling General And Administration": 1960978.0,
        "Gross Profit": 4562644.0,
        "Cost Of Revenue": 1704765.0,
        "Total Revenue": 6267409.0,
        "Operating Revenue": 6267409.0
    },
    "2022-04-30": {
        "Diluted EPS": 0.05,
        "Total Revenue": 5,
        "Gross Profit": 3,
        "Operating Income": 0,
        "EBIT": 1,
        "Net Income": 1
    },
    "2022-01-31": {
        "Diluted EPS": 0.11,
        "Total Revenue": 6,
        "Gross Profit": 4,
        "Operating Income": 1,
        "EBIT": 2,
        "Net Income": 1
    },
    "2021-10-31": {
        "Diluted EPS": 0.01,
        "Total Revenue": 5,
        "Gross Profit": 3,
        "Operating Income": 0,
        "EBIT": 0,
        "Net Income": 0
    },
    "2021-07-31": {
        "Diluted EPS": 0.13,
        "Total Revenue": 6,
        "Gross Profit": 4,
        "Operating Income": 1,
        "EBIT": 2,
        "Net Income": 2
    },
    "2021-04-30": {
        "Diluted EPS": 0.2,
        "Total Revenue": 5,
        "Gross Profit": 4,
        "Operating Income": 1,
        "EBIT": 2,
        "Net Income": 2
    },
    "2021-01-31": {
        "Diluted EPS": 0.1,
        "Total Revenue": 5,
        "Gross Profit": 3,
        "Operating Income": 1,
        "EBIT": 1,
        "Net Income": 1
    },
    "2020-10-31": {
        "Diluted EPS": 0.1,
        "Total Revenue": 5,
        "Gross Profit": 3,
        "Operating Income": 0,
        "EBIT": 1,
        "Net Income": 1
    },
    "2020-07-31": {
        "Diluted EPS": 0.09,
        "Total Revenue": 5,
        "Gross Profit": 4,
        "Operating Income": 1,
        "EBIT": 2,
        "Net Income": 1
    },
    "2020-04-30": {
        "Diluted EPS": -0.02,
        "Total Revenue": 3,
        "Gross Profit": 2,
        "Operating Income": 0,
        "EBIT": 0,
        "Net Income": 0
    },
    "2020-01-31": {
        "Diluted EPS": 0.13,
        "Total Revenue": 7,
        "Gross Profit": 4,
        "Operating Income": 1,
        "EBIT": 2,
        "Net Income": 1
    },
    "2019-10-31": {
        "Diluted EPS": 0.02,
        "Total Revenue": 6,
        "Gross Profit": 4,
        "Operating Income": 0,
        "EBIT": 1,
        "Net Income": 0
    },
    "2019-07-31": {
        "Diluted EPS": 0.17,
        "Total Revenue": 7,
        "Gross Profit": 5,
        "Operating Income": 2,
        "EBIT": 2,
        "Net Income": 2
    },
    "2019-04-30": {
        "Diluted EPS": 0.18,
        "Total Revenue": 7,
        "Gross Profit": 5,
        "Operating Income": 2,
        "EBIT": 2,
        "Net Income": 2
    },
    "2019-01-31": {
        "Diluted EPS": 0.12,
        "Total Revenue": 6,
        "Gross Profit": 4,
        "Operating Income": 1,
        "EBIT": 2,
        "Net Income": 1
    },
    "2018-10-31": {
        "Diluted EPS": 0.33,
        "Total Revenue": 6,
        "Gross Profit": 4,
        "Operating Income": 1,
        "EBIT": 2,
        "Net Income": 3
    },
    "2018-07-31": {
        "Diluted EPS": 0.19,
        "Total Revenue": 6,
        "Gross Profit": 4,
        "Operating Income": 2,
        "EBIT": 2,
        "Net Income": 2
    },
    "2018-04-30": {
        "Diluted EPS": -0.01,
        "Total Revenue": 4,
        "Gross Profit": 3,
        "Operating Income": 0,
        "EBIT": 0,
        "Net Income": 0
    },
    "2018-01-31": {
        "Diluted EPS": -0.02,
        "Total Revenue": 3,
        "Gross Profit": 2,
        "Operating Income": 0,
        "EBIT": 0,
        "Net Income": 0
    },
    "2017-10-31": {
        "Diluted EPS": -0.07,
        "Total Revenue": 2,
        "Gross Profit": 2,
        "Operating Income": 0,
        "EBIT": 0,
        "Net Income": -1
    },
    "2017-07-31": {
        "Diluted EPS": 0.12,
        "Total Revenue": 5,
        "Gross Profit": 3,
        "Operating Income": 1,
        "EBIT": 1,
        "Net Income": 1
    },
    "2017-04-30": {
        "Diluted EPS": 0.14,
        "Total Revenue": 5,
        "Gross Profit": 3,
        "Operating Income": 1,
        "EBIT": 2,
        "Net Income": 1
    },
    "2017-01-31": {
        "Diluted EPS": 0.17,
        "Total Revenue": 5,
        "Gross Profit": 3,
        "Operating Income": 2,
        "EBIT": 2,
        "Net Income": 2
    },
    "2016-07-31": {
        "Diluted EPS": 0.12,
        "Total Revenue": 4,
        "Gross Profit": 3,
        "Operating Income": 1,
        "EBIT": 1,
        "Net Income": 1
    },
    "2016-04-30": {
        "Diluted EPS": 0.18,
        "Total Revenue": 6,
        "Gross Profit": 4,
        "Operating Income": 2,
        "EBIT": 2,
        "Net Income": 2
    },
    "2011-04-30": {
        "Diluted EPS": 0.0,
        "Total Revenue": 3,
        "Gross Profit": 2,
        "Operating Income": 0,
        "EBIT": 0,
        "Net Income": 0
    },
    "2011-01-31": {
        "Diluted EPS": -0.14,
        "Total Revenue": 4,
        "Gross Profit": 2,
        "Operating Income": 0,
        "EBIT": 0,
        "Net Income": 0
    },
    "2010-10-31": {
        "Diluted EPS": 1.26,
        "Total Revenue": 2,
        "Gross Profit": 0,
        "Operating Income": -2,
        "EBIT": 0,
        "Net Income": 3
    },
    "2010-07-31": {
        "Diluted EPS": -0.56,
        "Total Revenue": 2,
        "Gross Profit": 1,
        "Operating Income": -1,
        "EBIT": -1,
        "Net Income": 0
    },
    "2010-04-30": {
        "Diluted EPS": -1.54,
        "Total Revenue": 4,
        "Gross Profit": 2,
        "Operating Income": 0,
        "EBIT": 0,
        "Net Income": -6
    },
    "2010-01-31": {
        "Diluted EPS": 0.28,
        "Total Revenue": 3,
        "Gross Profit": 2,
        "Operating Income": 0,
        "EBIT": 0,
        "Net Income": 1
    },
    "2009-10-31": {
        "Diluted EPS": -1.4,
        "Total Revenue": 2,
        "Gross Profit": 1,
        "Operating Income": -5,
        "EBIT": -4,
        "Net Income": -5
    },
    "2009-07-31": {
        "Diluted EPS": -0.23,
        "Total Revenue": 3,
        "Gross Profit": 2,
        "Operating Income": 0,
        "EBIT": 0,
        "Net Income": -1
    },
    "2009-04-30": {
        "Diluted EPS": -0.42,
        "Total Revenue": 4,
        "Gross Profit": 3,
        "Operating Income": 0,
        "EBIT": 0,
        "Net Income": -1
    },
    "2009-01-31": {
        "Diluted EPS": -0.62,
        "Total Revenue": 3,
        "Gross Profit": 2,
        "Operating Income": -2,
        "EBIT": -2,
        "Net Income": -2
    },
    "2023-07-31": {
        "Tax Effect Of Unusual Items": NaN,
        "Tax Rate For Calcs": NaN,
        "Normalized EBITDA": NaN,
        "Net Income From Continuing Operation Net Minority Interest": NaN,
        "Reconciled Depreciation": NaN,
        "Reconciled Cost Of Revenue": NaN,
        "EBITDA": NaN,
        "EBIT": NaN,
        "Net Interest Income": NaN,
        "Interest Expense": 0.0,
        "Interest Income": NaN,
        "Normalized Income": NaN,
        "Net Income From Continuing And Discontinued Operation": NaN,
        "Total Expenses": NaN,
        "Rent Expense Supplemental": NaN,
        "Total Operating Income As Reported": NaN,
        "Diluted Average Shares": 11284137.0,
        "Basic Average Shares": 11092420.0,
        "Diluted EPS": 0.09,
        "Basic EPS": 0.09,
        "Diluted NI Availto Com Stockholders": NaN,
        "Net Income Common Stockholders": NaN,
        "Net Income": NaN,
        "Net Income Including Noncontrolling Interests": NaN,
        "Net Income Continuous Operations": NaN,
        "Tax Provision": NaN,
        "Pretax Income": NaN,
        "Other Income Expense": 214552.0,
        "Other Non Operating Income Expenses": 214552.0,
        "Net Non Operating Interest Income Expense": NaN,
        "Interest Expense Non Operating": 0.0,
        "Interest Income Non Operating": NaN,
        "Operating Income": NaN,
        "Operating Expense": NaN,
        "Other Operating Expenses": -2848.0,
        "Research And Development": NaN,
        "Selling General And Administration": NaN,
        "Selling And Marketing Expense": 47002.0,
        "General And Administrative Expense": 1887321.0,
        "Other Gand A": 1024828.0,
        "Rent And Landing Fees": NaN,
        "Salaries And Wages": 862493.0,
        "Gross Profit": NaN,
        "Cost Of Revenue": NaN,
        "Total Revenue": NaN,
        "Operating Revenue": NaN
    },
    "2023-10-31": {
        "Tax Effect Of Unusual Items": NaN,
        "Tax Rate For Calcs": NaN,
        "Normalized EBITDA": NaN,
        "Net Income From Continuing Operation Net Minority Interest": NaN,
        "Reconciled Depreciation": NaN,
        "Reconciled Cost Of Revenue": NaN,
        "EBITDA": NaN,
        "EBIT": NaN,
        "Net Interest Income": NaN,
        "Interest Expense": 0.0,
        "Interest Income": NaN,
        "Normalized Income": NaN,
        "Net Income From Continuing And Discontinued Operation": NaN,
        "Total Expenses": NaN,
        "Rent Expense Supplemental": NaN,
        "Total Operating Income As Reported": NaN,
        "Diluted Average Shares": NaN,
        "Basic Average Shares": NaN,
        "Diluted EPS": NaN,
        "Basic EPS": NaN,
        "Diluted NI Availto Com Stockholders": NaN,
        "Net Income Common Stockholders": NaN,
        "Net Income": NaN,
        "Net Income Including Noncontrolling Interests": NaN,
        "Net Income Continuous Operations": NaN,
        "Tax Provision": NaN,
        "Pretax Income": NaN,
        "Other Income Expense": -364547.0,
        "Other Non Operating Income Expenses": -364547.0,
        "Net Non Operating Interest Income Expense": NaN,
        "Interest Expense Non Operating": 0.0,
        "Interest Income Non Operating": NaN,
        "Operating Income": NaN,
        "Operating Expense": NaN,
        "Other Operating Expenses": NaN,
        "Research And Development": NaN,
        "Selling General And Administration": NaN,
        "Selling And Marketing Expense": NaN,
        "General And Administrative Expense": NaN,
        "Other Gand A": NaN,
        "Rent And Landing Fees": NaN,
        "Salaries And Wages": NaN,
        "Gross Profit": NaN,
        "Cost Of Revenue": NaN,
        "Total Revenue": NaN,
        "Operating Revenue": NaN
    },
    "2024-01-31": {
        "Tax Effect Of Unusual Items": NaN,
        "Tax Rate For Calcs": NaN,
        "Normalized EBITDA": NaN,
        "Net Income From Continuing Operation Net Minority Interest": NaN,
        "Reconciled Depreciation": NaN,
        "Reconciled Cost Of Revenue": NaN,
        "EBITDA": NaN,
        "EBIT": NaN,
        "Net Interest Income": NaN,
        "Interest Income": NaN,
        "Normalized Income": NaN,
        "Net Income From Continuing And Discontinued Operation": NaN,
        "Total Expenses": NaN,
        "Rent Expense Supplemental": NaN,
        "Total Operating Income As Reported": NaN,
        "Diluted Average Shares": 11264478.0,
        "Basic Average Shares": 11125061.0,
        "Diluted EPS": 0.06,
        "Basic EPS": 0.06,
        "Diluted NI Availto Com Stockholders": NaN,
        "Net Income Common Stockholders": NaN,
        "Net Income": NaN,
        "Net Income Including Noncontrolling Interests": NaN,
        "Net Income Continuous Operations": NaN,
        "Tax Provision": NaN,
        "Pretax Income": NaN,
        "Other Income Expense": 35020.0,
        "Other Non Operating Income Expenses": 35020.0,
        "Net Non Operating Interest Income Expense": NaN,
        "Interest Income Non Operating": NaN,
        "Operating Income": NaN,
        "Operating Expense": NaN,
        "Other Operating Expenses": NaN,
        "Research And Development": NaN,
        "Selling General And Administration": NaN,
        "Selling And Marketing Expense": NaN,
        "General And Administrative Expense": NaN,
        "Other Gand A": NaN,
        "Rent And Landing Fees": NaN,
        "Salaries And Wages": NaN,
        "Gross Profit": NaN,
        "Cost Of Revenue": NaN,
        "Total Revenue": NaN,
        "Operating Revenue": NaN
    },
    "2024-04-30": {
        "Tax Effect Of Unusual Items": 0.0,
        "Tax Rate For Calcs": 0.137689,
        "Normalized EBITDA": 1541860.0,
        "Net Income From Continuing Operation Net Minority Interest": 1415238.0,
        "Reconciled Depreciation": 194113.0,
        "Reconciled Cost Of Revenue": 1584744.0,
        "EBITDA": 1541860.0,
        "EBIT": 1347747.0,
        "Net Interest Income": 293468.0,
        "Interest Income": 293468.0,
        "Normalized Income": 1415238.0,
        "Net Income From Continuing And Discontinued Operation": 1415238.0,
        "Total Expenses": 3975431.0,
        "Rent Expense Supplemental": 6486.0,
        "Total Operating Income As Reported": 1350383.0,
        "Diluted Average Shares": 11288210.0,
        "Basic Average Shares": 11168493.0,
        "Diluted EPS": 0.13,
        "Basic EPS": 0.13,
        "Diluted NI Availto Com Stockholders": 1415238.0,
        "Net Income Common Stockholders": 1415238.0,
        "Net Income": 1415238.0,
        "Net Income Including Noncontrolling Interests": 1415238.0,
        "Net Income Continuous Operations": 1415238.0,
        "Tax Provision": 225977.0,
        "Pretax Income": 1641215.0,
        "Other Income Expense": NaN,
        "Other Non Operating Income Expenses": NaN,
        "Net Non Operating Interest Income Expense": 293468.0,
        "Interest Income Non Operating": 293468.0,
        "Operating Income": 1347747.0,
        "Operating Expense": 2390687.0,
        "Other Operating Expenses": 2636.0,
        "Research And Development": 542481.0,
        "Selling General And Administration": 1845570.0,
        "Selling And Marketing Expense": 109752.0,
        "General And Administrative Expense": 1735818.0,
        "Other Gand A": 796823.0,
        "Rent And Landing Fees": 6486.0,
        "Salaries And Wages": 932509.0,
        "Gross Profit": 3738434.0,
        "Cost Of Revenue": 1584744.0,
        "Total Revenue": 5323178.0,
        "Operating Revenue": 5323178.0
    },
    "2024-07-31": {
        "Tax Effect Of Unusual Items": 0.0,
        "Tax Rate For Calcs": 0.218599,
        "Normalized EBITDA": 1597441.0,
        "Net Income From Continuing Operation Net Minority Interest": 1274658.0,
        "Reconciled Depreciation": 196204.0,
        "Reconciled Cost Of Revenue": 1428006.0,
        "EBITDA": 1597441.0,
        "EBIT": 1401237.0,
        "Net Interest Income": 230009.0,
        "Interest Income": 230009.0,
        "Normalized Income": 1274658.0,
        "Net Income From Continuing And Discontinued Operation": 1274658.0,
        "Total Expenses": 4075307.0,
        "Rent Expense Supplemental": NaN,
        "Total Operating Income As Reported": 1390774.0,
        "Diluted Average Shares": 11311236.0,
        "Basic Average Shares": 11173819.0,
        "Diluted EPS": 0.11,
        "Basic EPS": 0.11,
        "Diluted NI Availto Com Stockholders": 1274658.0,
        "Net Income Common Stockholders": 1274658.0,
        "Net Income": 1274658.0,
        "Net Income Including Noncontrolling Interests": 1274658.0,
        "Net Income Continuous Operations": 1274658.0,
        "Tax Provision": 356588.0,
        "Pretax Income": 1631246.0,
        "Other Income Expense": NaN,
        "Other Non Operating Income Expenses": NaN,
        "Net Non Operating Interest Income Expense": 230009.0,
        "Interest Income Non Operating": 230009.0,
        "Operating Income": 1401237.0,
        "Operating Expense": 2647301.0,
        "Other Operating Expenses": -10463.0,
        "Research And Development": 496359.0,
        "Selling General And Administration": 2161405.0,
        "Selling And Marketing Expense": 131690.0,
        "General And Administrative Expense": 2029715.0,
        "Other Gand A": 1120211.0,
        "Rent And Landing Fees": NaN,
        "Salaries And Wages": 909504.0,
        "Gross Profit": 4048538.0,
        "Cost Of Revenue": 1428006.0,
        "Total Revenue": 5476544.0,
        "Operating Revenue": 5476544.0
    },
    "2024-10-31": {
        "Tax Effect Of Unusual Items": 0.0,
        "Tax Rate For Calcs": 0.21,
        "Normalized EBITDA": 522805.0,
        "Net Income From Continuing Operation Net Minority Interest": 326212.0,
        "Reconciled Depreciation": 189680.0,
        "Reconciled Cost Of Revenue": 1755851.0,
        "EBITDA": 522805.0,
        "EBIT": 333125.0,
        "Net Interest Income": 222758.0,
        "Interest Income": 222758.0,
        "Normalized Income": 326212.0,
        "Net Income From Continuing And Discontinued Operation": 326212.0,
        "Total Expenses": 4722123.0,
        "Rent Expense Supplemental": NaN,
        "Total Operating Income As Reported": 287590.0,
        "Diluted Average Shares": NaN,
        "Basic Average Shares": NaN,
        "Diluted EPS": NaN,
        "Basic EPS": NaN,
        "Diluted NI Availto Com Stockholders": 326212.0,
        "Net Income Common Stockholders": 326212.0,
        "Net Income": 326212.0,
        "Net Income Including Noncontrolling Interests": 326212.0,
        "Net Income Continuous Operations": 326212.0,
        "Tax Provision": 229671.0,
        "Pretax Income": 555883.0,
        "Other Income Expense": NaN,
        "Other Non Operating Income Expenses": NaN,
        "Net Non Operating Interest Income Expense": 222758.0,
        "Interest Income Non Operating": 222758.0,
        "Operating Income": 333125.0,
        "Operating Expense": 2966272.0,
        "Other Operating Expenses": -45535.0,
        "Research And Development": 717612.0,
        "Selling General And Administration": 2294195.0,
        "Selling And Marketing Expense": 134782.0,
        "General And Administrative Expense": 2159413.0,
        "Other Gand A": 1251147.0,
        "Rent And Landing Fees": NaN,
        "Salaries And Wages": 878936.0,
        "Gross Profit": 3299397.0,
        "Cost Of Revenue": 1755851.0,
        "Total Revenue": 5055248.0,
        "Operating Revenue": 5055248.0
    },
    "2025-01-31": {
        "Tax Effect Of Unusual Items": 0.0,
        "Tax Rate For Calcs": 0.02341,
        "Normalized EBITDA": 995427.0,
        "Net Income From Continuing Operation Net Minority Interest": 912975.0,
        "Reconciled Depreciation": 333405.0,
        "Reconciled Cost Of Revenue": 1781245.0,
        "EBITDA": 995427.0,
        "EBIT": 662022.0,
        "Net Interest Income": 194171.0,
        "Interest Income": 194171.0,
        "Normalized Income": 912975.0,
        "Net Income From Continuing And Discontinued Operation": 912975.0,
        "Total Expenses": 4547693.0,
        "Rent Expense Supplemental": NaN,
        "Total Operating Income As Reported": 662022.0,
        "Diluted Average Shares": 11299737.0,
        "Basic Average Shares": 11213989.0,
        "Diluted EPS": 0.08,
        "Basic EPS": 0.08,
        "Diluted NI Availto Com Stockholders": 912975.0,
        "Net Income Common Stockholders": 912975.0,
        "Net Income": 912975.0,
        "Net Income Including Noncontrolling Interests": 912975.0,
        "Net Income Continuous Operations": 912975.0,
        "Tax Provision": 21885.0,
        "Pretax Income": 934860.0,
        "Other Income Expense": 78667.0,
        "Other Non Operating Income Expenses": 78667.0,
        "Net Non Operating Interest Income Expense": 194171.0,
        "Interest Income Non Operating": 194171.0,
        "Operating Income": 662022.0,
        "Operating Expense": 2766448.0,
        "Other Operating Expenses": NaN,
        "Research And Development": 543126.0,
        "Selling General And Administration": 2223322.0,
        "Selling And Marketing Expense": NaN,
        "General And Administrative Expense": NaN,
        "Other Gand A": NaN,
        "Rent And Landing Fees": NaN,
        "Salaries And Wages": NaN,
        "Gross Profit": 3428470.0,
        "Cost Of Revenue": 1781245.0,
        "Total Revenue": 5209715.0,
        "Operating Revenue": 5209715.0
    },
    "2025-04-30": {
        "Tax Effect Of Unusual Items": 0.0,
        "Tax Rate For Calcs": 0.281957,
        "Normalized EBITDA": 1455683.0,
        "Net Income From Continuing Operation Net Minority Interest": 908762.0,
        "Reconciled Depreciation": 335667.0,
        "Reconciled Cost Of Revenue": 2520178.0,
        "EBITDA": 1455683.0,
        "EBIT": 1120016.0,
        "Net Interest Income": 145594.0,
        "Interest Income": 145594.0,
        "Normalized Income": 908762.0,
        "Net Income From Continuing And Discontinued Operation": 908762.0,
        "Total Expenses": 5897443.0,
        "Rent Expense Supplemental": 18058.0,
        "Total Operating Income As Reported": 1087684.0,
        "Diluted Average Shares": 11306828.0,
        "Basic Average Shares": 11221080.0,
        "Diluted EPS": 0.08,
        "Basic EPS": 0.08,
        "Diluted NI Availto Com Stockholders": 908762.0,
        "Net Income Common Stockholders": 908762.0,
        "Net Income": 908762.0,
        "Net Income Including Noncontrolling Interests": 908762.0,
        "Net Income Continuous Operations": 908762.0,
        "Tax Provision": 356848.0,
        "Pretax Income": 1265610.0,
        "Other Income Expense": NaN,
        "Other Non Operating Income Expenses": NaN,
        "Net Non Operating Interest Income Expense": 145594.0,
        "Interest Income Non Operating": 145594.0,
        "Operating Income": 1120016.0,
        "Operating Expense": 3377265.0,
        "Other Operating Expenses": -32332.0,
        "Research And Development": 689995.0,
        "Selling General And Administration": 2719602.0,
        "Selling And Marketing Expense": 122939.0,
        "General And Administrative Expense": 2596663.0,
        "Other Gand A": 1527987.0,
        "Rent And Landing Fees": 18058.0,
        "Salaries And Wages": 1050618.0,
        "Gross Profit": 4497281.0,
        "Cost Of Revenue": 2520178.0,
        "Total Revenue": 7017459.0,
        "Operating Revenue": 7017459.0
    }
}