{
    "2023-09-30": {
        "Tax Effect Of Unusual Items": NaN,
        "Tax Rate For Calcs": NaN,
        "Normalized EBITDA": NaN,
        "Net Income From Continuing Operation Net Minority Interest": NaN,
        "Reconciled Cost Of Revenue": NaN,
        "EBITDA": NaN,
        "EBIT": NaN,
        "Net Interest Income": NaN,
        "Interest Income": NaN,
        "Normalized Income": NaN,
        "Net Income From Continuing And Discontinued Operation": NaN,
        "Total Expenses": NaN,
        "Total Operating Income As Reported": NaN,
        "Diluted Average Shares": NaN,
        "Basic Average Shares": NaN,
        "Diluted EPS": NaN,
        "Basic EPS": NaN,
        "Diluted NI Availto Com Stockholders": NaN,
        "Net Income Common Stockholders": NaN,
        "Net Income": NaN,
        "Minority Interests": NaN,
        "Net Income Including Noncontrolling Interests": NaN,
        "Net Income Discontinuous Operations": 0.0,
        "Net Income Continuous Operations": NaN,
        "Tax Provision": NaN,
        "Pretax Income": NaN,
        "Other Income Expense": NaN,
        "Other Non Operating Income Expenses": NaN,
        "Net Non Operating Interest Income Expense": NaN,
        "Interest Income Non Operating": NaN,
        "Operating Income": NaN,
        "Operating Expense": NaN,
        "Research And Development": NaN,
        "Selling General And Administration": NaN,
        "Selling And Marketing Expense": NaN,
        "General And Administrative Expense": NaN,
        "Other Gand A": NaN,
        "Gross Profit": NaN,
        "Cost Of Revenue": NaN,
        "Total Revenue": NaN,
        "Operating Revenue": NaN
    },
    "2023-06-30": {
        "Tax Effect Of Unusual Items": NaN,
        "Tax Rate For Calcs": NaN,
        "Normalized EBITDA": NaN,
        "Net Income From Continuing Operation Net Minority Interest": NaN,
        "Reconciled Cost Of Revenue": NaN,
        "EBITDA": NaN,
        "EBIT": NaN,
        "Net Interest Income": NaN,
        "Interest Income": NaN,
        "Normalized Income": NaN,
        "Net Income From Continuing And Discontinued Operation": NaN,
        "Total Expenses": NaN,
        "Total Operating Income As Reported": NaN,
        "Diluted Average Shares": NaN,
        "Basic Average Shares": NaN,
        "Diluted EPS": NaN,
        "Basic EPS": NaN,
        "Diluted NI Availto Com Stockholders": NaN,
        "Net Income Common Stockholders": NaN,
        "Net Income": NaN,
        "Minority Interests": 0.0,
        "Net Income Including Noncontrolling Interests": NaN,
        "Net Income Discontinuous Operations": 0.0,
        "Net Income Continuous Operations": NaN,
        "Tax Provision": NaN,
        "Pretax Income": NaN,
        "Other Income Expense": NaN,
        "Other Non Operating Income Expenses": NaN,
        "Net Non Operating Interest Income Expense": NaN,
        "Interest Income Non Operating": NaN,
        "Operating Income": NaN,
        "Operating Expense": NaN,
        "Research And Development": NaN,
        "Selling General And Administration": NaN,
        "Selling And Marketing Expense": NaN,
        "General And Administrative Expense": NaN,
        "Other Gand A": NaN,
        "Gross Profit": NaN,
        "Cost Of Revenue": NaN,
        "Total Revenue": NaN,
        "Operating Revenue": NaN
    },
    "2023-03-31": {
        "Tax Effect Of Unusual Items": NaN,
        "Tax Rate For Calcs": NaN,
        "Normalized EBITDA": NaN,
        "Net Income From Continuing Operation Net Minority Interest": NaN,
        "Reconciled Cost Of Revenue": NaN,
        "EBITDA": NaN,
        "EBIT": NaN,
        "Net Interest Income": NaN,
        "Interest Income": NaN,
        "Normalized Income": NaN,
        "Net Income From Continuing And Discontinued Operation": NaN,
        "Total Expenses": NaN,
        "Total Operating Income As Reported": NaN,
        "Diluted Average Shares": NaN,
        "Basic Average Shares": NaN,
        "Diluted EPS": NaN,
        "Basic EPS": NaN,
        "Diluted NI Availto Com Stockholders": NaN,
        "Net Income Common Stockholders": NaN,
        "Net Income": NaN,
        "Minority Interests": NaN,
        "Net Income Including Noncontrolling Interests": NaN,
        "Net Income Discontinuous Operations": 0.0,
        "Net Income Continuous Operations": NaN,
        "Tax Provision": NaN,
        "Pretax Income": NaN,
        "Other Income Expense": NaN,
        "Other Non Operating Income Expenses": NaN,
        "Net Non Operating Interest Income Expense": NaN,
        "Interest Income Non Operating": NaN,
        "Operating Income": NaN,
        "Operating Expense": NaN,
        "Research And Development": NaN,
        "Selling General And Administration": NaN,
        "Selling And Marketing Expense": NaN,
        "General And Administrative Expense": NaN,
        "Other Gand A": NaN,
        "Gross Profit": NaN,
        "Cost Of Revenue": NaN,
        "Total Revenue": NaN,
        "Operating Revenue": NaN
    },
    "2023-12-31": {
        "Tax Effect Of Unusual Items": NaN,
        "Tax Rate For Calcs": NaN,
        "Normalized EBITDA": NaN,
        "Net Income From Continuing Operation Net Minority Interest": NaN,
        "Reconciled Cost Of Revenue": NaN,
        "EBITDA": NaN,
        "EBIT": NaN,
        "Net Interest Income": NaN,
        "Interest Income": NaN,
        "Normalized Income": NaN,
        "Net Income From Continuing And Discontinued Operation": NaN,
        "Total Expenses": NaN,
        "Total Operating Income As Reported": NaN,
        "Diluted Average Shares": NaN,
        "Basic Average Shares": NaN,
        "Diluted EPS": NaN,
        "Basic EPS": NaN,
        "Diluted NI Availto Com Stockholders": NaN,
        "Net Income Common Stockholders": NaN,
        "Net Income": NaN,
        "Minority Interests": NaN,
        "Net Income Including Noncontrolling Interests": NaN,
        "Net Income Discontinuous Operations": 0.0,
        "Net Income Continuous Operations": NaN,
        "Tax Provision": NaN,
        "Pretax Income": NaN,
        "Other Income Expense": NaN,
        "Other Non Operating Income Expenses": NaN,
        "Net Non Operating Interest Income Expense": NaN,
        "Interest Income Non Operating": NaN,
        "Operating Income": NaN,
        "Operating Expense": NaN,
        "Research And Development": NaN,
        "Selling General And Administration": NaN,
        "Selling And Marketing Expense": NaN,
        "General And Administrative Expense": NaN,
        "Other Gand A": NaN,
        "Gross Profit": NaN,
        "Cost Of Revenue": NaN,
        "Total Revenue": NaN,
        "Operating Revenue": NaN
    },
    "2022-12-31": {
        "Tax Effect Of Unusual Items": NaN,
        "Tax Rate For Calcs": NaN,
        "Normalized EBITDA": NaN,
        "Net Income From Continuing Operation Net Minority Interest": NaN,
        "Reconciled Cost Of Revenue": NaN,
        "EBITDA": NaN,
        "EBIT": NaN,
        "Net Interest Income": NaN,
        "Interest Income": NaN,
        "Normalized Income": NaN,
        "Net Income From Continuing And Discontinued Operation": NaN,
        "Total Expenses": NaN,
        "Total Operating Income As Reported": NaN,
        "Diluted Average Shares": NaN,
        "Basic Average Shares": NaN,
        "Diluted EPS": NaN,
        "Basic EPS": NaN,
        "Diluted NI Availto Com Stockholders": NaN,
        "Net Income Common Stockholders": NaN,
        "Net Income": NaN,
        "Minority Interests": NaN,
        "Net Income Including Noncontrolling Interests": NaN,
        "Net Income Discontinuous Operations": 0.0,
        "Net Income Continuous Operations": NaN,
        "Tax Provision": NaN,
        "Pretax Income": NaN,
        "Other Income Expense": NaN,
        "Other Non Operating Income Expenses": NaN,
        "Net Non Operating Interest Income Expense": NaN,
        "Interest Income Non Operating": NaN,
        "Operating Income": NaN,
        "Operating Expense": NaN,
        "Research And Development": NaN,
        "Selling General And Administration": NaN,
        "Selling And Marketing Expense": NaN,
        "General And Administrative Expense": NaN,
        "Other Gand A": NaN,
        "Gross Profit": NaN,
        "Cost Of Revenue": NaN,
        "Total Revenue": NaN,
        "Operating Revenue": NaN
    },
    "2024-03-31": {
        "Tax Effect Of Unusual Items": 0.0,
        "Tax Rate For Calcs": 0.25,
        "Normalized EBITDA": -3987000.0,
        "Net Income From Continuing Operation Net Minority Interest": -3994000.0,
        "Reconciled Cost Of Revenue": 2128000.0,
        "EBITDA": -3987000.0,
        "EBIT": -3987000.0,
        "Net Interest Income": 82000.0,
        "Interest Income": 82000.0,
        "Normalized Income": -3994000.0,
        "Net Income From Continuing And Discontinued Operation": -3994000.0,
        "Total Expenses": 13436000.0,
        "Total Operating Income As Reported": -3987000.0,
        "Diluted Average Shares": 5752072.0,
        "Basic Average Shares": 5752072.0,
        "Diluted EPS": -0.6,
        "Basic EPS": -0.6,
        "Diluted NI Availto Com Stockholders": -3994000.0,
        "Net Income Common Stockholders": -3994000.0,
        "Net Income": -3994000.0,
        "Minority Interests": 19000.0,
        "Net Income Including Noncontrolling Interests": -4013000.0,
        "Net Income Discontinuous Operations": NaN,
        "Net Income Continuous Operations": -4013000.0,
        "Tax Provision": 22000.0,
        "Pretax Income": -3991000.0,
        "Other Income Expense": -86000.0,
        "Other Non Operating Income Expenses": -86000.0,
        "Net Non Operating Interest Income Expense": 82000.0,
        "Interest Income Non Operating": 82000.0,
        "Operating Income": -3987000.0,
        "Operating Expense": 11308000.0,
        "Research And Development": 948000.0,
        "Selling General And Administration": 10360000.0,
        "Selling And Marketing Expense": 7761000.0,
        "General And Administrative Expense": 2599000.0,
        "Other Gand A": 2599000.0,
        "Gross Profit": 7321000.0,
        "Cost Of Revenue": 2128000.0,
        "Total Revenue": 9449000.0,
        "Operating Revenue": 9449000.0
    },
    "2024-06-30": {
        "Tax Effect Of Unusual Items": 0.0,
        "Tax Rate For Calcs": 0.25,
        "Normalized EBITDA": -2415000.0,
        "Net Income From Continuing Operation Net Minority Interest": -1247000.0,
        "Reconciled Cost Of Revenue": 2400000.0,
        "EBITDA": -2415000.0,
        "EBIT": -2415000.0,
        "Net Interest Income": 63000.0,
        "Interest Income": 63000.0,
        "Normalized Income": -1247000.0,
        "Net Income From Continuing And Discontinued Operation": -1247000.0,
        "Total Expenses": 13375000.0,
        "Total Operating Income As Reported": -2415000.0,
        "Diluted Average Shares": 5778359.0,
        "Basic Average Shares": 5778359.0,
        "Diluted EPS": -0.215805,
        "Basic EPS": -0.215805,
        "Diluted NI Availto Com Stockholders": -1247000.0,
        "Net Income Common Stockholders": -1247000.0,
        "Net Income": -1247000.0,
        "Minority Interests": 15000.0,
        "Net Income Including Noncontrolling Interests": -1262000.0,
        "Net Income Discontinuous Operations": NaN,
        "Net Income Continuous Operations": -1262000.0,
        "Tax Provision": 41000.0,
        "Pretax Income": -1221000.0,
        "Other Income Expense": 1131000.0,
        "Other Non Operating Income Expenses": 1131000.0,
        "Net Non Operating Interest Income Expense": 63000.0,
        "Interest Income Non Operating": 63000.0,
        "Operating Income": -2415000.0,
        "Operating Expense": 10975000.0,
        "Research And Development": 851000.0,
        "Selling General And Administration": 10124000.0,
        "Selling And Marketing Expense": 7335000.0,
        "General And Administrative Expense": 2789000.0,
        "Other Gand A": 2789000.0,
        "Gross Profit": 8560000.0,
        "Cost Of Revenue": 2400000.0,
        "Total Revenue": 10960000.0,
        "Operating Revenue": 10960000.0
    },
    "2024-09-30": {
        "Tax Effect Of Unusual Items": 0.0,
        "Tax Rate For Calcs": 0.25,
        "Normalized EBITDA": -786000.0,
        "Net Income From Continuing Operation Net Minority Interest": -633000.0,
        "Reconciled Cost Of Revenue": 2985000.0,
        "EBITDA": -786000.0,
        "EBIT": -786000.0,
        "Net Interest Income": 57000.0,
        "Interest Income": 57000.0,
        "Normalized Income": -633000.0,
        "Net Income From Continuing And Discontinued Operation": -633000.0,
        "Total Expenses": 14833000.0,
        "Total Operating Income As Reported": -786000.0,
        "Diluted Average Shares": 5795086.0,
        "Basic Average Shares": 5795086.0,
        "Diluted EPS": -0.10923,
        "Basic EPS": -0.10923,
        "Diluted NI Availto Com Stockholders": -633000.0,
        "Net Income Common Stockholders": -633000.0,
        "Net Income": -633000.0,
        "Minority Interests": 17000.0,
        "Net Income Including Noncontrolling Interests": -650000.0,
        "Net Income Discontinuous Operations": NaN,
        "Net Income Continuous Operations": -650000.0,
        "Tax Provision": 51000.0,
        "Pretax Income": -599000.0,
        "Other Income Expense": 130000.0,
        "Other Non Operating Income Expenses": 130000.0,
        "Net Non Operating Interest Income Expense": 57000.0,
        "Interest Income Non Operating": 57000.0,
        "Operating Income": -786000.0,
        "Operating Expense": 11848000.0,
        "Research And Development": 839000.0,
        "Selling General And Administration": 11009000.0,
        "Selling And Marketing Expense": 8171000.0,
        "General And Administrative Expense": 2838000.0,
        "Other Gand A": 2838000.0,
        "Gross Profit": 11062000.0,
        "Cost Of Revenue": 2985000.0,
        "Total Revenue": 14047000.0,
        "Operating Revenue": 14047000.0
    },
    "2024-12-31": {
        "Tax Effect Of Unusual Items": 0.0,
        "Tax Rate For Calcs": 0.25,
        "Normalized EBITDA": -901000.0,
        "Net Income From Continuing Operation Net Minority Interest": -1631000.0,
        "Reconciled Cost Of Revenue": 3651000.0,
        "EBITDA": -901000.0,
        "EBIT": -901000.0,
        "Net Interest Income": 27000.0,
        "Interest Income": 27000.0,
        "Normalized Income": -1631000.0,
        "Net Income From Continuing And Discontinued Operation": -1631000.0,
        "Total Expenses": 17140000.0,
        "Total Operating Income As Reported": -901000.0,
        "Diluted Average Shares": 5815310.0,
        "Basic Average Shares": 5815310.0,
        "Diluted EPS": 0.0,
        "Basic EPS": 0.0,
        "Diluted NI Availto Com Stockholders": -1631000.0,
        "Net Income Common Stockholders": -1631000.0,
        "Net Income": -1631000.0,
        "Minority Interests": 36000.0,
        "Net Income Including Noncontrolling Interests": -1667000.0,
        "Net Income Discontinuous Operations": NaN,
        "Net Income Continuous Operations": -1667000.0,
        "Tax Provision": 162000.0,
        "Pretax Income": -1505000.0,
        "Other Income Expense": -631000.0,
        "Other Non Operating Income Expenses": -631000.0,
        "Net Non Operating Interest Income Expense": 27000.0,
        "Interest Income Non Operating": 27000.0,
        "Operating Income": -901000.0,
        "Operating Expense": 13489000.0,
        "Research And Development": 936000.0,
        "Selling General And Administration": 12553000.0,
        "Selling And Marketing Expense": 10154000.0,
        "General And Administrative Expense": 2399000.0,
        "Other Gand A": 2399000.0,
        "Gross Profit": 12588000.0,
        "Cost Of Revenue": 3651000.0,
        "Total Revenue": 16239000.0,
        "Operating Revenue": 16239000.0
    },
    "2025-03-31": {
        "Tax Effect Of Unusual Items": 0.0,
        "Tax Rate For Calcs": 0.25,
        "Normalized EBITDA": -1293000.0,
        "Net Income From Continuing Operation Net Minority Interest": -1470000.0,
        "Reconciled Cost Of Revenue": 4205000.0,
        "EBITDA": -1293000.0,
        "EBIT": -1293000.0,
        "Net Interest Income": 20000.0,
        "Interest Income": 20000.0,
        "Normalized Income": -1470000.0,
        "Net Income From Continuing And Discontinued Operation": -1470000.0,
        "Total Expenses": 19540000.0,
        "Total Operating Income As Reported": -1293000.0,
        "Diluted Average Shares": 5859926.0,
        "Basic Average Shares": 5859926.0,
        "Diluted EPS": 0.0,
        "Basic EPS": 0.0,
        "Diluted NI Availto Com Stockholders": -1470000.0,
        "Net Income Common Stockholders": -1470000.0,
        "Net Income": -1470000.0,
        "Minority Interests": 19000.0,
        "Net Income Including Noncontrolling Interests": -1489000.0,
        "Net Income Discontinuous Operations": NaN,
        "Net Income Continuous Operations": -1489000.0,
        "Tax Provision": 157000.0,
        "Pretax Income": -1332000.0,
        "Other Income Expense": -59000.0,
        "Other Non Operating Income Expenses": -59000.0,
        "Net Non Operating Interest Income Expense": 20000.0,
        "Interest Income Non Operating": 20000.0,
        "Operating Income": -1293000.0,
        "Operating Expense": 15335000.0,
        "Research And Development": 1041000.0,
        "Selling General And Administration": 14294000.0,
        "Selling And Marketing Expense": 11077000.0,
        "General And Administrative Expense": 3217000.0,
        "Other Gand A": 3217000.0,
        "Gross Profit": 14042000.0,
        "Cost Of Revenue": 4205000.0,
        "Total Revenue": 18247000.0,
        "Operating Revenue": 18247000.0
    }
}