{
    "2023-06-30": {
        "Tax Effect Of Unusual Items": 0.0,
        "Tax Rate For Calcs": 0.172,
        "Net Income From Continuing Operation Net Minority Interest": 1431000000.0,
        "Reconciled Depreciation": 325000000.0,
        "Net Interest Income": 7113000000.0,
        "Interest Expense": 3053000000.0,
        "Interest Income": 10166000000.0,
        "Normalized Income": 1431000000.0,
        "Net Income From Continuing And Discontinued Operation": 1431000000.0,
        "Diluted Average Shares": 383700000.0,
        "Basic Average Shares": 382800000.0,
        "Diluted EPS": 3.52,
        "Basic EPS": 3.53,
        "Diluted NI Availto Com Stockholders": 1351000000.0,
        "Net Income Common Stockholders": 1351000000.0,
        "Otherunder Preferred Stock Dividend": 23000000.0,
        "Preferred Stock Dividends": 57000000.0,
        "Net Income": 1431000000.0,
        "Net Income Including Noncontrolling Interests": 1431000000.0,
        "Net Income Discontinuous Operations": NaN,
        "Net Income Continuous Operations": 1431000000.0,
        "Tax Provision": 297000000.0,
        "Pretax Income": 1728000000.0,
        "Gain On Sale Of Security": NaN,
        "Depreciation Amortization Depletion Income Statement": 22000000.0,
        "Depreciation And Amortization In Income Statement": 22000000.0,
        "Amortization": 22000000.0,
        "Amortization Of Intangibles Income Statement": 22000000.0,
        "Selling General And Administration": 3203000000.0,
        "Selling And Marketing Expense": 886000000.0,
        "General And Administrative Expense": 2317000000.0,
        "Salaries And Wages": 2317000000.0,
        "Total Revenue": 9012000000.0,
        "Operating Revenue": 9012000000.0,
        "Occupancy And Equipment": 506000000.0,
        "Professional Expense And Contract Services Expense": 290000000.0,
        "Other Non Interest Expense": 773000000.0
    },
    "2023-03-31": {
        "Tax Effect Of Unusual Items": NaN,
        "Tax Rate For Calcs": NaN,
        "Net Income From Continuing Operation Net Minority Interest": NaN,
        "Reconciled Depreciation": NaN,
        "Net Interest Income": NaN,
        "Interest Expense": NaN,
        "Interest Income": NaN,
        "Normalized Income": NaN,
        "Net Income From Continuing And Discontinued Operation": NaN,
        "Diluted Average Shares": NaN,
        "Basic Average Shares": NaN,
        "Diluted EPS": NaN,
        "Basic EPS": NaN,
        "Diluted NI Availto Com Stockholders": NaN,
        "Net Income Common Stockholders": NaN,
        "Otherunder Preferred Stock Dividend": NaN,
        "Preferred Stock Dividends": NaN,
        "Net Income": NaN,
        "Net Income Including Noncontrolling Interests": NaN,
        "Net Income Discontinuous Operations": 0.0,
        "Net Income Continuous Operations": NaN,
        "Tax Provision": NaN,
        "Pretax Income": NaN,
        "Gain On Sale Of Security": 117000000.0,
        "Depreciation Amortization Depletion Income Statement": NaN,
        "Depreciation And Amortization In Income Statement": NaN,
        "Amortization": NaN,
        "Amortization Of Intangibles Income Statement": NaN,
        "Selling General And Administration": NaN,
        "Selling And Marketing Expense": NaN,
        "General And Administrative Expense": NaN,
        "Salaries And Wages": NaN,
        "Total Revenue": NaN,
        "Operating Revenue": NaN,
        "Occupancy And Equipment": NaN,
        "Professional Expense And Contract Services Expense": NaN,
        "Other Non Interest Expense": NaN
    },
    "2022-12-31": {
        "Tax Effect Of Unusual Items": NaN,
        "Tax Rate For Calcs": NaN,
        "Net Income From Continuing Operation Net Minority Interest": NaN,
        "Reconciled Depreciation": NaN,
        "Net Interest Income": NaN,
        "Interest Expense": NaN,
        "Interest Income": NaN,
        "Normalized Income": NaN,
        "Net Income From Continuing And Discontinued Operation": NaN,
        "Diluted Average Shares": NaN,
        "Basic Average Shares": NaN,
        "Diluted EPS": NaN,
        "Basic EPS": NaN,
        "Diluted NI Availto Com Stockholders": NaN,
        "Net Income Common Stockholders": NaN,
        "Otherunder Preferred Stock Dividend": NaN,
        "Preferred Stock Dividends": NaN,
        "Net Income": NaN,
        "Net Income Including Noncontrolling Interests": NaN,
        "Net Income Discontinuous Operations": 0.0,
        "Net Income Continuous Operations": NaN,
        "Tax Provision": NaN,
        "Pretax Income": NaN,
        "Gain On Sale Of Security": 88000000.0,
        "Depreciation Amortization Depletion Income Statement": NaN,
        "Depreciation And Amortization In Income Statement": NaN,
        "Amortization": NaN,
        "Amortization Of Intangibles Income Statement": NaN,
        "Selling General And Administration": NaN,
        "Selling And Marketing Expense": NaN,
        "General And Administrative Expense": NaN,
        "Salaries And Wages": NaN,
        "Total Revenue": NaN,
        "Operating Revenue": NaN,
        "Occupancy And Equipment": NaN,
        "Professional Expense And Contract Services Expense": NaN,
        "Other Non Interest Expense": NaN
    },
    "2022-09-30": {
        "Tax Effect Of Unusual Items": NaN,
        "Tax Rate For Calcs": NaN,
        "Net Income From Continuing Operation Net Minority Interest": NaN,
        "Reconciled Depreciation": NaN,
        "Net Interest Income": NaN,
        "Interest Expense": NaN,
        "Interest Income": NaN,
        "Normalized Income": NaN,
        "Net Income From Continuing And Discontinued Operation": NaN,
        "Diluted Average Shares": NaN,
        "Basic Average Shares": NaN,
        "Diluted EPS": NaN,
        "Basic EPS": NaN,
        "Diluted NI Availto Com Stockholders": NaN,
        "Net Income Common Stockholders": NaN,
        "Otherunder Preferred Stock Dividend": NaN,
        "Preferred Stock Dividends": NaN,
        "Net Income": NaN,
        "Net Income Including Noncontrolling Interests": NaN,
        "Net Income Discontinuous Operations": 0.0,
        "Net Income Continuous Operations": NaN,
        "Tax Provision": NaN,
        "Pretax Income": NaN,
        "Gain On Sale Of Security": 7000000.0,
        "Depreciation Amortization Depletion Income Statement": NaN,
        "Depreciation And Amortization In Income Statement": NaN,
        "Amortization": NaN,
        "Amortization Of Intangibles Income Statement": NaN,
        "Selling General And Administration": NaN,
        "Selling And Marketing Expense": NaN,
        "General And Administrative Expense": NaN,
        "Salaries And Wages": NaN,
        "Total Revenue": NaN,
        "Operating Revenue": NaN
    },
    "2022-06-30": {
        "Tax Effect Of Unusual Items": 0.0,
        "Tax Rate For Calcs": 0.208,
        "Total Unusual Items": 0.0,
        "Total Unusual Items Excluding Goodwill": 0.0,
        "Net Income From Continuing Operation Net Minority Interest": 2031000000.0,
        "Reconciled Depreciation": 14000000.0,
        "Net Interest Income": 6517000000.0,
        "Interest Expense": 578000000.0,
        "Interest Income": 7095000000.0,
        "Normalized Income": 2031000000.0,
        "Net Income From Continuing And Discontinued Operation": 2031000000.0,
        "Diluted Average Shares": 392600000.0,
        "Basic Average Shares": 391200000.0,
        "Diluted EPS": 4.96,
        "Basic EPS": 4.98,
        "Diluted NI Availto Com Stockholders": 1949000000.0,
        "Net Income Common Stockholders": 1949000000.0,
        "Otherunder Preferred Stock Dividend": 25000000.0,
        "Preferred Stock Dividends": 57000000.0,
        "Net Income": 2031000000.0,
        "Net Income Including Noncontrolling Interests": 2031000000.0,
        "Net Income Discontinuous Operations": 0.0,
        "Net Income Continuous Operations": 2031000000.0,
        "Tax Provision": 533000000.0,
        "Pretax Income": 2564000000.0,
        "Special Income Charges": 0.0,
        "Other Special Charges": NaN,
        "Restructuring And Mergern Acquisition": NaN,
        "Gain On Sale Of Security": -26000000.0,
        "Depreciation Amortization Depletion Income Statement": 14000000.0,
        "Depreciation And Amortization In Income Statement": 14000000.0,
        "Amortization": 14000000.0,
        "Amortization Of Intangibles Income Statement": 14000000.0,
        "Selling General And Administration": 2949000000.0,
        "Selling And Marketing Expense": 1003000000.0,
        "General And Administrative Expense": 1946000000.0,
        "Salaries And Wages": 1946000000.0,
        "Total Revenue": 8232000000.0,
        "Operating Revenue": 8232000000.0
    },
    "2022-03-31": {
        "Diluted EPS": 5.62,
        "Total Revenue": NaN,
        "Gross Profit": NaN,
        "Operating Income": NaN,
        "EBIT": NaN,
        "Net Income": NaN
    },
    "2021-12-31": {
        "Diluted EPS": 5.51,
        "Total Revenue": NaN,
        "Gross Profit": NaN,
        "Operating Income": NaN,
        "EBIT": NaN,
        "Net Income": NaN
    },
    "2021-09-30": {
        "Diluted EPS": 6.78,
        "Total Revenue": NaN,
        "Gross Profit": NaN,
        "Operating Income": NaN,
        "EBIT": NaN,
        "Net Income": NaN
    },
    "2021-06-30": {
        "Diluted EPS": 7.62,
        "Total Revenue": NaN,
        "Gross Profit": NaN,
        "Operating Income": NaN,
        "EBIT": NaN,
        "Net Income": NaN
    },
    "2021-03-31": {
        "Diluted EPS": 7.03,
        "Total Revenue": NaN,
        "Gross Profit": NaN,
        "Operating Income": NaN,
        "EBIT": NaN,
        "Net Income": NaN
    },
    "2020-12-31": {
        "Diluted EPS": 5.43,
        "Total Revenue": NaN,
        "Gross Profit": NaN,
        "Operating Income": NaN,
        "EBIT": NaN,
        "Net Income": NaN
    },
    "2020-09-30": {
        "Diluted EPS": 5.06,
        "Total Revenue": NaN,
        "Gross Profit": NaN,
        "Operating Income": NaN,
        "EBIT": NaN,
        "Net Income": NaN
    },
    "2020-06-30": {
        "Diluted EPS": -2.21,
        "Total Revenue": NaN,
        "Gross Profit": NaN,
        "Operating Income": NaN,
        "EBIT": NaN,
        "Net Income": NaN
    },
    "2020-03-31": {
        "Diluted EPS": -3.1,
        "Total Revenue": NaN,
        "Gross Profit": NaN,
        "Operating Income": NaN,
        "EBIT": NaN,
        "Net Income": NaN
    },
    "2019-12-31": {
        "Diluted EPS": 2.26,
        "Total Revenue": NaN,
        "Gross Profit": NaN,
        "Operating Income": NaN,
        "EBIT": NaN,
        "Net Income": NaN
    },
    "2019-09-30": {
        "Diluted EPS": 2.69,
        "Total Revenue": NaN,
        "Gross Profit": NaN,
        "Operating Income": NaN,
        "EBIT": NaN,
        "Net Income": NaN
    },
    "2019-06-30": {
        "Diluted EPS": 3.24,
        "Total Revenue": NaN,
        "Gross Profit": NaN,
        "Operating Income": NaN,
        "EBIT": NaN,
        "Net Income": NaN
    },
    "2019-03-31": {
        "Diluted EPS": 2.86,
        "Total Revenue": NaN,
        "Gross Profit": NaN,
        "Operating Income": NaN,
        "EBIT": NaN,
        "Net Income": NaN
    },
    "2018-12-31": {
        "Diluted EPS": 2.5,
        "Total Revenue": NaN,
        "Gross Profit": NaN,
        "Operating Income": NaN,
        "EBIT": NaN,
        "Net Income": NaN
    },
    "2018-09-30": {
        "Diluted EPS": 2.99,
        "Total Revenue": NaN,
        "Gross Profit": NaN,
        "Operating Income": NaN,
        "EBIT": NaN,
        "Net Income": NaN
    },
    "2018-06-30": {
        "Diluted EPS": 3.71,
        "Total Revenue": NaN,
        "Gross Profit": NaN,
        "Operating Income": NaN,
        "EBIT": NaN,
        "Net Income": NaN
    },
    "2018-03-31": {
        "Diluted EPS": 2.62,
        "Total Revenue": NaN,
        "Gross Profit": NaN,
        "Operating Income": NaN,
        "EBIT": NaN,
        "Net Income": NaN
    },
    "2017-12-31": {
        "Diluted EPS": -2.13,
        "Total Revenue": NaN,
        "Gross Profit": NaN,
        "Operating Income": NaN,
        "EBIT": NaN,
        "Net Income": NaN
    },
    "2017-09-30": {
        "Diluted EPS": 2.14,
        "Total Revenue": NaN,
        "Gross Profit": NaN,
        "Operating Income": NaN,
        "EBIT": NaN,
        "Net Income": NaN
    },
    "2017-06-30": {
        "Diluted EPS": 1.94,
        "Total Revenue": NaN,
        "Gross Profit": NaN,
        "Operating Income": NaN,
        "EBIT": NaN,
        "Net Income": 948
    },
    "2017-03-31": {
        "Diluted EPS": 1.54,
        "Total Revenue": NaN,
        "Gross Profit": NaN,
        "Operating Income": NaN,
        "EBIT": NaN,
        "Net Income": 752
    },
    "2016-12-31": {
        "Diluted EPS": 1.46,
        "Total Revenue": NaN,
        "Gross Profit": NaN,
        "Operating Income": NaN,
        "EBIT": NaN,
        "Net Income": 710
    },
    "2016-09-30": {
        "Diluted EPS": 1.9,
        "Total Revenue": NaN,
        "Gross Profit": NaN,
        "Operating Income": NaN,
        "EBIT": NaN,
        "Net Income": 962
    },
    "2016-06-30": {
        "Diluted EPS": 1.69,
        "Total Revenue": NaN,
        "Gross Profit": NaN,
        "Operating Income": NaN,
        "EBIT": NaN,
        "Net Income": 871
    },
    "2016-03-31": {
        "Diluted EPS": 1.84,
        "Total Revenue": NaN,
        "Gross Profit": NaN,
        "Operating Income": NaN,
        "EBIT": NaN,
        "Net Income": 970
    },
    "2015-12-31": {
        "Diluted EPS": 1.59,
        "Total Revenue": NaN,
        "Gross Profit": NaN,
        "Operating Income": NaN,
        "EBIT": NaN,
        "Net Income": 848
    },
    "2015-09-30": {
        "Diluted EPS": 1.98,
        "Total Revenue": NaN,
        "Gross Profit": NaN,
        "Operating Income": NaN,
        "EBIT": NaN,
        "Net Income": NaN
    },
    "2015-06-30": {
        "Diluted EPS": 1.5,
        "Total Revenue": NaN,
        "Gross Profit": NaN,
        "Operating Income": NaN,
        "EBIT": NaN,
        "Net Income": 830
    },
    "2015-03-31": {
        "Diluted EPS": 2.0,
        "Total Revenue": NaN,
        "Gross Profit": NaN,
        "Operating Income": NaN,
        "EBIT": NaN,
        "Net Income": NaN
    },
    "2014-12-31": {
        "Diluted EPS": 1.73,
        "Total Revenue": NaN,
        "Gross Profit": NaN,
        "Operating Income": NaN,
        "EBIT": NaN,
        "Net Income": 974
    },
    "2014-09-30": {
        "Diluted EPS": 1.86,
        "Total Revenue": NaN,
        "Gross Profit": NaN,
        "Operating Income": NaN,
        "EBIT": NaN,
        "Net Income": NaN
    },
    "2014-06-30": {
        "Diluted EPS": 2.04,
        "Total Revenue": NaN,
        "Gross Profit": NaN,
        "Operating Income": NaN,
        "EBIT": NaN,
        "Net Income": NaN
    },
    "2014-03-31": {
        "Diluted EPS": 1.96,
        "Total Revenue": NaN,
        "Gross Profit": NaN,
        "Operating Income": NaN,
        "EBIT": NaN,
        "Net Income": NaN
    },
    "2013-12-31": {
        "Diluted EPS": 1.43,
        "Total Revenue": NaN,
        "Gross Profit": NaN,
        "Operating Income": NaN,
        "EBIT": NaN,
        "Net Income": 835
    },
    "2013-09-30": {
        "Diluted EPS": 1.84,
        "Total Revenue": NaN,
        "Gross Profit": NaN,
        "Operating Income": NaN,
        "EBIT": NaN,
        "Net Income": NaN
    },
    "2013-06-30": {
        "Diluted EPS": 1.85,
        "Total Revenue": NaN,
        "Gross Profit": NaN,
        "Operating Income": NaN,
        "EBIT": NaN,
        "Net Income": NaN
    },
    "2013-03-31": {
        "Diluted EPS": 1.77,
        "Total Revenue": NaN,
        "Gross Profit": NaN,
        "Operating Income": NaN,
        "EBIT": NaN,
        "Net Income": NaN
    },
    "2012-12-31": {
        "Diluted EPS": 1.22,
        "Total Revenue": NaN,
        "Gross Profit": NaN,
        "Operating Income": NaN,
        "EBIT": NaN,
        "Net Income": 801
    },
    "2012-09-30": {
        "Diluted EPS": 2.01,
        "Total Revenue": NaN,
        "Gross Profit": NaN,
        "Operating Income": NaN,
        "EBIT": NaN,
        "Net Income": NaN
    },
    "2012-06-30": {
        "Diluted EPS": 0.16,
        "Total Revenue": NaN,
        "Gross Profit": NaN,
        "Operating Income": 369,
        "EBIT": NaN,
        "Net Income": 92
    },
    "2012-03-31": {
        "Diluted EPS": 2.72,
        "Total Revenue": NaN,
        "Gross Profit": NaN,
        "Operating Income": NaN,
        "EBIT": NaN,
        "Net Income": NaN
    },
    "2011-12-31": {
        "Diluted EPS": 0.85,
        "Total Revenue": NaN,
        "Gross Profit": NaN,
        "Operating Income": 820,
        "EBIT": NaN,
        "Net Income": 381
    },
    "2011-09-30": {
        "Diluted EPS": 1.77,
        "Total Revenue": NaN,
        "Gross Profit": NaN,
        "Operating Income": NaN,
        "EBIT": NaN,
        "Net Income": 813
    },
    "2011-06-30": {
        "Diluted EPS": 1.97,
        "Total Revenue": NaN,
        "Gross Profit": NaN,
        "Operating Income": NaN,
        "EBIT": NaN,
        "Net Income": 911
    },
    "2011-03-31": {
        "Diluted EPS": 2.21,
        "Total Revenue": NaN,
        "Gross Profit": NaN,
        "Operating Income": NaN,
        "EBIT": NaN,
        "Net Income": NaN
    },
    "2010-12-31": {
        "Diluted EPS": 1.52,
        "Total Revenue": NaN,
        "Gross Profit": NaN,
        "Operating Income": NaN,
        "EBIT": NaN,
        "Net Income": 696
    },
    "2010-09-30": {
        "Diluted EPS": 1.76,
        "Total Revenue": NaN,
        "Gross Profit": NaN,
        "Operating Income": NaN,
        "EBIT": NaN,
        "Net Income": 803
    },
    "2010-06-30": {
        "Diluted EPS": 1.33,
        "Total Revenue": NaN,
        "Gross Profit": NaN,
        "Operating Income": NaN,
        "EBIT": NaN,
        "Net Income": 608
    },
    "2010-03-31": {
        "Diluted EPS": 1.4,
        "Total Revenue": NaN,
        "Gross Profit": NaN,
        "Operating Income": 964,
        "EBIT": NaN,
        "Net Income": 636
    },
    "2009-12-31": {
        "Diluted EPS": 0.97,
        "Total Revenue": NaN,
        "Gross Profit": NaN,
        "Operating Income": 606,
        "EBIT": NaN,
        "Net Income": 375
    },
    "2009-09-30": {
        "Diluted EPS": 0.87,
        "Total Revenue": NaN,
        "Gross Profit": NaN,
        "Operating Income": 609,
        "EBIT": NaN,
        "Net Income": 394
    },
    "2009-06-30": {
        "Diluted EPS": -0.66,
        "Total Revenue": NaN,
        "Gross Profit": NaN,
        "Operating Income": 364,
        "EBIT": NaN,
        "Net Income": -277
    },
    "2009-03-31": {
        "Diluted EPS": -0.44,
        "Total Revenue": NaN,
        "Gross Profit": NaN,
        "Operating Income": -124,
        "EBIT": NaN,
        "Net Income": -172
    },
    "2023-09-30": {
        "Tax Effect Of Unusual Items": NaN,
        "Tax Rate For Calcs": NaN,
        "Net Income From Continuing Operation Net Minority Interest": NaN,
        "Reconciled Depreciation": NaN,
        "Net Interest Income": NaN,
        "Interest Expense": NaN,
        "Interest Income": NaN,
        "Normalized Income": NaN,
        "Net Income From Continuing And Discontinued Operation": NaN,
        "Diluted Average Shares": NaN,
        "Basic Average Shares": NaN,
        "Diluted EPS": NaN,
        "Basic EPS": NaN,
        "Diluted NI Availto Com Stockholders": NaN,
        "Net Income Common Stockholders": NaN,
        "Otherunder Preferred Stock Dividend": NaN,
        "Preferred Stock Dividends": NaN,
        "Net Income": NaN,
        "Net Income Including Noncontrolling Interests": NaN,
        "Net Income Continuous Operations": NaN,
        "Tax Provision": NaN,
        "Pretax Income": NaN,
        "Gain On Sale Of Security": 0.0,
        "Depreciation Amortization Depletion Income Statement": NaN,
        "Depreciation And Amortization In Income Statement": NaN,
        "Amortization": NaN,
        "Amortization Of Intangibles Income Statement": NaN,
        "Selling General And Administration": NaN,
        "Selling And Marketing Expense": NaN,
        "General And Administrative Expense": NaN,
        "Salaries And Wages": NaN,
        "Total Revenue": NaN,
        "Operating Revenue": NaN,
        "Occupancy And Equipment": NaN,
        "Professional Expense And Contract Services Expense": NaN,
        "Other Non Interest Expense": NaN
    },
    "2023-12-31": {
        "Tax Effect Of Unusual Items": 0.0,
        "Tax Rate For Calcs": 0.242489,
        "Net Income From Continuing Operation Net Minority Interest": 706000000.0,
        "Reconciled Depreciation": 798000000.0,
        "Net Interest Income": 7519000000.0,
        "Interest Expense": 3626000000.0,
        "Interest Income": 11145000000.0,
        "Normalized Income": 706000000.0,
        "Net Income From Continuing And Discontinued Operation": 706000000.0,
        "Diluted Average Shares": NaN,
        "Basic Average Shares": NaN,
        "Diluted EPS": NaN,
        "Basic EPS": NaN,
        "Diluted NI Availto Com Stockholders": 639000000.0,
        "Net Income Common Stockholders": 639000000.0,
        "Otherunder Preferred Stock Dividend": 10000000.0,
        "Preferred Stock Dividends": 57000000.0,
        "Net Income": 706000000.0,
        "Net Income Including Noncontrolling Interests": 706000000.0,
        "Net Income Continuous Operations": 706000000.0,
        "Tax Provision": 226000000.0,
        "Pretax Income": 932000000.0,
        "Gain On Sale Of Security": NaN,
        "Depreciation Amortization Depletion Income Statement": 22000000.0,
        "Depreciation And Amortization In Income Statement": 22000000.0,
        "Amortization": 22000000.0,
        "Amortization Of Intangibles Income Statement": 22000000.0,
        "Selling General And Administration": 3538000000.0,
        "Selling And Marketing Expense": 1254000000.0,
        "General And Administrative Expense": 2284000000.0,
        "Salaries And Wages": 2284000000.0,
        "Total Revenue": 9506000000.0,
        "Operating Revenue": 9506000000.0,
        "Occupancy And Equipment": 628000000.0,
        "Professional Expense And Contract Services Expense": 359000000.0,
        "Other Non Interest Expense": 1170000000.0
    },
    "2024-03-31": {
        "Tax Effect Of Unusual Items": NaN,
        "Tax Rate For Calcs": NaN,
        "Total Unusual Items": -42000000.0,
        "Total Unusual Items Excluding Goodwill": -42000000.0,
        "Net Income From Continuing Operation Net Minority Interest": NaN,
        "Reconciled Depreciation": NaN,
        "Net Interest Income": NaN,
        "Interest Expense": NaN,
        "Interest Income": NaN,
        "Normalized Income": NaN,
        "Net Income From Continuing And Discontinued Operation": NaN,
        "Diluted Average Shares": NaN,
        "Basic Average Shares": NaN,
        "Diluted EPS": NaN,
        "Basic EPS": NaN,
        "Diluted NI Availto Com Stockholders": NaN,
        "Net Income Common Stockholders": NaN,
        "Otherunder Preferred Stock Dividend": NaN,
        "Preferred Stock Dividends": NaN,
        "Net Income": NaN,
        "Net Income Including Noncontrolling Interests": NaN,
        "Net Income Discontinuous Operations": NaN,
        "Net Income Continuous Operations": NaN,
        "Tax Provision": NaN,
        "Pretax Income": NaN,
        "Special Income Charges": -42000000.0,
        "Other Special Charges": 42000000.0,
        "Restructuring And Mergern Acquisition": 0.0,
        "Gain On Sale Of Security": NaN,
        "Depreciation Amortization Depletion Income Statement": NaN,
        "Depreciation And Amortization In Income Statement": NaN,
        "Amortization": NaN,
        "Amortization Of Intangibles Income Statement": NaN,
        "Selling General And Administration": NaN,
        "Selling And Marketing Expense": NaN,
        "General And Administrative Expense": NaN,
        "Salaries And Wages": NaN,
        "Total Revenue": NaN,
        "Operating Revenue": NaN,
        "Occupancy And Equipment": NaN,
        "Professional Expense And Contract Services Expense": NaN,
        "Other Non Interest Expense": NaN
    },
    "2024-06-30": {
        "Tax Effect Of Unusual Items": NaN,
        "Tax Rate For Calcs": NaN,
        "Total Unusual Items": -66000000.0,
        "Total Unusual Items Excluding Goodwill": -66000000.0,
        "Net Income From Continuing Operation Net Minority Interest": NaN,
        "Reconciled Depreciation": NaN,
        "Net Interest Income": NaN,
        "Interest Expense": NaN,
        "Interest Income": NaN,
        "Normalized Income": NaN,
        "Net Income From Continuing And Discontinued Operation": NaN,
        "Diluted Average Shares": NaN,
        "Basic Average Shares": NaN,
        "Diluted EPS": NaN,
        "Basic EPS": NaN,
        "Diluted NI Availto Com Stockholders": NaN,
        "Net Income Common Stockholders": NaN,
        "Otherunder Preferred Stock Dividend": NaN,
        "Preferred Stock Dividends": NaN,
        "Net Income": NaN,
        "Net Income Including Noncontrolling Interests": NaN,
        "Net Income Discontinuous Operations": 0.0,
        "Net Income Continuous Operations": NaN,
        "Tax Provision": NaN,
        "Pretax Income": NaN,
        "Special Income Charges": -66000000.0,
        "Other Special Charges": 35000000.0,
        "Restructuring And Mergern Acquisition": 31000000.0,
        "Gain On Sale Of Security": NaN,
        "Depreciation Amortization Depletion Income Statement": NaN,
        "Depreciation And Amortization In Income Statement": NaN,
        "Amortization": NaN,
        "Amortization Of Intangibles Income Statement": NaN,
        "Selling General And Administration": NaN,
        "Selling And Marketing Expense": NaN,
        "General And Administrative Expense": NaN,
        "Salaries And Wages": NaN,
        "Total Revenue": NaN,
        "Operating Revenue": NaN,
        "Occupancy And Equipment": NaN,
        "Professional Expense And Contract Services Expense": NaN,
        "Other Non Interest Expense": NaN
    },
    "2024-09-30": {
        "Tax Effect Of Unusual Items": -12526149.6844,
        "Tax Rate For Calcs": 0.198828,
        "Total Unusual Items": NaN,
        "Total Unusual Items Excluding Goodwill": NaN,
        "Net Income From Continuing Operation Net Minority Interest": 1777000000.0,
        "Reconciled Depreciation": 806000000.0,
        "Net Interest Income": 8076000000.0,
        "Interest Expense": 3784000000.0,
        "Interest Income": 11860000000.0,
        "Normalized Income": 1827473850.3156,
        "Net Income From Continuing And Discontinued Operation": 1777000000.0,
        "Diluted Average Shares": NaN,
        "Basic Average Shares": NaN,
        "Diluted EPS": NaN,
        "Basic EPS": NaN,
        "Diluted NI Availto Com Stockholders": 1692000000.0,
        "Net Income Common Stockholders": 1692000000.0,
        "Otherunder Preferred Stock Dividend": 28000000.0,
        "Preferred Stock Dividends": 57000000.0,
        "Net Income": 1777000000.0,
        "Net Income Including Noncontrolling Interests": 1777000000.0,
        "Net Income Discontinuous Operations": NaN,
        "Net Income Continuous Operations": 1777000000.0,
        "Tax Provision": 441000000.0,
        "Pretax Income": 2218000000.0,
        "Special Income Charges": NaN,
        "Other Special Charges": NaN,
        "Restructuring And Mergern Acquisition": NaN,
        "Gain On Sale Of Security": -35000000.0,
        "Depreciation Amortization Depletion Income Statement": 20000000.0,
        "Depreciation And Amortization In Income Statement": 20000000.0,
        "Amortization": 20000000.0,
        "Amortization Of Intangibles Income Statement": 20000000.0,
        "Selling General And Administration": 3504000000.0,
        "Selling And Marketing Expense": 1113000000.0,
        "General And Administrative Expense": 2391000000.0,
        "Salaries And Wages": 2391000000.0,
        "Total Revenue": 10014000000.0,
        "Operating Revenue": 10014000000.0,
        "Occupancy And Equipment": 587000000.0,
        "Professional Expense And Contract Services Expense": 402000000.0,
        "Other Non Interest Expense": 738000000.0
    },
    "2024-12-31": {
        "Tax Effect Of Unusual Items": 0.0,
        "Tax Rate For Calcs": 0.250857,
        "Total Unusual Items": NaN,
        "Total Unusual Items Excluding Goodwill": NaN,
        "Net Income From Continuing Operation Net Minority Interest": 1093000000.0,
        "Reconciled Depreciation": 814000000.0,
        "Net Interest Income": 8098000000.0,
        "Interest Expense": 3619000000.0,
        "Interest Income": 11717000000.0,
        "Normalized Income": 1093000000.0,
        "Net Income From Continuing And Discontinued Operation": 1096000000.0,
        "Diluted Average Shares": 383400000.0,
        "Basic Average Shares": 382400000.0,
        "Diluted EPS": 2.67,
        "Basic EPS": 2.67,
        "Diluted NI Availto Com Stockholders": 1022000000.0,
        "Net Income Common Stockholders": 1022000000.0,
        "Otherunder Preferred Stock Dividend": 17000000.0,
        "Preferred Stock Dividends": 57000000.0,
        "Net Income": 1096000000.0,
        "Net Income Including Noncontrolling Interests": 1096000000.0,
        "Net Income Discontinuous Operations": NaN,
        "Net Income Continuous Operations": 1093000000.0,
        "Tax Provision": 366000000.0,
        "Pretax Income": 1459000000.0,
        "Special Income Charges": NaN,
        "Other Special Charges": NaN,
        "Restructuring And Mergern Acquisition": NaN,
        "Gain On Sale Of Security": 0.0,
        "Depreciation Amortization Depletion Income Statement": 19000000.0,
        "Depreciation And Amortization In Income Statement": 19000000.0,
        "Amortization": 19000000.0,
        "Amortization Of Intangibles Income Statement": 19000000.0,
        "Selling General And Administration": 3704000000.0,
        "Selling And Marketing Expense": 1375000000.0,
        "General And Administrative Expense": 2329000000.0,
        "Salaries And Wages": 2329000000.0,
        "Total Revenue": 10190000000.0,
        "Operating Revenue": 10190000000.0,
        "Occupancy And Equipment": 674000000.0,
        "Professional Expense And Contract Services Expense": 630000000.0,
        "Other Non Interest Expense": 712000000.0
    },
    "2025-03-31": {
        "Tax Effect Of Unusual Items": -57904000.0,
        "Tax Rate For Calcs": 0.188,
        "Total Unusual Items": -308000000.0,
        "Total Unusual Items Excluding Goodwill": -308000000.0,
        "Net Income From Continuing Operation Net Minority Interest": 1404000000.0,
        "Reconciled Depreciation": 812000000.0,
        "Net Interest Income": 8013000000.0,
        "Interest Expense": 3405000000.0,
        "Interest Income": 11418000000.0,
        "Normalized Income": 1654096000.0,
        "Net Income From Continuing And Discontinued Operation": 1404000000.0,
        "Diluted Average Shares": 384000000.0,
        "Basic Average Shares": 383100000.0,
        "Diluted EPS": 3.45,
        "Basic EPS": 3.46,
        "Diluted NI Availto Com Stockholders": 1325000000.0,
        "Net Income Common Stockholders": 1325000000.0,
        "Otherunder Preferred Stock Dividend": 22000000.0,
        "Preferred Stock Dividends": 57000000.0,
        "Net Income": 1404000000.0,
        "Net Income Including Noncontrolling Interests": 1404000000.0,
        "Net Income Discontinuous Operations": NaN,
        "Net Income Continuous Operations": 1404000000.0,
        "Tax Provision": 325000000.0,
        "Pretax Income": 1729000000.0,
        "Special Income Charges": -308000000.0,
        "Other Special Charges": 198000000.0,
        "Restructuring And Mergern Acquisition": 110000000.0,
        "Gain On Sale Of Security": NaN,
        "Depreciation Amortization Depletion Income Statement": 16000000.0,
        "Depreciation And Amortization In Income Statement": 16000000.0,
        "Amortization": 16000000.0,
        "Amortization Of Intangibles Income Statement": 16000000.0,
        "Selling General And Administration": 3748000000.0,
        "Selling And Marketing Expense": 1202000000.0,
        "General And Administrative Expense": 2546000000.0,
        "Salaries And Wages": 2546000000.0,
        "Total Revenue": 10000000000.0,
        "Operating Revenue": 10000000000.0,
        "Occupancy And Equipment": 615000000.0,
        "Professional Expense And Contract Services Expense": 437000000.0,
        "Other Non Interest Expense": 778000000.0
    },
    "2025-06-30": {
        "Tax Effect Of Unusual Items": -119421487.603306,
        "Tax Rate For Calcs": 0.280992,
        "Total Unusual Items": -425000000.0,
        "Total Unusual Items Excluding Goodwill": -425000000.0,
        "Net Income From Continuing Operation Net Minority Interest": -4263000000.0,
        "Reconciled Depreciation": 1011000000.0,
        "Net Interest Income": 9995000000.0,
        "Interest Expense": 3833000000.0,
        "Interest Income": 13828000000.0,
        "Normalized Income": -3957421487.603306,
        "Net Income From Continuing And Discontinued Operation": -4277000000.0,
        "Diluted Average Shares": 505600000.0,
        "Basic Average Shares": 505600000.0,
        "Diluted EPS": -8.58,
        "Basic EPS": -8.58,
        "Diluted NI Availto Com Stockholders": -4340000000.0,
        "Net Income Common Stockholders": -4340000000.0,
        "Otherunder Preferred Stock Dividend": -2000000.0,
        "Preferred Stock Dividends": 65000000.0,
        "Net Income": -4277000000.0,
        "Net Income Including Noncontrolling Interests": -4277000000.0,
        "Net Income Discontinuous Operations": -14000000.0,
        "Net Income Continuous Operations": -4263000000.0,
        "Tax Provision": -1666000000.0,
        "Pretax Income": -5929000000.0,
        "Special Income Charges": -425000000.0,
        "Other Special Charges": 41000000.0,
        "Restructuring And Mergern Acquisition": 384000000.0,
        "Gain On Sale Of Security": NaN,
        "Depreciation Amortization Depletion Income Statement": 271000000.0,
        "Depreciation And Amortization In Income Statement": 271000000.0,
        "Amortization": 271000000.0,
        "Amortization Of Intangibles Income Statement": 271000000.0,
        "Selling General And Administration": 4344000000.0,
        "Selling And Marketing Expense": 1345000000.0,
        "General And Administrative Expense": 2999000000.0,
        "Salaries And Wages": 2999000000.0,
        "Total Revenue": 12577000000.0,
        "Operating Revenue": 12577000000.0,
        "Occupancy And Equipment": 737000000.0,
        "Professional Expense And Contract Services Expense": 653000000.0,
        "Other Non Interest Expense": 646000000.0
    },
    "2025-09-30": {
        "Tax Effect Of Unusual Items": -122915791.875856,
        "Tax Rate For Calcs": 0.271337,
        "Total Unusual Items": -453000000.0,
        "Total Unusual Items Excluding Goodwill": -453000000.0,
        "Net Income From Continuing Operation Net Minority Interest": 3193000000.0,
        "Reconciled Depreciation": 1832000000.0,
        "Net Interest Income": 12404000000.0,
        "Interest Expense": 4359000000.0,
        "Interest Income": 16763000000.0,
        "Normalized Income": 3523084208.124144,
        "Net Income From Continuing And Discontinued Operation": 3192000000.0,
        "Diluted Average Shares": 639500000.0,
        "Basic Average Shares": 639000000.0,
        "Diluted EPS": 4.83,
        "Basic EPS": 4.83,
        "Diluted NI Availto Com Stockholders": 3086000000.0,
        "Net Income Common Stockholders": 3086000000.0,
        "Otherunder Preferred Stock Dividend": 33000000.0,
        "Preferred Stock Dividends": 73000000.0,
        "Net Income": 3192000000.0,
        "Net Income Including Noncontrolling Interests": 3192000000.0,
        "Net Income Discontinuous Operations": -1000000.0,
        "Net Income Continuous Operations": 3193000000.0,
        "Tax Provision": 1189000000.0,
        "Pretax Income": 4382000000.0,
        "Special Income Charges": -453000000.0,
        "Other Special Charges": NaN,
        "Restructuring And Mergern Acquisition": 453000000.0,
        "Gain On Sale Of Security": 0.0,
        "Depreciation Amortization Depletion Income Statement": 514000000.0,
        "Depreciation And Amortization In Income Statement": 514000000.0,
        "Amortization": 514000000.0,
        "Amortization Of Intangibles Income Statement": 514000000.0,
        "Selling General And Administration": 4899000000.0,
        "Selling And Marketing Expense": 1403000000.0,
        "General And Administrative Expense": 3496000000.0,
        "Salaries And Wages": 3496000000.0,
        "Total Revenue": 15464000000.0,
        "Operating Revenue": 15464000000.0,
        "Occupancy And Equipment": 856000000.0,
        "Professional Expense And Contract Services Expense": 641000000.0,
        "Other Non Interest Expense": 1005000000.0
    },
    "2025-12-31": {
        "Tax Effect Of Unusual Items": NaN,
        "Tax Rate For Calcs": NaN,
        "Total Unusual Items": NaN,
        "Total Unusual Items Excluding Goodwill": NaN,
        "Net Income From Continuing Operation Net Minority Interest": NaN,
        "Reconciled Depreciation": NaN,
        "Net Interest Income": NaN,
        "Interest Expense": NaN,
        "Interest Income": NaN,
        "Normalized Income": NaN,
        "Net Income From Continuing And Discontinued Operation": NaN,
        "Diluted Average Shares": 631600000.0,
        "Basic Average Shares": 631100000.0,
        "Diluted EPS": 3.26,
        "Basic EPS": 3.26,
        "Diluted NI Availto Com Stockholders": NaN,
        "Net Income Common Stockholders": NaN,
        "Otherunder Preferred Stock Dividend": NaN,
        "Preferred Stock Dividends": NaN,
        "Net Income": NaN,
        "Net Income Including Noncontrolling Interests": NaN,
        "Net Income Discontinuous Operations": NaN,
        "Net Income Continuous Operations": NaN,
        "Tax Provision": NaN,
        "Pretax Income": NaN,
        "Special Income Charges": NaN,
        "Other Special Charges": NaN,
        "Restructuring And Mergern Acquisition": NaN,
        "Gain On Sale Of Security": NaN,
        "Depreciation Amortization Depletion Income Statement": NaN,
        "Depreciation And Amortization In Income Statement": NaN,
        "Amortization": NaN,
        "Amortization Of Intangibles Income Statement": NaN,
        "Selling General And Administration": NaN,
        "Selling And Marketing Expense": NaN,
        "General And Administrative Expense": NaN,
        "Salaries And Wages": NaN,
        "Total Revenue": NaN,
        "Operating Revenue": NaN,
        "Occupancy And Equipment": NaN,
        "Professional Expense And Contract Services Expense": NaN,
        "Other Non Interest Expense": NaN
    }
}