{
    "2023-03-31": {
        "Tax Effect Of Unusual Items": NaN,
        "Tax Rate For Calcs": NaN,
        "Normalized EBITDA": NaN,
        "Total Unusual Items": NaN,
        "Total Unusual Items Excluding Goodwill": NaN,
        "Net Income From Continuing Operation Net Minority Interest": NaN,
        "Reconciled Depreciation": NaN,
        "Reconciled Cost Of Revenue": NaN,
        "EBITDA": NaN,
        "EBIT": NaN,
        "Net Interest Income": NaN,
        "Interest Expense": NaN,
        "Normalized Income": NaN,
        "Net Income From Continuing And Discontinued Operation": NaN,
        "Total Expenses": NaN,
        "Total Operating Income As Reported": NaN,
        "Diluted Average Shares": NaN,
        "Basic Average Shares": NaN,
        "Diluted EPS": NaN,
        "Basic EPS": NaN,
        "Diluted NI Availto Com Stockholders": NaN,
        "Average Dilution Earnings": NaN,
        "Net Income Common Stockholders": NaN,
        "Otherunder Preferred Stock Dividend": NaN,
        "Net Income": NaN,
        "Net Income Including Noncontrolling Interests": NaN,
        "Net Income Continuous Operations": NaN,
        "Tax Provision": NaN,
        "Pretax Income": NaN,
        "Other Income Expense": NaN,
        "Other Non Operating Income Expenses": NaN,
        "Special Income Charges": NaN,
        "Other Special Charges": NaN,
        "Write Off": 17962000.0,
        "Impairment Of Capital Assets": NaN,
        "Restructuring And Mergern Acquisition": NaN,
        "Gain On Sale Of Security": NaN,
        "Net Non Operating Interest Income Expense": NaN,
        "Interest Expense Non Operating": NaN,
        "Operating Income": NaN,
        "Operating Expense": NaN,
        "Other Operating Expenses": NaN,
        "Research And Development": NaN,
        "Selling General And Administration": NaN,
        "Selling And Marketing Expense": NaN,
        "General And Administrative Expense": NaN,
        "Other Gand A": NaN,
        "Salaries And Wages": NaN,
        "Gross Profit": NaN,
        "Cost Of Revenue": NaN,
        "Total Revenue": NaN,
        "Operating Revenue": NaN
    },
    "2022-12-31": {
        "Tax Effect Of Unusual Items": NaN,
        "Tax Rate For Calcs": NaN,
        "Normalized EBITDA": NaN,
        "Total Unusual Items": NaN,
        "Total Unusual Items Excluding Goodwill": NaN,
        "Net Income From Continuing Operation Net Minority Interest": NaN,
        "Reconciled Depreciation": NaN,
        "Reconciled Cost Of Revenue": NaN,
        "EBITDA": NaN,
        "EBIT": NaN,
        "Net Interest Income": NaN,
        "Interest Expense": NaN,
        "Normalized Income": NaN,
        "Net Income From Continuing And Discontinued Operation": NaN,
        "Total Expenses": NaN,
        "Total Operating Income As Reported": NaN,
        "Diluted Average Shares": NaN,
        "Basic Average Shares": NaN,
        "Diluted EPS": NaN,
        "Basic EPS": NaN,
        "Diluted NI Availto Com Stockholders": NaN,
        "Average Dilution Earnings": -835000.0,
        "Net Income Common Stockholders": NaN,
        "Otherunder Preferred Stock Dividend": 0.0,
        "Net Income": NaN,
        "Net Income Including Noncontrolling Interests": NaN,
        "Net Income Continuous Operations": NaN,
        "Tax Provision": NaN,
        "Pretax Income": NaN,
        "Other Income Expense": NaN,
        "Other Non Operating Income Expenses": NaN,
        "Special Income Charges": NaN,
        "Other Special Charges": NaN,
        "Write Off": NaN,
        "Impairment Of Capital Assets": NaN,
        "Restructuring And Mergern Acquisition": NaN,
        "Gain On Sale Of Security": NaN,
        "Net Non Operating Interest Income Expense": NaN,
        "Interest Expense Non Operating": NaN,
        "Operating Income": NaN,
        "Operating Expense": NaN,
        "Other Operating Expenses": NaN,
        "Research And Development": NaN,
        "Selling General And Administration": NaN,
        "Selling And Marketing Expense": NaN,
        "General And Administrative Expense": NaN,
        "Other Gand A": NaN,
        "Salaries And Wages": NaN,
        "Gross Profit": NaN,
        "Cost Of Revenue": NaN,
        "Total Revenue": NaN,
        "Operating Revenue": NaN
    },
    "2022-09-30": {
        "Tax Effect Of Unusual Items": NaN,
        "Tax Rate For Calcs": NaN,
        "Normalized EBITDA": NaN,
        "Total Unusual Items": NaN,
        "Total Unusual Items Excluding Goodwill": NaN,
        "Net Income From Continuing Operation Net Minority Interest": NaN,
        "Reconciled Depreciation": NaN,
        "Reconciled Cost Of Revenue": NaN,
        "EBITDA": NaN,
        "EBIT": NaN,
        "Net Interest Income": NaN,
        "Interest Expense": NaN,
        "Normalized Income": NaN,
        "Net Income From Continuing And Discontinued Operation": NaN,
        "Total Expenses": NaN,
        "Total Operating Income As Reported": NaN,
        "Diluted Average Shares": 223916000.0,
        "Basic Average Shares": 223916000.0,
        "Diluted EPS": -2.43,
        "Basic EPS": -2.43,
        "Diluted NI Availto Com Stockholders": NaN,
        "Average Dilution Earnings": 0.0,
        "Net Income Common Stockholders": NaN,
        "Otherunder Preferred Stock Dividend": 0.0,
        "Net Income": NaN,
        "Net Income Including Noncontrolling Interests": NaN,
        "Net Income Continuous Operations": NaN,
        "Tax Provision": NaN,
        "Pretax Income": NaN,
        "Other Income Expense": NaN,
        "Other Non Operating Income Expenses": NaN,
        "Special Income Charges": NaN,
        "Other Special Charges": NaN,
        "Write Off": NaN,
        "Impairment Of Capital Assets": 12150000.0,
        "Restructuring And Mergern Acquisition": NaN,
        "Gain On Sale Of Security": -49162000.0,
        "Net Non Operating Interest Income Expense": NaN,
        "Interest Expense Non Operating": NaN,
        "Operating Income": NaN,
        "Operating Expense": NaN,
        "Other Operating Expenses": NaN,
        "Research And Development": NaN,
        "Selling General And Administration": NaN,
        "Selling And Marketing Expense": NaN,
        "General And Administrative Expense": NaN,
        "Other Gand A": NaN,
        "Salaries And Wages": 183057000.0,
        "Gross Profit": NaN,
        "Cost Of Revenue": NaN,
        "Total Revenue": NaN,
        "Operating Revenue": NaN
    },
    "2022-06-30": {
        "Tax Effect Of Unusual Items": -5009454.0,
        "Tax Rate For Calcs": 0.118,
        "Normalized EBITDA": -1132433000.0,
        "Total Unusual Items": -42453000.0,
        "Total Unusual Items Excluding Goodwill": -42453000.0,
        "Net Income From Continuing Operation Net Minority Interest": -1093654000.0,
        "Reconciled Depreciation": 42027000.0,
        "Reconciled Cost Of Revenue": 167187000.0,
        "EBITDA": -1174886000.0,
        "EBIT": -1216913000.0,
        "Net Interest Income": -23656000.0,
        "Interest Expense": 23656000.0,
        "Normalized Income": -1056210454.0,
        "Net Income From Continuing And Discontinued Operation": -1093654000.0,
        "Total Expenses": 1810261000.0,
        "Total Operating Income As Reported": -1044389000.0,
        "Diluted Average Shares": 221034000.0,
        "Basic Average Shares": 220988000.0,
        "Diluted EPS": -4.98,
        "Basic EPS": -4.95,
        "Diluted NI Availto Com Stockholders": -1099838000.0,
        "Average Dilution Earnings": -6184000.0,
        "Net Income Common Stockholders": -1093654000.0,
        "Otherunder Preferred Stock Dividend": 0.0,
        "Net Income": -1093654000.0,
        "Net Income Including Noncontrolling Interests": -1093654000.0,
        "Net Income Continuous Operations": -1093654000.0,
        "Tax Provision": -146915000.0,
        "Pretax Income": -1240569000.0,
        "Other Income Expense": -214977000.0,
        "Other Non Operating Income Expenses": -172524000.0,
        "Special Income Charges": -42453000.0,
        "Restructuring And Mergern Acquisition": 42453000.0,
        "Net Non Operating Interest Income Expense": -23656000.0,
        "Interest Expense Non Operating": 23656000.0,
        "Operating Income": -1001936000.0,
        "Operating Expense": 1643074000.0,
        "Other Operating Expenses": 422762000.0,
        "Research And Development": 609249000.0,
        "Selling General And Administration": 611063000.0,
        "Selling And Marketing Expense": 140894000.0,
        "General And Administrative Expense": 470169000.0,
        "Other Gand A": 470169000.0,
        "Gross Profit": 641138000.0,
        "Cost Of Revenue": 167187000.0,
        "Total Revenue": 808325000.0,
        "Operating Revenue": 802603000.0
    },
    "2023-06-30": {
        "Tax Effect Of Unusual Items": NaN,
        "Tax Rate For Calcs": NaN,
        "Normalized EBITDA": NaN,
        "Total Unusual Items": NaN,
        "Total Unusual Items Excluding Goodwill": NaN,
        "Net Income From Continuing Operation Net Minority Interest": NaN,
        "Reconciled Depreciation": NaN,
        "Reconciled Cost Of Revenue": NaN,
        "EBITDA": NaN,
        "EBIT": NaN,
        "Net Interest Income": NaN,
        "Interest Expense": NaN,
        "Normalized Income": NaN,
        "Net Income From Continuing And Discontinued Operation": NaN,
        "Total Expenses": NaN,
        "Total Operating Income As Reported": NaN,
        "Diluted Average Shares": NaN,
        "Basic Average Shares": NaN,
        "Diluted EPS": NaN,
        "Basic EPS": NaN,
        "Diluted NI Availto Com Stockholders": NaN,
        "Average Dilution Earnings": NaN,
        "Net Income Common Stockholders": NaN,
        "Otherunder Preferred Stock Dividend": 0.0,
        "Net Income": NaN,
        "Net Income Including Noncontrolling Interests": NaN,
        "Net Income Continuous Operations": NaN,
        "Tax Provision": NaN,
        "Pretax Income": NaN,
        "Other Income Expense": NaN,
        "Other Non Operating Income Expenses": NaN,
        "Special Income Charges": NaN,
        "Other Special Charges": NaN,
        "Write Off": NaN,
        "Impairment Of Capital Assets": NaN,
        "Restructuring And Mergern Acquisition": NaN,
        "Gain On Sale Of Security": NaN,
        "Net Non Operating Interest Income Expense": NaN,
        "Interest Expense Non Operating": NaN,
        "Operating Income": NaN,
        "Operating Expense": NaN,
        "Other Operating Expenses": NaN,
        "Research And Development": NaN,
        "Selling General And Administration": NaN,
        "Selling And Marketing Expense": NaN,
        "General And Administrative Expense": NaN,
        "Other Gand A": NaN,
        "Salaries And Wages": NaN,
        "Gross Profit": NaN,
        "Cost Of Revenue": NaN,
        "Total Revenue": NaN,
        "Operating Revenue": NaN
    },
    "2022-03-31": {
        "Diluted EPS": -1.98,
        "Total Revenue": NaN,
        "Gross Profit": 889,
        "Operating Income": -554,
        "EBIT": -521,
        "Net Income": -430
    },
    "2021-12-31": {
        "Diluted EPS": 3.41,
        "Total Revenue": NaN,
        "Gross Profit": NaN,
        "Operating Income": 922,
        "EBIT": 948,
        "Net Income": NaN
    },
    "2021-09-30": {
        "Diluted EPS": 1.62,
        "Total Revenue": NaN,
        "Gross Profit": NaN,
        "Operating Income": 292,
        "EBIT": 311,
        "Net Income": 402
    },
    "2021-06-30": {
        "Diluted EPS": 6.42,
        "Total Revenue": NaN,
        "Gross Profit": NaN,
        "Operating Income": 875,
        "EBIT": 888,
        "Net Income": NaN
    },
    "2021-03-31": {
        "Diluted EPS": 3.05,
        "Total Revenue": NaN,
        "Gross Profit": NaN,
        "Operating Income": 988,
        "EBIT": 999,
        "Net Income": 302
    },
    "2020-12-31": {
        "Diluted EPS": 1.17,
        "Total Revenue": 585,
        "Gross Profit": 535,
        "Operating Income": 227,
        "EBIT": 235,
        "Net Income": 177
    },
    "2020-09-30": {
        "Diluted EPS": 0.23,
        "Total Revenue": 315,
        "Gross Profit": 279,
        "Operating Income": 102,
        "EBIT": 110,
        "Net Income": 17
    },
    "2020-06-30": {
        "Diluted EPS": 0.0,
        "Total Revenue": 186,
        "Gross Profit": 163,
        "Operating Income": 42,
        "EBIT": 50,
        "Net Income": 0
    },
    "2020-03-31": {
        "Diluted EPS": 0.0,
        "Total Revenue": 191,
        "Gross Profit": 165,
        "Operating Income": 39,
        "EBIT": 46,
        "Net Income": NaN
    },
    "2019-12-31": {
        "Diluted EPS": 0.0,
        "Total Revenue": NaN,
        "Gross Profit": NaN,
        "Operating Income": NaN,
        "EBIT": NaN,
        "Net Income": NaN
    },
    "2023-09-30": {
        "Tax Effect Of Unusual Items": NaN,
        "Tax Rate For Calcs": NaN,
        "Normalized EBITDA": NaN,
        "Total Unusual Items": NaN,
        "Total Unusual Items Excluding Goodwill": NaN,
        "Net Income From Continuing Operation Net Minority Interest": NaN,
        "Reconciled Depreciation": NaN,
        "Reconciled Cost Of Revenue": NaN,
        "EBITDA": NaN,
        "EBIT": NaN,
        "Net Interest Income": NaN,
        "Interest Expense": NaN,
        "Normalized Income": NaN,
        "Net Income From Continuing And Discontinued Operation": NaN,
        "Total Expenses": NaN,
        "Total Operating Income As Reported": NaN,
        "Diluted Average Shares": NaN,
        "Basic Average Shares": NaN,
        "Diluted EPS": NaN,
        "Basic EPS": NaN,
        "Diluted NI Availto Com Stockholders": NaN,
        "Average Dilution Earnings": NaN,
        "Net Income Common Stockholders": NaN,
        "Otherunder Preferred Stock Dividend": NaN,
        "Net Income": NaN,
        "Net Income Including Noncontrolling Interests": NaN,
        "Net Income Continuous Operations": NaN,
        "Tax Provision": NaN,
        "Pretax Income": NaN,
        "Other Income Expense": NaN,
        "Other Non Operating Income Expenses": NaN,
        "Special Income Charges": NaN,
        "Other Special Charges": -81591000.0,
        "Write Off": NaN,
        "Impairment Of Capital Assets": 7180000.0,
        "Restructuring And Mergern Acquisition": NaN,
        "Gain On Sale Of Security": NaN,
        "Net Non Operating Interest Income Expense": NaN,
        "Interest Expense Non Operating": NaN,
        "Operating Income": NaN,
        "Operating Expense": NaN,
        "Other Operating Expenses": NaN,
        "Research And Development": NaN,
        "Selling General And Administration": NaN,
        "Selling And Marketing Expense": NaN,
        "General And Administrative Expense": NaN,
        "Other Gand A": NaN,
        "Salaries And Wages": 172421000.0,
        "Gross Profit": NaN,
        "Cost Of Revenue": NaN,
        "Total Revenue": NaN,
        "Operating Revenue": NaN
    },
    "2023-12-31": {
        "Tax Effect Of Unusual Items": NaN,
        "Tax Rate For Calcs": NaN,
        "Normalized EBITDA": NaN,
        "Total Unusual Items": NaN,
        "Total Unusual Items Excluding Goodwill": NaN,
        "Net Income From Continuing Operation Net Minority Interest": NaN,
        "Reconciled Depreciation": NaN,
        "Reconciled Cost Of Revenue": NaN,
        "EBITDA": NaN,
        "EBIT": NaN,
        "Net Interest Income": NaN,
        "Interest Expense": NaN,
        "Normalized Income": NaN,
        "Net Income From Continuing And Discontinued Operation": NaN,
        "Total Expenses": NaN,
        "Total Operating Income As Reported": NaN,
        "Diluted Average Shares": NaN,
        "Basic Average Shares": NaN,
        "Diluted EPS": NaN,
        "Basic EPS": NaN,
        "Diluted NI Availto Com Stockholders": NaN,
        "Average Dilution Earnings": NaN,
        "Net Income Common Stockholders": NaN,
        "Otherunder Preferred Stock Dividend": NaN,
        "Net Income": NaN,
        "Net Income Including Noncontrolling Interests": NaN,
        "Net Income Continuous Operations": NaN,
        "Tax Provision": NaN,
        "Pretax Income": NaN,
        "Other Income Expense": NaN,
        "Other Non Operating Income Expenses": NaN,
        "Special Income Charges": 69701000.0,
        "Other Special Charges": -17937000.0,
        "Write Off": NaN,
        "Impairment Of Capital Assets": -51764000.0,
        "Restructuring And Mergern Acquisition": 0.0,
        "Gain On Sale Of Security": NaN,
        "Net Non Operating Interest Income Expense": NaN,
        "Interest Expense Non Operating": NaN,
        "Operating Income": NaN,
        "Operating Expense": NaN,
        "Other Operating Expenses": NaN,
        "Research And Development": NaN,
        "Selling General And Administration": NaN,
        "Selling And Marketing Expense": NaN,
        "General And Administrative Expense": NaN,
        "Other Gand A": NaN,
        "Salaries And Wages": 149841000.0,
        "Gross Profit": NaN,
        "Cost Of Revenue": NaN,
        "Total Revenue": NaN,
        "Operating Revenue": NaN
    },
    "2024-03-31": {
        "Tax Effect Of Unusual Items": NaN,
        "Tax Rate For Calcs": NaN,
        "Normalized EBITDA": NaN,
        "Total Unusual Items": NaN,
        "Total Unusual Items Excluding Goodwill": NaN,
        "Net Income From Continuing Operation Net Minority Interest": NaN,
        "Reconciled Depreciation": NaN,
        "Reconciled Cost Of Revenue": NaN,
        "EBITDA": NaN,
        "EBIT": NaN,
        "Net Interest Income": NaN,
        "Interest Expense": NaN,
        "Normalized Income": NaN,
        "Net Income From Continuing And Discontinued Operation": NaN,
        "Total Expenses": NaN,
        "Total Operating Income As Reported": NaN,
        "Diluted Average Shares": NaN,
        "Basic Average Shares": NaN,
        "Diluted EPS": NaN,
        "Basic EPS": NaN,
        "Diluted NI Availto Com Stockholders": NaN,
        "Average Dilution Earnings": NaN,
        "Net Income Common Stockholders": NaN,
        "Otherunder Preferred Stock Dividend": 766000.0,
        "Net Income": NaN,
        "Net Income Including Noncontrolling Interests": NaN,
        "Net Income Continuous Operations": NaN,
        "Tax Provision": NaN,
        "Pretax Income": NaN,
        "Other Income Expense": NaN,
        "Other Non Operating Income Expenses": NaN,
        "Special Income Charges": 0.0,
        "Write Off": 0.0,
        "Impairment Of Capital Assets": NaN,
        "Restructuring And Mergern Acquisition": 0.0,
        "Gain On Sale Of Security": NaN,
        "Net Non Operating Interest Income Expense": NaN,
        "Interest Expense Non Operating": NaN,
        "Operating Income": NaN,
        "Operating Expense": NaN,
        "Other Operating Expenses": NaN,
        "Research And Development": NaN,
        "Selling General And Administration": NaN,
        "Selling And Marketing Expense": NaN,
        "General And Administrative Expense": NaN,
        "Other Gand A": NaN,
        "Gross Profit": NaN,
        "Cost Of Revenue": NaN,
        "Total Revenue": NaN,
        "Operating Revenue": NaN
    },
    "2024-06-30": {
        "Tax Effect Of Unusual Items": NaN,
        "Tax Rate For Calcs": NaN,
        "Normalized EBITDA": NaN,
        "Total Unusual Items": NaN,
        "Total Unusual Items Excluding Goodwill": NaN,
        "Net Income From Continuing Operation Net Minority Interest": NaN,
        "Reconciled Depreciation": NaN,
        "Reconciled Cost Of Revenue": NaN,
        "EBITDA": NaN,
        "EBIT": NaN,
        "Net Interest Income": NaN,
        "Interest Expense": NaN,
        "Normalized Income": NaN,
        "Net Income From Continuing And Discontinued Operation": NaN,
        "Total Expenses": NaN,
        "Total Operating Income As Reported": NaN,
        "Diluted Average Shares": NaN,
        "Basic Average Shares": NaN,
        "Diluted EPS": NaN,
        "Basic EPS": NaN,
        "Diluted NI Availto Com Stockholders": NaN,
        "Average Dilution Earnings": NaN,
        "Net Income Common Stockholders": NaN,
        "Otherunder Preferred Stock Dividend": 23000.0,
        "Net Income": NaN,
        "Net Income Including Noncontrolling Interests": NaN,
        "Net Income Continuous Operations": NaN,
        "Tax Provision": NaN,
        "Pretax Income": NaN,
        "Other Income Expense": NaN,
        "Other Non Operating Income Expenses": NaN,
        "Special Income Charges": 0.0,
        "Write Off": NaN,
        "Impairment Of Capital Assets": 0.0,
        "Restructuring And Mergern Acquisition": 0.0,
        "Gain On Sale Of Security": NaN,
        "Net Non Operating Interest Income Expense": NaN,
        "Interest Expense Non Operating": NaN,
        "Operating Income": NaN,
        "Operating Expense": NaN,
        "Other Operating Expenses": NaN,
        "Research And Development": NaN,
        "Selling General And Administration": NaN,
        "Selling And Marketing Expense": NaN,
        "General And Administrative Expense": NaN,
        "Other Gand A": NaN,
        "Gross Profit": NaN,
        "Cost Of Revenue": NaN,
        "Total Revenue": NaN,
        "Operating Revenue": NaN
    },
    "2024-09-30": {
        "Tax Effect Of Unusual Items": -23648520.0,
        "Tax Rate For Calcs": 0.21,
        "Normalized EBITDA": 232418000.0,
        "Total Unusual Items": -112612000.0,
        "Total Unusual Items Excluding Goodwill": -112612000.0,
        "Net Income From Continuing Operation Net Minority Interest": 75495000.0,
        "Reconciled Depreciation": 30695000.0,
        "Reconciled Cost Of Revenue": 349535000.0,
        "EBITDA": 119806000.0,
        "EBIT": 89111000.0,
        "Net Interest Income": -20530000.0,
        "Interest Expense": 20530000.0,
        "Normalized Income": 164458480.0,
        "Net Income From Continuing And Discontinued Operation": 75495000.0,
        "Total Expenses": 1039205000.0,
        "Total Operating Income As Reported": 169513000.0,
        "Diluted Average Shares": 267440000.0,
        "Basic Average Shares": 248834000.0,
        "Diluted EPS": 0.28,
        "Basic EPS": 0.3,
        "Diluted NI Availto Com Stockholders": 75455000.0,
        "Average Dilution Earnings": -40000.0,
        "Net Income Common Stockholders": 75495000.0,
        "Otherunder Preferred Stock Dividend": NaN,
        "Net Income": 75495000.0,
        "Net Income Including Noncontrolling Interests": 75495000.0,
        "Net Income Continuous Operations": 75495000.0,
        "Tax Provision": -6914000.0,
        "Pretax Income": 68581000.0,
        "Other Income Expense": -76877000.0,
        "Other Non Operating Income Expenses": 35735000.0,
        "Special Income Charges": 0.0,
        "Write Off": NaN,
        "Impairment Of Capital Assets": 0.0,
        "Restructuring And Mergern Acquisition": 0.0,
        "Gain On Sale Of Security": -112612000.0,
        "Net Non Operating Interest Income Expense": -20530000.0,
        "Interest Expense Non Operating": 20530000.0,
        "Operating Income": 165988000.0,
        "Operating Expense": 689670000.0,
        "Other Operating Expenses": -5173000.0,
        "Research And Development": 377440000.0,
        "Selling General And Administration": 317403000.0,
        "Selling And Marketing Expense": 124965000.0,
        "General And Administrative Expense": 192438000.0,
        "Other Gand A": 192438000.0,
        "Gross Profit": 855658000.0,
        "Cost Of Revenue": 349535000.0,
        "Total Revenue": 1205193000.0,
        "Operating Revenue": 1128597000.0
    },
    "2024-12-31": {
        "Tax Effect Of Unusual Items": 67447292.962142,
        "Tax Rate For Calcs": 0.13742,
        "Normalized EBITDA": 1059595000.0,
        "Total Unusual Items": 490813000.0,
        "Total Unusual Items Excluding Goodwill": 490813000.0,
        "Net Income From Continuing Operation Net Minority Interest": 1291176000.0,
        "Reconciled Depreciation": 32995000.0,
        "Reconciled Cost Of Revenue": 555161000.0,
        "EBITDA": 1550408000.0,
        "EBIT": 1517413000.0,
        "Net Interest Income": -20537000.0,
        "Interest Expense": 20537000.0,
        "Normalized Income": 867810292.962142,
        "Net Income From Continuing And Discontinued Operation": 1291176000.0,
        "Total Expenses": 1254643000.0,
        "Total Operating Income As Reported": 1034069000.0,
        "Diluted Average Shares": 276752000.0,
        "Basic Average Shares": 251506000.0,
        "Diluted EPS": 4.68,
        "Basic EPS": 5.13,
        "Diluted NI Availto Com Stockholders": 1304142000.0,
        "Average Dilution Earnings": 14277000.0,
        "Net Income Common Stockholders": 1289865000.0,
        "Otherunder Preferred Stock Dividend": NaN,
        "Net Income": 1291176000.0,
        "Net Income Including Noncontrolling Interests": 1291176000.0,
        "Net Income Continuous Operations": 1291176000.0,
        "Tax Provision": 205700000.0,
        "Pretax Income": 1496876000.0,
        "Other Income Expense": 500419000.0,
        "Other Non Operating Income Expenses": 9606000.0,
        "Special Income Charges": 0.0,
        "Write Off": NaN,
        "Impairment Of Capital Assets": 0.0,
        "Restructuring And Mergern Acquisition": 0.0,
        "Gain On Sale Of Security": 490813000.0,
        "Net Non Operating Interest Income Expense": -20537000.0,
        "Interest Expense Non Operating": 20537000.0,
        "Operating Income": 1016994000.0,
        "Operating Expense": 699482000.0,
        "Other Operating Expenses": -19436000.0,
        "Research And Development": 368691000.0,
        "Selling General And Administration": 350227000.0,
        "Selling And Marketing Expense": 188428000.0,
        "General And Administrative Expense": 161799000.0,
        "Other Gand A": 161799000.0,
        "Gross Profit": 1716476000.0,
        "Cost Of Revenue": 555161000.0,
        "Total Revenue": 2271637000.0,
        "Operating Revenue": 2197030000.0
    },
    "2025-03-31": {
        "Tax Effect Of Unusual Items": -133732608.0,
        "Tax Rate For Calcs": 0.204,
        "Normalized EBITDA": 791852000.0,
        "Total Unusual Items": -655552000.0,
        "Total Unusual Items Excluding Goodwill": -655552000.0,
        "Net Income From Continuing Operation Net Minority Interest": 65608000.0,
        "Reconciled Depreciation": 33333000.0,
        "Reconciled Cost Of Revenue": 502641000.0,
        "EBITDA": 136300000.0,
        "EBIT": 102967000.0,
        "Net Interest Income": -20511000.0,
        "Interest Expense": 20511000.0,
        "Normalized Income": 587427392.0,
        "Net Income From Continuing And Discontinued Operation": 65608000.0,
        "Total Expenses": 1294124000.0,
        "Total Operating Income As Reported": 705806000.0,
        "Diluted Average Shares": 271251000.0,
        "Basic Average Shares": 253878000.0,
        "Diluted EPS": 0.24,
        "Basic EPS": 0.26,
        "Diluted NI Availto Com Stockholders": 65608000.0,
        "Average Dilution Earnings": 0.0,
        "Net Income Common Stockholders": 65608000.0,
        "Otherunder Preferred Stock Dividend": 0.0,
        "Net Income": 65608000.0,
        "Net Income Including Noncontrolling Interests": 65608000.0,
        "Net Income Continuous Operations": 65608000.0,
        "Tax Provision": 16848000.0,
        "Pretax Income": 82456000.0,
        "Other Income Expense": -637204000.0,
        "Other Non Operating Income Expenses": 18348000.0,
        "Special Income Charges": NaN,
        "Write Off": NaN,
        "Impairment Of Capital Assets": NaN,
        "Restructuring And Mergern Acquisition": NaN,
        "Gain On Sale Of Security": -655552000.0,
        "Net Non Operating Interest Income Expense": -20511000.0,
        "Interest Expense Non Operating": 20511000.0,
        "Operating Income": 740171000.0,
        "Operating Expense": 791483000.0,
        "Other Operating Expenses": -5899000.0,
        "Research And Development": 355368000.0,
        "Selling General And Administration": 442014000.0,
        "Selling And Marketing Expense": 213827000.0,
        "General And Administrative Expense": 228187000.0,
        "Other Gand A": 228187000.0,
        "Gross Profit": 1531654000.0,
        "Cost Of Revenue": 502641000.0,
        "Total Revenue": 2034295000.0,
        "Operating Revenue": 1960319000.0
    },
    "2025-06-30": {
        "Tax Effect Of Unusual Items": 404068973.0,
        "Tax Rate For Calcs": 0.217,
        "Normalized EBITDA": 16140000.0,
        "Total Unusual Items": 1862069000.0,
        "Total Unusual Items Excluding Goodwill": 1862069000.0,
        "Net Income From Continuing Operation Net Minority Interest": 1428900000.0,
        "Reconciled Depreciation": 33901000.0,
        "Reconciled Cost Of Revenue": 426219000.0,
        "EBITDA": 1878209000.0,
        "EBIT": 1844308000.0,
        "Net Interest Income": -20535000.0,
        "Interest Expense": 20535000.0,
        "Normalized Income": -29100027.0,
        "Net Income From Continuing And Discontinued Operation": 1428900000.0,
        "Total Expenses": 1530560000.0,
        "Total Operating Income As Reported": -24650000.0,
        "Diluted Average Shares": 278913000.0,
        "Basic Average Shares": 255188000.0,
        "Diluted EPS": 5.14,
        "Basic EPS": 5.6,
        "Diluted NI Availto Com Stockholders": 1432511000.0,
        "Average Dilution Earnings": 3611000.0,
        "Net Income Common Stockholders": 1428900000.0,
        "Otherunder Preferred Stock Dividend": 0.0,
        "Net Income": 1428900000.0,
        "Net Income Including Noncontrolling Interests": 1428900000.0,
        "Net Income Continuous Operations": 1428900000.0,
        "Tax Provision": 394873000.0,
        "Pretax Income": 1823773000.0,
        "Other Income Expense": 1877660000.0,
        "Other Non Operating Income Expenses": 15591000.0,
        "Special Income Charges": NaN,
        "Write Off": NaN,
        "Impairment Of Capital Assets": NaN,
        "Restructuring And Mergern Acquisition": NaN,
        "Gain On Sale Of Security": 1862069000.0,
        "Net Non Operating Interest Income Expense": -20535000.0,
        "Interest Expense Non Operating": 20535000.0,
        "Operating Income": -33352000.0,
        "Operating Expense": 1104341000.0,
        "Other Operating Expenses": 308025000.0,
        "Research And Development": 387322000.0,
        "Selling General And Administration": 408994000.0,
        "Selling And Marketing Expense": 203926000.0,
        "General And Administrative Expense": 205068000.0,
        "Other Gand A": 205068000.0,
        "Gross Profit": 1070989000.0,
        "Cost Of Revenue": 426219000.0,
        "Total Revenue": 1497208000.0,
        "Operating Revenue": 1420096000.0
    },
    "2025-09-30": {
        "Tax Effect Of Unusual Items": 8255627.0,
        "Tax Rate For Calcs": 0.139,
        "Normalized EBITDA": 514602000.0,
        "Total Unusual Items": 59393000.0,
        "Total Unusual Items Excluding Goodwill": 59393000.0,
        "Net Income From Continuing Operation Net Minority Interest": 432552000.0,
        "Reconciled Depreciation": 50078000.0,
        "Reconciled Cost Of Revenue": 474496000.0,
        "EBITDA": 573995000.0,
        "EBIT": 523917000.0,
        "Net Interest Income": -21774000.0,
        "Interest Expense": 21774000.0,
        "Normalized Income": 381414627.0,
        "Net Income From Continuing And Discontinued Operation": 432552000.0,
        "Total Expenses": 1423901000.0,
        "Total Operating Income As Reported": 480532000.0,
        "Diluted Average Shares": 291958000.0,
        "Basic Average Shares": 262831000.0,
        "Diluted EPS": 1.5,
        "Basic EPS": 1.65,
        "Diluted NI Availto Com Stockholders": 437095000.0,
        "Average Dilution Earnings": 4543000.0,
        "Net Income Common Stockholders": 432552000.0,
        "Otherunder Preferred Stock Dividend": 0.0,
        "Net Income": 432552000.0,
        "Net Income Including Noncontrolling Interests": 432552000.0,
        "Net Income Continuous Operations": 432552000.0,
        "Tax Provision": 69591000.0,
        "Pretax Income": 502143000.0,
        "Other Income Expense": 79125000.0,
        "Other Non Operating Income Expenses": 19732000.0,
        "Special Income Charges": NaN,
        "Write Off": NaN,
        "Impairment Of Capital Assets": NaN,
        "Restructuring And Mergern Acquisition": NaN,
        "Gain On Sale Of Security": 59393000.0,
        "Net Non Operating Interest Income Expense": -21774000.0,
        "Interest Expense Non Operating": 21774000.0,
        "Operating Income": 444792000.0,
        "Operating Expense": 949405000.0,
        "Other Operating Expenses": 61280000.0,
        "Research And Development": 430585000.0,
        "Selling General And Administration": 457540000.0,
        "Selling And Marketing Expense": 222963000.0,
        "General And Administrative Expense": 234577000.0,
        "Other Gand A": 234577000.0,
        "Gross Profit": 1394197000.0,
        "Cost Of Revenue": 474496000.0,
        "Total Revenue": 1868693000.0,
        "Operating Revenue": 1792984000.0
    }
}