{
    "2023-03-31": {
        "Tax Effect Of Unusual Items": NaN,
        "Tax Rate For Calcs": NaN,
        "Normalized EBITDA": NaN,
        "Total Unusual Items": NaN,
        "Total Unusual Items Excluding Goodwill": NaN,
        "Net Income From Continuing Operation Net Minority Interest": NaN,
        "Reconciled Depreciation": NaN,
        "Reconciled Cost Of Revenue": NaN,
        "EBITDA": NaN,
        "EBIT": NaN,
        "Net Interest Income": NaN,
        "Interest Expense": NaN,
        "Interest Income": NaN,
        "Normalized Income": NaN,
        "Net Income From Continuing And Discontinued Operation": NaN,
        "Total Expenses": NaN,
        "Total Operating Income As Reported": NaN,
        "Diluted Average Shares": 212100000.0,
        "Basic Average Shares": 208900000.0,
        "Diluted EPS": -0.06,
        "Basic EPS": -0.06,
        "Diluted NI Availto Com Stockholders": NaN,
        "Net Income Common Stockholders": NaN,
        "Preferred Stock Dividends": NaN,
        "Net Income": NaN,
        "Net Income Including Noncontrolling Interests": NaN,
        "Net Income Discontinuous Operations": -26400000.0,
        "Net Income Continuous Operations": NaN,
        "Tax Provision": NaN,
        "Pretax Income": NaN,
        "Other Income Expense": NaN,
        "Other Non Operating Income Expenses": NaN,
        "Special Income Charges": NaN,
        "Gain On Sale Of Business": 0.0,
        "Write Off": NaN,
        "Restructuring And Mergern Acquisition": NaN,
        "Gain On Sale Of Security": -1700000.0,
        "Net Non Operating Interest Income Expense": NaN,
        "Interest Expense Non Operating": NaN,
        "Interest Income Non Operating": NaN,
        "Operating Income": NaN,
        "Operating Expense": NaN,
        "Depreciation Amortization Depletion Income Statement": NaN,
        "Depreciation And Amortization In Income Statement": NaN,
        "Amortization": NaN,
        "Amortization Of Intangibles Income Statement": NaN,
        "Research And Development": NaN,
        "Selling General And Administration": NaN,
        "Gross Profit": NaN,
        "Cost Of Revenue": NaN,
        "Total Revenue": NaN,
        "Operating Revenue": NaN
    },
    "2022-12-31": {
        "Tax Effect Of Unusual Items": NaN,
        "Tax Rate For Calcs": NaN,
        "Normalized EBITDA": NaN,
        "Total Unusual Items": NaN,
        "Total Unusual Items Excluding Goodwill": NaN,
        "Net Income From Continuing Operation Net Minority Interest": NaN,
        "Reconciled Depreciation": NaN,
        "Reconciled Cost Of Revenue": NaN,
        "EBITDA": NaN,
        "EBIT": NaN,
        "Net Interest Income": NaN,
        "Interest Expense": NaN,
        "Interest Income": NaN,
        "Normalized Income": NaN,
        "Net Income From Continuing And Discontinued Operation": NaN,
        "Total Expenses": NaN,
        "Total Operating Income As Reported": NaN,
        "Diluted Average Shares": 208400000.0,
        "Basic Average Shares": 208400000.0,
        "Diluted EPS": -5.39,
        "Basic EPS": -5.39,
        "Diluted NI Availto Com Stockholders": NaN,
        "Net Income Common Stockholders": NaN,
        "Preferred Stock Dividends": NaN,
        "Net Income": NaN,
        "Net Income Including Noncontrolling Interests": NaN,
        "Net Income Discontinuous Operations": NaN,
        "Net Income Continuous Operations": NaN,
        "Tax Provision": NaN,
        "Pretax Income": NaN,
        "Other Income Expense": NaN,
        "Other Non Operating Income Expenses": NaN,
        "Special Income Charges": NaN,
        "Gain On Sale Of Business": NaN,
        "Write Off": NaN,
        "Restructuring And Mergern Acquisition": NaN,
        "Gain On Sale Of Security": NaN,
        "Net Non Operating Interest Income Expense": NaN,
        "Interest Expense Non Operating": NaN,
        "Interest Income Non Operating": NaN,
        "Operating Income": NaN,
        "Operating Expense": NaN,
        "Depreciation Amortization Depletion Income Statement": NaN,
        "Depreciation And Amortization In Income Statement": NaN,
        "Amortization": NaN,
        "Amortization Of Intangibles Income Statement": NaN,
        "Research And Development": NaN,
        "Selling General And Administration": NaN,
        "Gross Profit": NaN,
        "Cost Of Revenue": NaN,
        "Total Revenue": NaN,
        "Operating Revenue": NaN
    },
    "2022-09-30": {
        "Tax Effect Of Unusual Items": NaN,
        "Tax Rate For Calcs": NaN,
        "Normalized EBITDA": NaN,
        "Total Unusual Items": NaN,
        "Total Unusual Items Excluding Goodwill": NaN,
        "Net Income From Continuing Operation Net Minority Interest": NaN,
        "Reconciled Depreciation": NaN,
        "Reconciled Cost Of Revenue": NaN,
        "EBITDA": NaN,
        "EBIT": NaN,
        "Net Interest Income": NaN,
        "Interest Expense": NaN,
        "Interest Income": NaN,
        "Normalized Income": NaN,
        "Net Income From Continuing And Discontinued Operation": NaN,
        "Total Expenses": NaN,
        "Total Operating Income As Reported": NaN,
        "Diluted Average Shares": NaN,
        "Basic Average Shares": NaN,
        "Diluted EPS": NaN,
        "Basic EPS": NaN,
        "Diluted NI Availto Com Stockholders": NaN,
        "Net Income Common Stockholders": NaN,
        "Preferred Stock Dividends": NaN,
        "Net Income": NaN,
        "Net Income Including Noncontrolling Interests": NaN,
        "Net Income Discontinuous Operations": NaN,
        "Net Income Continuous Operations": NaN,
        "Tax Provision": NaN,
        "Pretax Income": NaN,
        "Other Income Expense": NaN,
        "Other Non Operating Income Expenses": NaN,
        "Special Income Charges": NaN,
        "Gain On Sale Of Business": NaN,
        "Write Off": 0.0,
        "Restructuring And Mergern Acquisition": NaN,
        "Gain On Sale Of Security": 3600000.0,
        "Net Non Operating Interest Income Expense": NaN,
        "Interest Expense Non Operating": NaN,
        "Interest Income Non Operating": NaN,
        "Operating Income": NaN,
        "Operating Expense": NaN,
        "Depreciation Amortization Depletion Income Statement": NaN,
        "Depreciation And Amortization In Income Statement": NaN,
        "Amortization": NaN,
        "Amortization Of Intangibles Income Statement": NaN,
        "Research And Development": NaN,
        "Selling General And Administration": NaN,
        "Gross Profit": NaN,
        "Cost Of Revenue": NaN,
        "Total Revenue": NaN,
        "Operating Revenue": NaN
    },
    "2022-06-30": {
        "Tax Effect Of Unusual Items": -7067549.668874,
        "Tax Rate For Calcs": 0.192053,
        "Normalized EBITDA": 277500000.0,
        "Total Unusual Items": -36800000.0,
        "Total Unusual Items Excluding Goodwill": -36800000.0,
        "Net Income From Continuing Operation Net Minority Interest": -61000000.0,
        "Reconciled Depreciation": 176100000.0,
        "Reconciled Cost Of Revenue": 1579900000.0,
        "EBITDA": 240700000.0,
        "EBIT": 64600000.0,
        "Net Interest Income": -139600000.0,
        "Interest Expense": 140100000.0,
        "Interest Income": 500000.0,
        "Normalized Income": -31267549.668874,
        "Net Income From Continuing And Discontinued Operation": -61000000.0,
        "Total Expenses": 2198600000.0,
        "Total Operating Income As Reported": 63100000.0,
        "Diluted Average Shares": 207600000.0,
        "Basic Average Shares": 207600000.0,
        "Diluted EPS": -0.36,
        "Basic EPS": -0.36,
        "Diluted NI Availto Com Stockholders": -75700000.0,
        "Net Income Common Stockholders": -75700000.0,
        "Preferred Stock Dividends": 14700000.0,
        "Net Income": -61000000.0,
        "Net Income Including Noncontrolling Interests": -61000000.0,
        "Net Income Continuous Operations": -61000000.0,
        "Tax Provision": -14500000.0,
        "Pretax Income": -75500000.0,
        "Other Income Expense": -37500000.0,
        "Other Non Operating Income Expenses": -700000.0,
        "Special Income Charges": -38500000.0,
        "Write Off": NaN,
        "Restructuring And Mergern Acquisition": 38500000.0,
        "Gain On Sale Of Security": 1700000.0,
        "Net Non Operating Interest Income Expense": -139600000.0,
        "Interest Expense Non Operating": 140100000.0,
        "Interest Income Non Operating": 500000.0,
        "Operating Income": 101600000.0,
        "Operating Expense": 581600000.0,
        "Depreciation Amortization Depletion Income Statement": 139000000.0,
        "Depreciation And Amortization In Income Statement": 139000000.0,
        "Amortization": 139000000.0,
        "Amortization Of Intangibles Income Statement": 139000000.0,
        "Research And Development": 165400000.0,
        "Selling General And Administration": 277200000.0,
        "Gross Profit": 683200000.0,
        "Cost Of Revenue": 1617000000.0,
        "Total Revenue": 2300200000.0,
        "Operating Revenue": 2300200000.0
    },
    "2023-06-30": {
        "Tax Effect Of Unusual Items": NaN,
        "Tax Rate For Calcs": NaN,
        "Normalized EBITDA": NaN,
        "Total Unusual Items": NaN,
        "Total Unusual Items Excluding Goodwill": NaN,
        "Net Income From Continuing Operation Net Minority Interest": NaN,
        "Reconciled Depreciation": NaN,
        "Reconciled Cost Of Revenue": NaN,
        "EBITDA": NaN,
        "EBIT": NaN,
        "Net Interest Income": NaN,
        "Interest Expense": NaN,
        "Interest Income": NaN,
        "Normalized Income": NaN,
        "Net Income From Continuing And Discontinued Operation": NaN,
        "Total Expenses": NaN,
        "Total Operating Income As Reported": NaN,
        "Diluted Average Shares": NaN,
        "Basic Average Shares": NaN,
        "Diluted EPS": NaN,
        "Basic EPS": NaN,
        "Diluted NI Availto Com Stockholders": NaN,
        "Net Income Common Stockholders": NaN,
        "Preferred Stock Dividends": NaN,
        "Net Income": NaN,
        "Net Income Including Noncontrolling Interests": NaN,
        "Net Income Discontinuous Operations": NaN,
        "Net Income Continuous Operations": NaN,
        "Tax Provision": NaN,
        "Pretax Income": NaN,
        "Other Income Expense": NaN,
        "Other Non Operating Income Expenses": NaN,
        "Special Income Charges": NaN,
        "Gain On Sale Of Business": NaN,
        "Write Off": NaN,
        "Restructuring And Mergern Acquisition": NaN,
        "Gain On Sale Of Security": -1600000.0,
        "Net Non Operating Interest Income Expense": NaN,
        "Interest Expense Non Operating": NaN,
        "Interest Income Non Operating": NaN,
        "Operating Income": NaN,
        "Operating Expense": NaN,
        "Depreciation Amortization Depletion Income Statement": NaN,
        "Depreciation And Amortization In Income Statement": NaN,
        "Amortization": NaN,
        "Amortization Of Intangibles Income Statement": NaN,
        "Research And Development": NaN,
        "Selling General And Administration": NaN,
        "Gross Profit": NaN,
        "Cost Of Revenue": NaN,
        "Total Revenue": NaN,
        "Operating Revenue": NaN
    },
    "2022-03-31": {
        "Diluted EPS": -0.75,
        "Total Revenue": NaN,
        "Gross Profit": 636,
        "Operating Income": 27,
        "EBIT": 207,
        "Net Income": -154
    },
    "2021-12-31": {
        "Diluted EPS": -0.5,
        "Total Revenue": NaN,
        "Gross Profit": 686,
        "Operating Income": 37,
        "EBIT": 228,
        "Net Income": -101
    },
    "2021-09-30": {
        "Diluted EPS": -0.68,
        "Total Revenue": NaN,
        "Gross Profit": 653,
        "Operating Income": 21,
        "EBIT": 224,
        "Net Income": -139
    },
    "2021-06-30": {
        "Diluted EPS": -0.82,
        "Total Revenue": NaN,
        "Gross Profit": 673,
        "Operating Income": -18,
        "EBIT": 175,
        "Net Income": -168
    },
    "2021-03-31": {
        "Diluted EPS": -0.55,
        "Total Revenue": NaN,
        "Gross Profit": 672,
        "Operating Income": 9,
        "EBIT": 208,
        "Net Income": -112
    },
    "2020-12-31": {
        "Diluted EPS": 0.06,
        "Total Revenue": NaN,
        "Gross Profit": 715,
        "Operating Income": 119,
        "EBIT": 324,
        "Net Income": 10
    },
    "2020-09-30": {
        "Diluted EPS": -0.66,
        "Total Revenue": NaN,
        "Gross Profit": 736,
        "Operating Income": 56,
        "EBIT": 266,
        "Net Income": -130
    },
    "2020-06-30": {
        "Diluted EPS": -1.71,
        "Total Revenue": NaN,
        "Gross Profit": 656,
        "Operating Income": -195,
        "EBIT": 9,
        "Net Income": -335
    },
    "2020-03-31": {
        "Diluted EPS": -0.89,
        "Total Revenue": NaN,
        "Gross Profit": 641,
        "Operating Income": -32,
        "EBIT": 174,
        "Net Income": -174
    },
    "2019-12-31": {
        "Diluted EPS": -2.32,
        "Total Revenue": NaN,
        "Gross Profit": 736,
        "Operating Income": -339,
        "EBIT": -83,
        "Net Income": -451
    },
    "2019-09-30": {
        "Diluted EPS": -0.88,
        "Total Revenue": NaN,
        "Gross Profit": 610,
        "Operating Income": -51,
        "EBIT": 163,
        "Net Income": -170
    },
    "2019-06-30": {
        "Diluted EPS": -1.81,
        "Total Revenue": NaN,
        "Gross Profit": 660,
        "Operating Income": -209,
        "EBIT": 8,
        "Net Income": -350
    },
    "2019-03-31": {
        "Diluted EPS": -0.01,
        "Total Revenue": NaN,
        "Gross Profit": 398,
        "Operating Income": 91,
        "EBIT": 174,
        "Net Income": -2
    },
    "2018-12-31": {
        "Diluted EPS": -0.12,
        "Total Revenue": NaN,
        "Gross Profit": 355,
        "Operating Income": 49,
        "EBIT": 134,
        "Net Income": -23
    },
    "2018-09-30": {
        "Diluted EPS": 0.33,
        "Total Revenue": NaN,
        "Gross Profit": 410,
        "Operating Income": 132,
        "EBIT": 227,
        "Net Income": 64
    },
    "2018-06-30": {
        "Diluted EPS": 0.34,
        "Total Revenue": NaN,
        "Gross Profit": 457,
        "Operating Income": 165,
        "EBIT": 254,
        "Net Income": 66
    },
    "2018-03-31": {
        "Diluted EPS": 0.17,
        "Total Revenue": NaN,
        "Gross Profit": 411,
        "Operating Income": 104,
        "EBIT": 193,
        "Net Income": 34
    },
    "2017-12-31": {
        "Diluted EPS": 0.27,
        "Total Revenue": NaN,
        "Gross Profit": 351,
        "Operating Income": 90,
        "EBIT": 186,
        "Net Income": 54
    },
    "2017-09-30": {
        "Diluted EPS": 0.26,
        "Total Revenue": NaN,
        "Gross Profit": 429,
        "Operating Income": 125,
        "EBIT": 218,
        "Net Income": 51
    },
    "2017-06-30": {
        "Diluted EPS": 0.28,
        "Total Revenue": NaN,
        "Gross Profit": 472,
        "Operating Income": 136,
        "EBIT": 226,
        "Net Income": 55
    },
    "2017-03-31": {
        "Diluted EPS": 0.17,
        "Total Revenue": NaN,
        "Gross Profit": 454,
        "Operating Income": 120,
        "EBIT": 220,
        "Net Income": 34
    },
    "2016-12-31": {
        "Diluted EPS": 0.27,
        "Total Revenue": NaN,
        "Gross Profit": 486,
        "Operating Income": 112,
        "EBIT": 210,
        "Net Income": 54
    },
    "2016-09-30": {
        "Diluted EPS": 0.48,
        "Total Revenue": NaN,
        "Gross Profit": 543,
        "Operating Income": 181,
        "EBIT": 282,
        "Net Income": 94
    },
    "2016-06-30": {
        "Diluted EPS": 0.32,
        "Total Revenue": NaN,
        "Gross Profit": 554,
        "Operating Income": 184,
        "EBIT": 287,
        "Net Income": 62
    },
    "2016-03-31": {
        "Diluted EPS": 0.06,
        "Total Revenue": NaN,
        "Gross Profit": 447,
        "Operating Income": 91,
        "EBIT": 188,
        "Net Income": 13
    },
    "2015-12-31": {
        "Diluted EPS": -0.39,
        "Total Revenue": NaN,
        "Gross Profit": 399,
        "Operating Income": 22,
        "EBIT": 126,
        "Net Income": -75
    },
    "2015-09-30": {
        "Diluted EPS": -0.42,
        "Total Revenue": 973,
        "Gross Profit": 339,
        "Operating Income": -43,
        "EBIT": 31,
        "Net Income": -81
    },
    "2015-06-30": {
        "Diluted EPS": 0.24,
        "Total Revenue": 867,
        "Gross Profit": 315,
        "Operating Income": 109,
        "EBIT": 176,
        "Net Income": 46
    },
    "2015-03-31": {
        "Diluted EPS": 0.2,
        "Total Revenue": 825,
        "Gross Profit": 293,
        "Operating Income": 93,
        "EBIT": 153,
        "Net Income": 39
    },
    "2014-12-31": {
        "Diluted EPS": 0.25,
        "Total Revenue": 828,
        "Gross Profit": 285,
        "Operating Income": 76,
        "EBIT": 137,
        "Net Income": 48
    },
    "2014-09-30": {
        "Diluted EPS": 0.5,
        "Total Revenue": NaN,
        "Gross Profit": 362,
        "Operating Income": 151,
        "EBIT": 211,
        "Net Income": 96
    },
    "2014-06-30": {
        "Diluted EPS": 0.15,
        "Total Revenue": NaN,
        "Gross Profit": 412,
        "Operating Income": 204,
        "EBIT": 283,
        "Net Income": 28
    },
    "2014-03-31": {
        "Diluted EPS": 0.34,
        "Total Revenue": 935,
        "Gross Profit": 338,
        "Operating Income": 147,
        "EBIT": 206,
        "Net Income": 64
    },
    "2013-12-31": {
        "Diluted EPS": -0.06,
        "Total Revenue": 847,
        "Gross Profit": 292,
        "Operating Income": 60,
        "EBIT": 133,
        "Net Income": -9
    },
    "2013-09-30": {
        "Diluted EPS": 0.07,
        "Total Revenue": 888,
        "Gross Profit": 310,
        "Operating Income": 100,
        "EBIT": 162,
        "Net Income": 11
    },
    "2013-06-30": {
        "Diluted EPS": 0.01,
        "Total Revenue": 941,
        "Gross Profit": 334,
        "Operating Income": 94,
        "EBIT": 155,
        "Net Income": 1
    },
    "2013-03-31": {
        "Diluted EPS": 0.1,
        "Total Revenue": 805,
        "Gross Profit": 265,
        "Operating Income": 75,
        "EBIT": 136,
        "Net Income": 16
    },
    "2012-12-31": {
        "Diluted EPS": 0.0,
        "Total Revenue": NaN,
        "Gross Profit": NaN,
        "Operating Income": NaN,
        "EBIT": NaN,
        "Net Income": NaN
    },
    "2012-09-30": {
        "Diluted EPS": 0.03,
        "Total Revenue": 894,
        "Gross Profit": 303,
        "Operating Income": 73,
        "EBIT": 138,
        "Net Income": 5
    },
    "2012-06-30": {
        "Diluted EPS": 0.04,
        "Total Revenue": 836,
        "Gross Profit": 263,
        "Operating Income": 65,
        "EBIT": 65,
        "Net Income": 7
    },
    "2011-12-31": {
        "Diluted EPS": 0.0,
        "Total Revenue": NaN,
        "Gross Profit": NaN,
        "Operating Income": NaN,
        "EBIT": NaN,
        "Net Income": NaN
    },
    "2010-12-31": {
        "Diluted EPS": 0.0,
        "Total Revenue": NaN,
        "Gross Profit": NaN,
        "Operating Income": NaN,
        "EBIT": NaN,
        "Net Income": NaN
    },
    "2023-09-30": {
        "Tax Effect Of Unusual Items": NaN,
        "Tax Rate For Calcs": NaN,
        "Normalized EBITDA": NaN,
        "Total Unusual Items": NaN,
        "Total Unusual Items Excluding Goodwill": NaN,
        "Net Income From Continuing Operation Net Minority Interest": NaN,
        "Reconciled Depreciation": NaN,
        "Reconciled Cost Of Revenue": NaN,
        "EBITDA": NaN,
        "EBIT": NaN,
        "Net Interest Income": NaN,
        "Interest Expense": NaN,
        "Interest Income": NaN,
        "Normalized Income": NaN,
        "Net Income From Continuing And Discontinued Operation": NaN,
        "Total Expenses": NaN,
        "Total Operating Income As Reported": NaN,
        "Diluted Average Shares": NaN,
        "Basic Average Shares": NaN,
        "Diluted EPS": NaN,
        "Basic EPS": NaN,
        "Diluted NI Availto Com Stockholders": NaN,
        "Net Income Common Stockholders": NaN,
        "Preferred Stock Dividends": NaN,
        "Net Income": NaN,
        "Net Income Including Noncontrolling Interests": NaN,
        "Net Income Discontinuous Operations": NaN,
        "Net Income Continuous Operations": NaN,
        "Tax Provision": NaN,
        "Pretax Income": NaN,
        "Other Income Expense": NaN,
        "Other Non Operating Income Expenses": NaN,
        "Special Income Charges": NaN,
        "Gain On Sale Of Business": NaN,
        "Write Off": 425900000.0,
        "Restructuring And Mergern Acquisition": NaN,
        "Gain On Sale Of Security": -500000.0,
        "Net Non Operating Interest Income Expense": NaN,
        "Interest Expense Non Operating": NaN,
        "Interest Income Non Operating": NaN,
        "Operating Income": NaN,
        "Operating Expense": NaN,
        "Depreciation Amortization Depletion Income Statement": NaN,
        "Depreciation And Amortization In Income Statement": NaN,
        "Amortization": NaN,
        "Amortization Of Intangibles Income Statement": NaN,
        "Research And Development": NaN,
        "Selling General And Administration": NaN,
        "Gross Profit": NaN,
        "Cost Of Revenue": NaN,
        "Total Revenue": NaN,
        "Operating Revenue": NaN
    },
    "2023-12-31": {
        "Tax Effect Of Unusual Items": NaN,
        "Tax Rate For Calcs": NaN,
        "Normalized EBITDA": NaN,
        "Total Unusual Items": NaN,
        "Total Unusual Items Excluding Goodwill": NaN,
        "Net Income From Continuing Operation Net Minority Interest": NaN,
        "Reconciled Depreciation": NaN,
        "Reconciled Cost Of Revenue": NaN,
        "EBITDA": NaN,
        "EBIT": NaN,
        "Net Interest Income": NaN,
        "Interest Expense": NaN,
        "Interest Income": NaN,
        "Normalized Income": NaN,
        "Net Income From Continuing And Discontinued Operation": NaN,
        "Total Expenses": NaN,
        "Total Operating Income As Reported": NaN,
        "Diluted Average Shares": NaN,
        "Basic Average Shares": NaN,
        "Diluted EPS": NaN,
        "Basic EPS": NaN,
        "Diluted NI Availto Com Stockholders": NaN,
        "Net Income Common Stockholders": NaN,
        "Preferred Stock Dividends": NaN,
        "Net Income": NaN,
        "Net Income Including Noncontrolling Interests": NaN,
        "Net Income Discontinuous Operations": NaN,
        "Net Income Continuous Operations": NaN,
        "Tax Provision": NaN,
        "Pretax Income": NaN,
        "Other Income Expense": NaN,
        "Other Non Operating Income Expenses": NaN,
        "Special Income Charges": NaN,
        "Gain On Sale Of Business": NaN,
        "Write Off": -323700000.0,
        "Restructuring And Mergern Acquisition": NaN,
        "Gain On Sale Of Security": NaN,
        "Net Non Operating Interest Income Expense": NaN,
        "Interest Expense Non Operating": NaN,
        "Interest Income Non Operating": NaN,
        "Operating Income": NaN,
        "Operating Expense": NaN,
        "Other Operating Expenses": NaN,
        "Depreciation Amortization Depletion Income Statement": NaN,
        "Depreciation And Amortization In Income Statement": NaN,
        "Amortization": NaN,
        "Amortization Of Intangibles Income Statement": NaN,
        "Research And Development": NaN,
        "Selling General And Administration": NaN,
        "Gross Profit": NaN,
        "Cost Of Revenue": NaN,
        "Total Revenue": NaN,
        "Operating Revenue": NaN
    },
    "2024-03-31": {
        "Tax Effect Of Unusual Items": NaN,
        "Tax Rate For Calcs": NaN,
        "Normalized EBITDA": NaN,
        "Total Unusual Items": NaN,
        "Total Unusual Items Excluding Goodwill": NaN,
        "Net Income From Continuing Operation Net Minority Interest": NaN,
        "Reconciled Depreciation": NaN,
        "Reconciled Cost Of Revenue": NaN,
        "EBITDA": NaN,
        "EBIT": NaN,
        "Net Interest Income": NaN,
        "Interest Expense": NaN,
        "Interest Income": NaN,
        "Normalized Income": NaN,
        "Net Income From Continuing And Discontinued Operation": NaN,
        "Total Expenses": NaN,
        "Total Operating Income As Reported": NaN,
        "Diluted Average Shares": NaN,
        "Basic Average Shares": NaN,
        "Diluted EPS": NaN,
        "Basic EPS": NaN,
        "Diluted NI Availto Com Stockholders": NaN,
        "Net Income Common Stockholders": NaN,
        "Preferred Stock Dividends": NaN,
        "Net Income": NaN,
        "Net Income Including Noncontrolling Interests": NaN,
        "Net Income Discontinuous Operations": NaN,
        "Net Income Continuous Operations": NaN,
        "Tax Provision": NaN,
        "Pretax Income": NaN,
        "Other Income Expense": NaN,
        "Other Non Operating Income Expenses": NaN,
        "Special Income Charges": NaN,
        "Gain On Sale Of Business": NaN,
        "Write Off": NaN,
        "Restructuring And Mergern Acquisition": NaN,
        "Gain On Sale Of Security": 3400000.0,
        "Net Non Operating Interest Income Expense": NaN,
        "Interest Expense Non Operating": NaN,
        "Interest Income Non Operating": NaN,
        "Operating Income": NaN,
        "Operating Expense": NaN,
        "Other Operating Expenses": NaN,
        "Depreciation Amortization Depletion Income Statement": NaN,
        "Depreciation And Amortization In Income Statement": NaN,
        "Amortization": NaN,
        "Amortization Of Intangibles Income Statement": NaN,
        "Research And Development": NaN,
        "Selling General And Administration": NaN,
        "Gross Profit": NaN,
        "Cost Of Revenue": NaN,
        "Total Revenue": NaN,
        "Operating Revenue": NaN
    },
    "2024-06-30": {
        "Tax Effect Of Unusual Items": NaN,
        "Tax Rate For Calcs": NaN,
        "Normalized EBITDA": NaN,
        "Total Unusual Items": NaN,
        "Total Unusual Items Excluding Goodwill": NaN,
        "Net Income From Continuing Operation Net Minority Interest": NaN,
        "Reconciled Depreciation": NaN,
        "Reconciled Cost Of Revenue": NaN,
        "EBITDA": NaN,
        "EBIT": NaN,
        "Net Interest Income": NaN,
        "Interest Expense": NaN,
        "Interest Income": NaN,
        "Normalized Income": NaN,
        "Net Income From Continuing And Discontinued Operation": NaN,
        "Total Expenses": NaN,
        "Total Operating Income As Reported": NaN,
        "Diluted Average Shares": NaN,
        "Basic Average Shares": NaN,
        "Diluted EPS": NaN,
        "Basic EPS": NaN,
        "Diluted NI Availto Com Stockholders": NaN,
        "Net Income Common Stockholders": NaN,
        "Preferred Stock Dividends": NaN,
        "Net Income": NaN,
        "Net Income Including Noncontrolling Interests": NaN,
        "Net Income Discontinuous Operations": NaN,
        "Net Income Continuous Operations": NaN,
        "Tax Provision": NaN,
        "Pretax Income": NaN,
        "Other Income Expense": NaN,
        "Other Non Operating Income Expenses": NaN,
        "Special Income Charges": NaN,
        "Gain On Sale Of Business": NaN,
        "Write Off": NaN,
        "Restructuring And Mergern Acquisition": NaN,
        "Gain On Sale Of Security": 2000000.0,
        "Net Non Operating Interest Income Expense": NaN,
        "Interest Expense Non Operating": NaN,
        "Interest Income Non Operating": NaN,
        "Operating Income": NaN,
        "Operating Expense": NaN,
        "Other Operating Expenses": NaN,
        "Depreciation Amortization Depletion Income Statement": NaN,
        "Depreciation And Amortization In Income Statement": NaN,
        "Amortization": NaN,
        "Amortization Of Intangibles Income Statement": NaN,
        "Research And Development": NaN,
        "Selling General And Administration": NaN,
        "Gross Profit": NaN,
        "Cost Of Revenue": NaN,
        "Total Revenue": NaN,
        "Operating Revenue": NaN
    },
    "2024-09-30": {
        "Tax Effect Of Unusual Items": -1029000.0,
        "Tax Rate For Calcs": 0.21,
        "Normalized EBITDA": 188100000.0,
        "Total Unusual Items": -4900000.0,
        "Total Unusual Items Excluding Goodwill": -4900000.0,
        "Net Income From Continuing Operation Net Minority Interest": -96700000.0,
        "Reconciled Depreciation": 85200000.0,
        "Reconciled Cost Of Revenue": 618700000.0,
        "EBITDA": 183200000.0,
        "EBIT": 98000000.0,
        "Net Interest Income": -165400000.0,
        "Interest Expense": 168000000.0,
        "Interest Income": 2600000.0,
        "Normalized Income": -92829000.0,
        "Net Income From Continuing And Discontinued Operation": -33000000.0,
        "Total Expenses": 985300000.0,
        "Total Operating Income As Reported": 102200000.0,
        "Diluted Average Shares": 215900000.0,
        "Basic Average Shares": 215900000.0,
        "Diluted EPS": -0.23,
        "Basic EPS": -0.23,
        "Diluted NI Availto Com Stockholders": -49400000.0,
        "Net Income Common Stockholders": -49400000.0,
        "Preferred Stock Dividends": 16400000.0,
        "Net Income": -33000000.0,
        "Net Income Including Noncontrolling Interests": -33000000.0,
        "Net Income Discontinuous Operations": 63700000.0,
        "Net Income Continuous Operations": -96700000.0,
        "Tax Provision": 26700000.0,
        "Pretax Income": -70000000.0,
        "Other Income Expense": -1500000.0,
        "Other Non Operating Income Expenses": 3400000.0,
        "Special Income Charges": 5300000.0,
        "Gain On Sale Of Business": 4400000.0,
        "Write Off": 0.0,
        "Restructuring And Mergern Acquisition": -900000.0,
        "Gain On Sale Of Security": -10200000.0,
        "Net Non Operating Interest Income Expense": -165400000.0,
        "Interest Expense Non Operating": 168000000.0,
        "Interest Income Non Operating": 2600000.0,
        "Operating Income": 96900000.0,
        "Operating Expense": 338200000.0,
        "Other Operating Expenses": NaN,
        "Depreciation Amortization Depletion Income Statement": 56800000.0,
        "Depreciation And Amortization In Income Statement": 56800000.0,
        "Amortization": 56800000.0,
        "Amortization Of Intangibles Income Statement": 56800000.0,
        "Research And Development": 78000000.0,
        "Selling General And Administration": 203400000.0,
        "Gross Profit": 435100000.0,
        "Cost Of Revenue": 647100000.0,
        "Total Revenue": 1082200000.0,
        "Operating Revenue": 1082200000.0
    },
    "2024-12-31": {
        "Tax Effect Of Unusual Items": 168000.0,
        "Tax Rate For Calcs": 0.21,
        "Normalized EBITDA": 213100000.0,
        "Total Unusual Items": 800000.0,
        "Total Unusual Items Excluding Goodwill": 800000.0,
        "Net Income From Continuing Operation Net Minority Interest": -63100000.0,
        "Reconciled Depreciation": 82800000.0,
        "Reconciled Cost Of Revenue": 691300000.0,
        "EBITDA": 213900000.0,
        "EBIT": 131100000.0,
        "Net Interest Income": -181100000.0,
        "Interest Expense": 183700000.0,
        "Interest Income": 2600000.0,
        "Normalized Income": -63732000.0,
        "Net Income From Continuing And Discontinued Operation": 32300000.0,
        "Total Expenses": 1045100000.0,
        "Total Operating Income As Reported": 120000000.0,
        "Diluted Average Shares": 215900000.0,
        "Basic Average Shares": 215900000.0,
        "Diluted EPS": -0.05,
        "Basic EPS": -0.05,
        "Diluted NI Availto Com Stockholders": 15700000.0,
        "Net Income Common Stockholders": 15700000.0,
        "Preferred Stock Dividends": 16600000.0,
        "Net Income": 32300000.0,
        "Net Income Including Noncontrolling Interests": 32300000.0,
        "Net Income Discontinuous Operations": 95400000.0,
        "Net Income Continuous Operations": -63100000.0,
        "Tax Provision": 10500000.0,
        "Pretax Income": -52600000.0,
        "Other Income Expense": 4500000.0,
        "Other Non Operating Income Expenses": 3700000.0,
        "Special Income Charges": -4000000.0,
        "Gain On Sale Of Business": 2100000.0,
        "Write Off": 0.0,
        "Restructuring And Mergern Acquisition": 6100000.0,
        "Gain On Sale Of Security": NaN,
        "Net Non Operating Interest Income Expense": -181100000.0,
        "Interest Expense Non Operating": 183700000.0,
        "Interest Income Non Operating": 2600000.0,
        "Operating Income": 124000000.0,
        "Operating Expense": 326100000.0,
        "Other Operating Expenses": NaN,
        "Depreciation Amortization Depletion Income Statement": 55100000.0,
        "Depreciation And Amortization In Income Statement": 55100000.0,
        "Amortization": 55100000.0,
        "Amortization Of Intangibles Income Statement": 55100000.0,
        "Research And Development": 81000000.0,
        "Selling General And Administration": 190000000.0,
        "Gross Profit": 450100000.0,
        "Cost Of Revenue": 719000000.0,
        "Total Revenue": 1169100000.0,
        "Operating Revenue": 1169100000.0
    },
    "2025-03-31": {
        "Tax Effect Of Unusual Items": -2184000.0,
        "Tax Rate For Calcs": 0.21,
        "Normalized EBITDA": 217700000.0,
        "Total Unusual Items": -10400000.0,
        "Total Unusual Items Excluding Goodwill": -10400000.0,
        "Net Income From Continuing Operation Net Minority Interest": 289700000.0,
        "Reconciled Depreciation": 78000000.0,
        "Reconciled Cost Of Revenue": 619600000.0,
        "EBITDA": 207300000.0,
        "EBIT": 129300000.0,
        "Net Interest Income": -169300000.0,
        "Interest Expense": 173700000.0,
        "Interest Income": 4400000.0,
        "Normalized Income": 297916000.0,
        "Net Income From Continuing And Discontinued Operation": 784000000.0,
        "Total Expenses": 975700000.0,
        "Total Operating Income As Reported": 134000000.0,
        "Diluted Average Shares": 271900000.0,
        "Basic Average Shares": 216300000.0,
        "Diluted EPS": 2.88,
        "Basic EPS": 3.55,
        "Diluted NI Availto Com Stockholders": 767100000.0,
        "Net Income Common Stockholders": 767100000.0,
        "Preferred Stock Dividends": 16900000.0,
        "Net Income": 784000000.0,
        "Net Income Including Noncontrolling Interests": 784000000.0,
        "Net Income Discontinuous Operations": 494300000.0,
        "Net Income Continuous Operations": 289700000.0,
        "Tax Provision": -334100000.0,
        "Pretax Income": -44400000.0,
        "Other Income Expense": -11600000.0,
        "Other Non Operating Income Expenses": -1200000.0,
        "Special Income Charges": -2500000.0,
        "Gain On Sale Of Business": 8700000.0,
        "Write Off": NaN,
        "Restructuring And Mergern Acquisition": 11200000.0,
        "Gain On Sale Of Security": -7900000.0,
        "Net Non Operating Interest Income Expense": -169300000.0,
        "Interest Expense Non Operating": 173700000.0,
        "Interest Income Non Operating": 4400000.0,
        "Operating Income": 136500000.0,
        "Operating Expense": 332100000.0,
        "Other Operating Expenses": NaN,
        "Depreciation Amortization Depletion Income Statement": 54000000.0,
        "Depreciation And Amortization In Income Statement": 54000000.0,
        "Amortization": 54000000.0,
        "Amortization Of Intangibles Income Statement": 54000000.0,
        "Research And Development": 83900000.0,
        "Selling General And Administration": 194200000.0,
        "Gross Profit": 468600000.0,
        "Cost Of Revenue": 643600000.0,
        "Total Revenue": 1112200000.0,
        "Operating Revenue": 1112200000.0
    },
    "2025-06-30": {
        "Tax Effect Of Unusual Items": -924000.0,
        "Tax Rate For Calcs": 0.21,
        "Normalized EBITDA": 306500000.0,
        "Total Unusual Items": -4400000.0,
        "Total Unusual Items Excluding Goodwill": -4400000.0,
        "Net Income From Continuing Operation Net Minority Interest": 29400000.0,
        "Reconciled Depreciation": 75200000.0,
        "Reconciled Cost Of Revenue": 772800000.0,
        "EBITDA": 302100000.0,
        "EBIT": 226900000.0,
        "Net Interest Income": -153000000.0,
        "Interest Expense": 156100000.0,
        "Interest Income": 3100000.0,
        "Normalized Income": 32876000.0,
        "Net Income From Continuing And Discontinued Operation": 31800000.0,
        "Total Expenses": 1159400000.0,
        "Total Operating Income As Reported": 236000000.0,
        "Diluted Average Shares": 227300000.0,
        "Basic Average Shares": 218100000.0,
        "Diluted EPS": 0.06,
        "Basic EPS": 0.07,
        "Diluted NI Availto Com Stockholders": 14700000.0,
        "Net Income Common Stockholders": 14700000.0,
        "Preferred Stock Dividends": 17100000.0,
        "Net Income": 31800000.0,
        "Net Income Including Noncontrolling Interests": 31800000.0,
        "Net Income Discontinuous Operations": 2400000.0,
        "Net Income Continuous Operations": 29400000.0,
        "Tax Provision": 41400000.0,
        "Pretax Income": 70800000.0,
        "Other Income Expense": -4900000.0,
        "Other Non Operating Income Expenses": -500000.0,
        "Special Income Charges": 7300000.0,
        "Gain On Sale Of Business": 10300000.0,
        "Write Off": NaN,
        "Restructuring And Mergern Acquisition": 3000000.0,
        "Gain On Sale Of Security": -11700000.0,
        "Net Non Operating Interest Income Expense": -153000000.0,
        "Interest Expense Non Operating": 156100000.0,
        "Interest Income Non Operating": 3100000.0,
        "Operating Income": 228700000.0,
        "Operating Expense": 363000000.0,
        "Other Operating Expenses": 4900000.0,
        "Depreciation Amortization Depletion Income Statement": 51600000.0,
        "Depreciation And Amortization In Income Statement": 51600000.0,
        "Amortization": 51600000.0,
        "Amortization Of Intangibles Income Statement": 51600000.0,
        "Research And Development": 90900000.0,
        "Selling General And Administration": 215600000.0,
        "Gross Profit": 591700000.0,
        "Cost Of Revenue": 796400000.0,
        "Total Revenue": 1388100000.0,
        "Operating Revenue": 1388100000.0
    },
    "2025-09-30": {
        "Tax Effect Of Unusual Items": 1624214.046823,
        "Tax Rate For Calcs": 0.28495,
        "Normalized EBITDA": 373100000.0,
        "Total Unusual Items": 5700000.0,
        "Total Unusual Items Excluding Goodwill": 5700000.0,
        "Net Income From Continuing Operation Net Minority Interest": 106900000.0,
        "Reconciled Depreciation": 74700000.0,
        "Reconciled Cost Of Revenue": 938900000.0,
        "EBITDA": 378800000.0,
        "EBIT": 304100000.0,
        "Net Interest Income": -150700000.0,
        "Interest Expense": 154600000.0,
        "Interest Income": 3900000.0,
        "Normalized Income": 102824214.046823,
        "Net Income From Continuing And Discontinued Operation": 108400000.0,
        "Total Expenses": 1335600000.0,
        "Total Operating Income As Reported": 300900000.0,
        "Diluted Average Shares": 277700000.0,
        "Basic Average Shares": 221500000.0,
        "Diluted EPS": 0.39,
        "Basic EPS": 0.41,
        "Diluted NI Availto Com Stockholders": 91100000.0,
        "Net Income Common Stockholders": 91100000.0,
        "Preferred Stock Dividends": 17300000.0,
        "Net Income": 108400000.0,
        "Net Income Including Noncontrolling Interests": 108400000.0,
        "Net Income Discontinuous Operations": 1500000.0,
        "Net Income Continuous Operations": 106900000.0,
        "Tax Provision": 42600000.0,
        "Pretax Income": 149500000.0,
        "Other Income Expense": 6100000.0,
        "Other Non Operating Income Expenses": 400000.0,
        "Special Income Charges": 6800000.0,
        "Gain On Sale Of Business": 8600000.0,
        "Write Off": NaN,
        "Restructuring And Mergern Acquisition": 1800000.0,
        "Gain On Sale Of Security": -1100000.0,
        "Net Non Operating Interest Income Expense": -150700000.0,
        "Interest Expense Non Operating": 154600000.0,
        "Interest Income Non Operating": 3900000.0,
        "Operating Income": 294100000.0,
        "Operating Expense": 373700000.0,
        "Other Operating Expenses": -100000.0,
        "Depreciation Amortization Depletion Income Statement": 51700000.0,
        "Depreciation And Amortization In Income Statement": 51700000.0,
        "Amortization": 51700000.0,
        "Amortization Of Intangibles Income Statement": 51700000.0,
        "Research And Development": 95300000.0,
        "Selling General And Administration": 226800000.0,
        "Gross Profit": 667800000.0,
        "Cost Of Revenue": 961900000.0,
        "Total Revenue": 1629700000.0,
        "Operating Revenue": 1629700000.0
    }
}