{
    "2024-09-30": {
        "Tax Effect Of Unusual Items": 0.0,
        "Tax Rate For Calcs": 0.264,
        "Normalized EBITDA": 101447000.0,
        "Total Unusual Items": NaN,
        "Total Unusual Items Excluding Goodwill": NaN,
        "Net Income From Continuing Operation Net Minority Interest": 44338000.0,
        "Reconciled Depreciation": 15213000.0,
        "Reconciled Cost Of Revenue": 351103000.0,
        "EBITDA": 101447000.0,
        "EBIT": 86234000.0,
        "Net Interest Income": -24060000.0,
        "Interest Expense": 24060000.0,
        "Interest Income": NaN,
        "Normalized Income": 44338000.0,
        "Net Income From Continuing And Discontinued Operation": 44338000.0,
        "Total Expenses": 403404000.0,
        "Total Operating Income As Reported": 86234000.0,
        "Diluted Average Shares": 120765000.0,
        "Basic Average Shares": 120765000.0,
        "Diluted EPS": 0.37,
        "Basic EPS": 0.37,
        "Diluted NI Availto Com Stockholders": 44338000.0,
        "Net Income Common Stockholders": 44338000.0,
        "Otherunder Preferred Stock Dividend": NaN,
        "Preferred Stock Dividends": NaN,
        "Net Income": 44338000.0,
        "Minority Interests": -1421000.0,
        "Net Income Including Noncontrolling Interests": 45759000.0,
        "Net Income Continuous Operations": 45759000.0,
        "Tax Provision": 16415000.0,
        "Pretax Income": 62174000.0,
        "Other Income Expense": NaN,
        "Special Income Charges": NaN,
        "Other Special Charges": NaN,
        "Earnings From Equity Interest": 0.0,
        "Net Non Operating Interest Income Expense": -24060000.0,
        "Interest Expense Non Operating": 24060000.0,
        "Interest Income Non Operating": NaN,
        "Operating Income": 86234000.0,
        "Operating Expense": 52301000.0,
        "Other Operating Expenses": NaN,
        "Depreciation Amortization Depletion Income Statement": 15213000.0,
        "Depreciation And Amortization In Income Statement": 15213000.0,
        "Selling General And Administration": 37088000.0,
        "General And Administrative Expense": 37088000.0,
        "Other Gand A": 37088000.0,
        "Gross Profit": 138535000.0,
        "Cost Of Revenue": 351103000.0,
        "Total Revenue": 489638000.0,
        "Operating Revenue": 478654000.0
    },
    "2024-06-30": {
        "Tax Effect Of Unusual Items": 0.0,
        "Tax Rate For Calcs": 0.254,
        "Normalized EBITDA": 98343000.0,
        "Total Unusual Items": 0.0,
        "Total Unusual Items Excluding Goodwill": 0.0,
        "Net Income From Continuing Operation Net Minority Interest": 51737000.0,
        "Reconciled Depreciation": 17870000.0,
        "Reconciled Cost Of Revenue": 339273000.0,
        "EBITDA": 98343000.0,
        "EBIT": 80473000.0,
        "Net Interest Income": -9113000.0,
        "Interest Expense": 9318000.0,
        "Interest Income": 205000.0,
        "Normalized Income": 51737000.0,
        "Net Income From Continuing And Discontinued Operation": 51737000.0,
        "Total Expenses": 393971000.0,
        "Total Operating Income As Reported": 83944000.0,
        "Diluted Average Shares": 126593503.0,
        "Basic Average Shares": 126593503.0,
        "Diluted EPS": 0.408686,
        "Basic EPS": 0.408686,
        "Diluted NI Availto Com Stockholders": 51737000.0,
        "Net Income Common Stockholders": 51737000.0,
        "Otherunder Preferred Stock Dividend": 0.0,
        "Preferred Stock Dividends": NaN,
        "Net Income": 51737000.0,
        "Minority Interests": -1322000.0,
        "Net Income Including Noncontrolling Interests": 53059000.0,
        "Net Income Continuous Operations": 53059000.0,
        "Tax Provision": 18096000.0,
        "Pretax Income": 71155000.0,
        "Other Income Expense": -3676000.0,
        "Special Income Charges": 0.0,
        "Other Special Charges": NaN,
        "Earnings From Equity Interest": -3676000.0,
        "Net Non Operating Interest Income Expense": -9113000.0,
        "Interest Expense Non Operating": 9318000.0,
        "Interest Income Non Operating": 205000.0,
        "Operating Income": 83944000.0,
        "Operating Expense": 54698000.0,
        "Other Operating Expenses": NaN,
        "Depreciation Amortization Depletion Income Statement": 17870000.0,
        "Depreciation And Amortization In Income Statement": 17870000.0,
        "Selling General And Administration": 36828000.0,
        "General And Administrative Expense": 36828000.0,
        "Other Gand A": 36828000.0,
        "Gross Profit": 138642000.0,
        "Cost Of Revenue": 339273000.0,
        "Total Revenue": 477915000.0,
        "Operating Revenue": 466779000.0
    },
    "2024-03-31": {
        "Tax Effect Of Unusual Items": NaN,
        "Tax Rate For Calcs": NaN,
        "Normalized EBITDA": NaN,
        "Total Unusual Items": 0.0,
        "Total Unusual Items Excluding Goodwill": 0.0,
        "Net Income From Continuing Operation Net Minority Interest": NaN,
        "Reconciled Depreciation": NaN,
        "Reconciled Cost Of Revenue": NaN,
        "EBITDA": NaN,
        "EBIT": NaN,
        "Net Interest Income": NaN,
        "Interest Expense": NaN,
        "Interest Income": NaN,
        "Normalized Income": NaN,
        "Net Income From Continuing And Discontinued Operation": NaN,
        "Total Expenses": NaN,
        "Total Operating Income As Reported": NaN,
        "Diluted Average Shares": NaN,
        "Basic Average Shares": NaN,
        "Diluted EPS": NaN,
        "Basic EPS": NaN,
        "Diluted NI Availto Com Stockholders": NaN,
        "Net Income Common Stockholders": NaN,
        "Otherunder Preferred Stock Dividend": 0.0,
        "Preferred Stock Dividends": NaN,
        "Net Income": NaN,
        "Minority Interests": NaN,
        "Net Income Including Noncontrolling Interests": NaN,
        "Net Income Continuous Operations": NaN,
        "Tax Provision": NaN,
        "Pretax Income": NaN,
        "Other Income Expense": NaN,
        "Special Income Charges": 0.0,
        "Other Special Charges": NaN,
        "Earnings From Equity Interest": 0.0,
        "Net Non Operating Interest Income Expense": NaN,
        "Interest Expense Non Operating": NaN,
        "Interest Income Non Operating": NaN,
        "Operating Income": NaN,
        "Operating Expense": NaN,
        "Other Operating Expenses": -284000.0,
        "Depreciation Amortization Depletion Income Statement": NaN,
        "Depreciation And Amortization In Income Statement": NaN,
        "Selling General And Administration": NaN,
        "General And Administrative Expense": NaN,
        "Other Gand A": NaN,
        "Gross Profit": NaN,
        "Cost Of Revenue": NaN,
        "Total Revenue": NaN,
        "Operating Revenue": NaN
    },
    "2023-12-31": {
        "Tax Effect Of Unusual Items": NaN,
        "Tax Rate For Calcs": NaN,
        "Normalized EBITDA": NaN,
        "Total Unusual Items": NaN,
        "Total Unusual Items Excluding Goodwill": NaN,
        "Net Income From Continuing Operation Net Minority Interest": NaN,
        "Reconciled Depreciation": NaN,
        "Reconciled Cost Of Revenue": NaN,
        "EBITDA": NaN,
        "EBIT": NaN,
        "Net Interest Income": NaN,
        "Interest Expense": NaN,
        "Interest Income": NaN,
        "Normalized Income": NaN,
        "Net Income From Continuing And Discontinued Operation": NaN,
        "Total Expenses": NaN,
        "Total Operating Income As Reported": NaN,
        "Diluted Average Shares": NaN,
        "Basic Average Shares": NaN,
        "Diluted EPS": NaN,
        "Basic EPS": NaN,
        "Diluted NI Availto Com Stockholders": NaN,
        "Net Income Common Stockholders": NaN,
        "Otherunder Preferred Stock Dividend": NaN,
        "Preferred Stock Dividends": NaN,
        "Net Income": NaN,
        "Minority Interests": NaN,
        "Net Income Including Noncontrolling Interests": NaN,
        "Net Income Continuous Operations": NaN,
        "Tax Provision": NaN,
        "Pretax Income": NaN,
        "Other Income Expense": -2000.0,
        "Special Income Charges": NaN,
        "Other Special Charges": NaN,
        "Earnings From Equity Interest": NaN,
        "Net Non Operating Interest Income Expense": NaN,
        "Interest Expense Non Operating": NaN,
        "Interest Income Non Operating": NaN,
        "Operating Income": NaN,
        "Operating Expense": NaN,
        "Other Operating Expenses": -99000.0,
        "Depreciation Amortization Depletion Income Statement": NaN,
        "Depreciation And Amortization In Income Statement": NaN,
        "Selling General And Administration": NaN,
        "General And Administrative Expense": NaN,
        "Other Gand A": NaN,
        "Gross Profit": NaN,
        "Cost Of Revenue": NaN,
        "Total Revenue": NaN,
        "Operating Revenue": NaN
    },
    "2023-09-30": {
        "Tax Effect Of Unusual Items": NaN,
        "Tax Rate For Calcs": NaN,
        "Normalized EBITDA": NaN,
        "Total Unusual Items": NaN,
        "Total Unusual Items Excluding Goodwill": NaN,
        "Net Income From Continuing Operation Net Minority Interest": NaN,
        "Reconciled Depreciation": NaN,
        "Reconciled Cost Of Revenue": NaN,
        "EBITDA": NaN,
        "EBIT": NaN,
        "Net Interest Income": NaN,
        "Interest Expense": NaN,
        "Interest Income": NaN,
        "Normalized Income": NaN,
        "Net Income From Continuing And Discontinued Operation": NaN,
        "Total Expenses": NaN,
        "Total Operating Income As Reported": NaN,
        "Diluted Average Shares": NaN,
        "Basic Average Shares": NaN,
        "Diluted EPS": NaN,
        "Basic EPS": NaN,
        "Diluted NI Availto Com Stockholders": NaN,
        "Net Income Common Stockholders": NaN,
        "Preferred Stock Dividends": 66000.0,
        "Net Income": NaN,
        "Minority Interests": NaN,
        "Net Income Including Noncontrolling Interests": NaN,
        "Net Income Continuous Operations": NaN,
        "Tax Provision": NaN,
        "Pretax Income": NaN,
        "Other Income Expense": NaN,
        "Special Income Charges": NaN,
        "Other Special Charges": NaN,
        "Earnings From Equity Interest": NaN,
        "Net Non Operating Interest Income Expense": NaN,
        "Interest Expense Non Operating": NaN,
        "Interest Income Non Operating": NaN,
        "Operating Income": NaN,
        "Operating Expense": NaN,
        "Other Operating Expenses": NaN,
        "Depreciation Amortization Depletion Income Statement": NaN,
        "Depreciation And Amortization In Income Statement": NaN,
        "Selling General And Administration": NaN,
        "General And Administrative Expense": NaN,
        "Other Gand A": NaN,
        "Gross Profit": NaN,
        "Cost Of Revenue": NaN,
        "Total Revenue": NaN,
        "Operating Revenue": NaN
    },
    "2023-06-30": {
        "Tax Effect Of Unusual Items": NaN,
        "Tax Rate For Calcs": NaN,
        "Normalized EBITDA": NaN,
        "Net Income From Continuing Operation Net Minority Interest": NaN,
        "Reconciled Depreciation": NaN,
        "Reconciled Cost Of Revenue": NaN,
        "EBITDA": NaN,
        "EBIT": NaN,
        "Net Interest Income": NaN,
        "Interest Expense": NaN,
        "Interest Income": 17000.0,
        "Normalized Income": NaN,
        "Net Income From Continuing And Discontinued Operation": NaN,
        "Total Expenses": NaN,
        "Total Operating Income As Reported": NaN,
        "Diluted Average Shares": NaN,
        "Basic Average Shares": NaN,
        "Diluted EPS": NaN,
        "Basic EPS": NaN,
        "Diluted NI Availto Com Stockholders": NaN,
        "Net Income Common Stockholders": NaN,
        "Preferred Stock Dividends": NaN,
        "Net Income": NaN,
        "Minority Interests": NaN,
        "Net Income Including Noncontrolling Interests": NaN,
        "Net Income Continuous Operations": NaN,
        "Tax Provision": NaN,
        "Pretax Income": NaN,
        "Other Income Expense": NaN,
        "Earnings From Equity Interest": NaN,
        "Net Non Operating Interest Income Expense": NaN,
        "Interest Expense Non Operating": NaN,
        "Interest Income Non Operating": 17000.0,
        "Operating Income": NaN,
        "Operating Expense": NaN,
        "Other Operating Expenses": -151000.0,
        "Depreciation Amortization Depletion Income Statement": NaN,
        "Depreciation And Amortization In Income Statement": NaN,
        "Selling General And Administration": NaN,
        "General And Administrative Expense": NaN,
        "Other Gand A": NaN,
        "Gross Profit": NaN,
        "Cost Of Revenue": NaN,
        "Total Revenue": NaN,
        "Operating Revenue": NaN
    },
    "2023-03-31": {
        "Tax Effect Of Unusual Items": NaN,
        "Tax Rate For Calcs": NaN,
        "Normalized EBITDA": NaN,
        "Net Income From Continuing Operation Net Minority Interest": NaN,
        "Reconciled Depreciation": NaN,
        "Reconciled Cost Of Revenue": NaN,
        "EBITDA": NaN,
        "EBIT": NaN,
        "Net Interest Income": NaN,
        "Interest Expense": NaN,
        "Interest Income": NaN,
        "Normalized Income": NaN,
        "Net Income From Continuing And Discontinued Operation": NaN,
        "Total Expenses": NaN,
        "Total Operating Income As Reported": NaN,
        "Diluted Average Shares": NaN,
        "Basic Average Shares": NaN,
        "Diluted EPS": NaN,
        "Basic EPS": NaN,
        "Diluted NI Availto Com Stockholders": NaN,
        "Net Income Common Stockholders": NaN,
        "Preferred Stock Dividends": NaN,
        "Net Income": NaN,
        "Minority Interests": NaN,
        "Net Income Including Noncontrolling Interests": NaN,
        "Net Income Continuous Operations": NaN,
        "Tax Provision": NaN,
        "Pretax Income": NaN,
        "Other Income Expense": -526000.0,
        "Earnings From Equity Interest": NaN,
        "Net Non Operating Interest Income Expense": NaN,
        "Interest Expense Non Operating": NaN,
        "Interest Income Non Operating": NaN,
        "Operating Income": NaN,
        "Operating Expense": NaN,
        "Other Operating Expenses": NaN,
        "Depreciation Amortization Depletion Income Statement": NaN,
        "Depreciation And Amortization In Income Statement": NaN,
        "Selling General And Administration": NaN,
        "General And Administrative Expense": NaN,
        "Other Gand A": NaN,
        "Gross Profit": NaN,
        "Cost Of Revenue": NaN,
        "Total Revenue": NaN,
        "Operating Revenue": NaN
    },
    "2024-12-31": {
        "Tax Effect Of Unusual Items": 0.0,
        "Tax Rate For Calcs": 0.301642,
        "Normalized EBITDA": 74697000.0,
        "Total Unusual Items": NaN,
        "Total Unusual Items Excluding Goodwill": NaN,
        "Net Income From Continuing Operation Net Minority Interest": 21512000.0,
        "Reconciled Depreciation": 15610000.0,
        "Reconciled Cost Of Revenue": 344851000.0,
        "EBITDA": 74697000.0,
        "EBIT": 59087000.0,
        "Net Interest Income": -26439000.0,
        "Interest Expense": 26439000.0,
        "Interest Income": NaN,
        "Normalized Income": 21512000.0,
        "Net Income From Continuing And Discontinued Operation": 21512000.0,
        "Total Expenses": 405954000.0,
        "Total Operating Income As Reported": 59087000.0,
        "Diluted Average Shares": 127643000.0,
        "Basic Average Shares": 127643000.0,
        "Diluted EPS": 0.17,
        "Basic EPS": 0.17,
        "Diluted NI Availto Com Stockholders": 21512000.0,
        "Net Income Common Stockholders": 21512000.0,
        "Otherunder Preferred Stock Dividend": NaN,
        "Preferred Stock Dividends": NaN,
        "Net Income": 21512000.0,
        "Minority Interests": -1288000.0,
        "Net Income Including Noncontrolling Interests": 22800000.0,
        "Net Income Continuous Operations": 22800000.0,
        "Tax Provision": 9848000.0,
        "Pretax Income": 32648000.0,
        "Other Income Expense": 0.0,
        "Special Income Charges": NaN,
        "Other Special Charges": NaN,
        "Earnings From Equity Interest": 0.0,
        "Net Non Operating Interest Income Expense": -26439000.0,
        "Interest Expense Non Operating": 26439000.0,
        "Interest Income Non Operating": NaN,
        "Operating Income": 59087000.0,
        "Operating Expense": 61103000.0,
        "Other Operating Expenses": 0.0,
        "Depreciation Amortization Depletion Income Statement": 15610000.0,
        "Depreciation And Amortization In Income Statement": 15610000.0,
        "Selling General And Administration": 45493000.0,
        "General And Administrative Expense": 45493000.0,
        "Other Gand A": 45493000.0,
        "Gross Profit": 120190000.0,
        "Cost Of Revenue": 344851000.0,
        "Total Revenue": 465041000.0,
        "Operating Revenue": 454124000.0
    },
    "2025-03-31": {
        "Tax Effect Of Unusual Items": -215250.0,
        "Tax Rate For Calcs": 0.246,
        "Normalized EBITDA": 96938000.0,
        "Total Unusual Items": -875000.0,
        "Total Unusual Items Excluding Goodwill": -875000.0,
        "Net Income From Continuing Operation Net Minority Interest": 38911000.0,
        "Reconciled Depreciation": 16619000.0,
        "Reconciled Cost Of Revenue": 357101000.0,
        "EBITDA": 96063000.0,
        "EBIT": 79444000.0,
        "Net Interest Income": -25548000.0,
        "Interest Expense": 25548000.0,
        "Interest Income": NaN,
        "Normalized Income": 39570750.0,
        "Net Income From Continuing And Discontinued Operation": 38911000.0,
        "Total Expenses": 420433000.0,
        "Total Operating Income As Reported": 80319000.0,
        "Diluted Average Shares": 126647000.0,
        "Basic Average Shares": 126647000.0,
        "Diluted EPS": 0.3,
        "Basic EPS": 0.3,
        "Diluted NI Availto Com Stockholders": 38456000.0,
        "Net Income Common Stockholders": 38456000.0,
        "Otherunder Preferred Stock Dividend": 455000.0,
        "Preferred Stock Dividends": 455000.0,
        "Net Income": 38911000.0,
        "Minority Interests": -1731000.0,
        "Net Income Including Noncontrolling Interests": 40642000.0,
        "Net Income Continuous Operations": 40642000.0,
        "Tax Provision": 13254000.0,
        "Pretax Income": 53896000.0,
        "Other Income Expense": -875000.0,
        "Special Income Charges": -875000.0,
        "Other Special Charges": 875000.0,
        "Earnings From Equity Interest": NaN,
        "Net Non Operating Interest Income Expense": -25548000.0,
        "Interest Expense Non Operating": 25548000.0,
        "Interest Income Non Operating": NaN,
        "Operating Income": 80319000.0,
        "Operating Expense": 63332000.0,
        "Other Operating Expenses": NaN,
        "Depreciation Amortization Depletion Income Statement": 16619000.0,
        "Depreciation And Amortization In Income Statement": 16619000.0,
        "Selling General And Administration": 46713000.0,
        "General And Administrative Expense": 46713000.0,
        "Other Gand A": 46713000.0,
        "Gross Profit": 143651000.0,
        "Cost Of Revenue": 357101000.0,
        "Total Revenue": 500752000.0,
        "Operating Revenue": 489472000.0
    },
    "2025-06-30": {
        "Tax Effect Of Unusual Items": 0.0,
        "Tax Rate For Calcs": 0.247,
        "Normalized EBITDA": 108540000.0,
        "Total Unusual Items": 0.0,
        "Total Unusual Items Excluding Goodwill": 0.0,
        "Net Income From Continuing Operation Net Minority Interest": 44560000.0,
        "Reconciled Depreciation": 18998000.0,
        "Reconciled Cost Of Revenue": 389334000.0,
        "EBITDA": 108540000.0,
        "EBIT": 89542000.0,
        "Net Interest Income": -28193000.0,
        "Interest Expense": 28193000.0,
        "Interest Income": NaN,
        "Normalized Income": 44560000.0,
        "Net Income From Continuing And Discontinued Operation": 44560000.0,
        "Total Expenses": 461243000.0,
        "Total Operating Income As Reported": 89542000.0,
        "Diluted Average Shares": 128171000.0,
        "Basic Average Shares": 125800000.0,
        "Diluted EPS": 0.35,
        "Basic EPS": 0.35,
        "Diluted NI Availto Com Stockholders": 44030000.0,
        "Net Income Common Stockholders": 44030000.0,
        "Otherunder Preferred Stock Dividend": 530000.0,
        "Preferred Stock Dividends": NaN,
        "Net Income": 44560000.0,
        "Minority Interests": -1634000.0,
        "Net Income Including Noncontrolling Interests": 46194000.0,
        "Net Income Continuous Operations": 46194000.0,
        "Tax Provision": 15155000.0,
        "Pretax Income": 61349000.0,
        "Other Income Expense": NaN,
        "Special Income Charges": 0.0,
        "Other Special Charges": NaN,
        "Earnings From Equity Interest": 0.0,
        "Net Non Operating Interest Income Expense": -28193000.0,
        "Interest Expense Non Operating": 28193000.0,
        "Interest Income Non Operating": NaN,
        "Operating Income": 89542000.0,
        "Operating Expense": 71909000.0,
        "Other Operating Expenses": -20000.0,
        "Depreciation Amortization Depletion Income Statement": 18998000.0,
        "Depreciation And Amortization In Income Statement": 18998000.0,
        "Selling General And Administration": 52931000.0,
        "General And Administrative Expense": 52931000.0,
        "Other Gand A": 52931000.0,
        "Gross Profit": 161451000.0,
        "Cost Of Revenue": 389334000.0,
        "Total Revenue": 550785000.0,
        "Operating Revenue": 538707000.0
    }
}