{
    "2023-06-30": {
        "Tax Effect Of Unusual Items": NaN,
        "Tax Rate For Calcs": NaN,
        "Normalized EBITDA": NaN,
        "Total Unusual Items": NaN,
        "Total Unusual Items Excluding Goodwill": NaN,
        "Net Income From Continuing Operation Net Minority Interest": NaN,
        "Reconciled Depreciation": NaN,
        "Reconciled Cost Of Revenue": NaN,
        "EBITDA": NaN,
        "EBIT": NaN,
        "Net Interest Income": NaN,
        "Interest Expense": NaN,
        "Interest Income": NaN,
        "Normalized Income": NaN,
        "Net Income From Continuing And Discontinued Operation": NaN,
        "Total Expenses": NaN,
        "Total Operating Income As Reported": NaN,
        "Diluted Average Shares": NaN,
        "Basic Average Shares": NaN,
        "Diluted EPS": NaN,
        "Basic EPS": NaN,
        "Diluted NI Availto Com Stockholders": NaN,
        "Net Income Common Stockholders": NaN,
        "Net Income": NaN,
        "Minority Interests": NaN,
        "Net Income Including Noncontrolling Interests": NaN,
        "Net Income Continuous Operations": NaN,
        "Tax Provision": NaN,
        "Pretax Income": NaN,
        "Other Income Expense": NaN,
        "Other Non Operating Income Expenses": NaN,
        "Special Income Charges": NaN,
        "Other Special Charges": NaN,
        "Write Off": 0.0,
        "Impairment Of Capital Assets": 0.0,
        "Restructuring And Mergern Acquisition": NaN,
        "Net Non Operating Interest Income Expense": NaN,
        "Interest Expense Non Operating": NaN,
        "Interest Income Non Operating": NaN,
        "Operating Income": NaN,
        "Operating Expense": NaN,
        "Depreciation Amortization Depletion Income Statement": NaN,
        "Depreciation And Amortization In Income Statement": NaN,
        "Amortization": NaN,
        "Amortization Of Intangibles Income Statement": NaN,
        "Depreciation Income Statement": NaN,
        "Selling General And Administration": NaN,
        "Gross Profit": NaN,
        "Cost Of Revenue": NaN,
        "Total Revenue": NaN,
        "Operating Revenue": NaN
    },
    "2023-03-31": {
        "Tax Effect Of Unusual Items": NaN,
        "Tax Rate For Calcs": NaN,
        "Normalized EBITDA": NaN,
        "Total Unusual Items": NaN,
        "Total Unusual Items Excluding Goodwill": NaN,
        "Net Income From Continuing Operation Net Minority Interest": NaN,
        "Reconciled Depreciation": NaN,
        "Reconciled Cost Of Revenue": NaN,
        "EBITDA": NaN,
        "EBIT": NaN,
        "Net Interest Income": NaN,
        "Interest Expense": NaN,
        "Interest Income": NaN,
        "Normalized Income": NaN,
        "Net Income From Continuing And Discontinued Operation": NaN,
        "Total Expenses": NaN,
        "Total Operating Income As Reported": NaN,
        "Diluted Average Shares": NaN,
        "Basic Average Shares": NaN,
        "Diluted EPS": NaN,
        "Basic EPS": NaN,
        "Diluted NI Availto Com Stockholders": NaN,
        "Net Income Common Stockholders": NaN,
        "Net Income": NaN,
        "Minority Interests": NaN,
        "Net Income Including Noncontrolling Interests": NaN,
        "Net Income Continuous Operations": NaN,
        "Tax Provision": NaN,
        "Pretax Income": NaN,
        "Other Income Expense": NaN,
        "Other Non Operating Income Expenses": NaN,
        "Special Income Charges": NaN,
        "Other Special Charges": NaN,
        "Write Off": 0.0,
        "Impairment Of Capital Assets": NaN,
        "Restructuring And Mergern Acquisition": NaN,
        "Net Non Operating Interest Income Expense": NaN,
        "Interest Expense Non Operating": NaN,
        "Interest Income Non Operating": NaN,
        "Operating Income": NaN,
        "Operating Expense": NaN,
        "Depreciation Amortization Depletion Income Statement": NaN,
        "Depreciation And Amortization In Income Statement": NaN,
        "Amortization": NaN,
        "Amortization Of Intangibles Income Statement": NaN,
        "Depreciation Income Statement": NaN,
        "Selling General And Administration": NaN,
        "Gross Profit": NaN,
        "Cost Of Revenue": NaN,
        "Total Revenue": NaN,
        "Operating Revenue": NaN
    },
    "2022-12-31": {
        "Tax Effect Of Unusual Items": NaN,
        "Tax Rate For Calcs": NaN,
        "Normalized EBITDA": NaN,
        "Total Unusual Items": NaN,
        "Total Unusual Items Excluding Goodwill": NaN,
        "Net Income From Continuing Operation Net Minority Interest": NaN,
        "Reconciled Depreciation": NaN,
        "Reconciled Cost Of Revenue": NaN,
        "EBITDA": NaN,
        "EBIT": NaN,
        "Net Interest Income": NaN,
        "Interest Expense": NaN,
        "Interest Income": NaN,
        "Normalized Income": NaN,
        "Net Income From Continuing And Discontinued Operation": NaN,
        "Total Expenses": NaN,
        "Total Operating Income As Reported": NaN,
        "Diluted Average Shares": NaN,
        "Basic Average Shares": NaN,
        "Diluted EPS": NaN,
        "Basic EPS": NaN,
        "Diluted NI Availto Com Stockholders": NaN,
        "Net Income Common Stockholders": NaN,
        "Net Income": NaN,
        "Minority Interests": NaN,
        "Net Income Including Noncontrolling Interests": NaN,
        "Net Income Continuous Operations": NaN,
        "Tax Provision": NaN,
        "Pretax Income": NaN,
        "Other Income Expense": NaN,
        "Other Non Operating Income Expenses": NaN,
        "Special Income Charges": NaN,
        "Other Special Charges": NaN,
        "Write Off": 0.0,
        "Impairment Of Capital Assets": NaN,
        "Restructuring And Mergern Acquisition": NaN,
        "Net Non Operating Interest Income Expense": NaN,
        "Interest Expense Non Operating": NaN,
        "Interest Income Non Operating": NaN,
        "Operating Income": NaN,
        "Operating Expense": NaN,
        "Depreciation Amortization Depletion Income Statement": NaN,
        "Depreciation And Amortization In Income Statement": NaN,
        "Amortization": NaN,
        "Amortization Of Intangibles Income Statement": NaN,
        "Depreciation Income Statement": NaN,
        "Selling General And Administration": NaN,
        "Gross Profit": NaN,
        "Cost Of Revenue": NaN,
        "Total Revenue": NaN,
        "Operating Revenue": NaN
    },
    "2022-09-30": {
        "Tax Effect Of Unusual Items": NaN,
        "Tax Rate For Calcs": NaN,
        "Normalized EBITDA": NaN,
        "Total Unusual Items": NaN,
        "Total Unusual Items Excluding Goodwill": NaN,
        "Net Income From Continuing Operation Net Minority Interest": NaN,
        "Reconciled Depreciation": NaN,
        "Reconciled Cost Of Revenue": NaN,
        "EBITDA": NaN,
        "EBIT": NaN,
        "Net Interest Income": NaN,
        "Interest Expense": NaN,
        "Interest Income": NaN,
        "Normalized Income": NaN,
        "Net Income From Continuing And Discontinued Operation": NaN,
        "Total Expenses": NaN,
        "Total Operating Income As Reported": NaN,
        "Diluted Average Shares": NaN,
        "Basic Average Shares": NaN,
        "Diluted EPS": NaN,
        "Basic EPS": NaN,
        "Diluted NI Availto Com Stockholders": NaN,
        "Net Income Common Stockholders": NaN,
        "Net Income": NaN,
        "Minority Interests": NaN,
        "Net Income Including Noncontrolling Interests": NaN,
        "Net Income Continuous Operations": NaN,
        "Tax Provision": NaN,
        "Pretax Income": NaN,
        "Other Income Expense": NaN,
        "Other Non Operating Income Expenses": NaN,
        "Special Income Charges": NaN,
        "Other Special Charges": NaN,
        "Write Off": 0.0,
        "Impairment Of Capital Assets": 0.0,
        "Restructuring And Mergern Acquisition": NaN,
        "Net Non Operating Interest Income Expense": NaN,
        "Interest Expense Non Operating": NaN,
        "Interest Income Non Operating": NaN,
        "Operating Income": NaN,
        "Operating Expense": NaN,
        "Depreciation Amortization Depletion Income Statement": NaN,
        "Depreciation And Amortization In Income Statement": NaN,
        "Amortization": NaN,
        "Amortization Of Intangibles Income Statement": NaN,
        "Depreciation Income Statement": NaN,
        "Selling General And Administration": NaN,
        "Gross Profit": NaN,
        "Cost Of Revenue": NaN,
        "Total Revenue": NaN,
        "Operating Revenue": NaN
    },
    "2022-06-30": {
        "Tax Effect Of Unusual Items": -34082022.0,
        "Tax Rate For Calcs": 0.237,
        "Normalized EBITDA": 845105000.0,
        "Total Unusual Items": -143806000.0,
        "Total Unusual Items Excluding Goodwill": -143806000.0,
        "Net Income From Continuing Operation Net Minority Interest": 406964000.0,
        "Reconciled Depreciation": 172114000.0,
        "Reconciled Cost Of Revenue": 58049232000.0,
        "EBITDA": 701299000.0,
        "EBIT": 529185000.0,
        "Net Interest Income": -52862000.0,
        "Interest Expense": 52862000.0,
        "Interest Income": 4795000.0,
        "Normalized Income": 516687978.0,
        "Net Income From Continuing And Discontinued Operation": 406964000.0,
        "Total Expenses": 59433498000.0,
        "Total Operating Income As Reported": 487297000.0,
        "Diluted Average Shares": 211738000.0,
        "Basic Average Shares": 208885000.0,
        "Diluted EPS": 1.92,
        "Basic EPS": 1.95,
        "Diluted NI Availto Com Stockholders": 406964000.0,
        "Net Income Common Stockholders": 406964000.0,
        "Net Income": 406964000.0,
        "Minority Interests": 43761000.0,
        "Net Income Including Noncontrolling Interests": 363203000.0,
        "Net Income Continuous Operations": 363203000.0,
        "Tax Provision": 113120000.0,
        "Pretax Income": 476323000.0,
        "Other Income Expense": -101918000.0,
        "Other Non Operating Income Expenses": 41888000.0,
        "Special Income Charges": -143806000.0,
        "Other Special Charges": 23442000.0,
        "Write Off": 0.0,
        "Impairment Of Capital Assets": 75936000.0,
        "Restructuring And Mergern Acquisition": 67870000.0,
        "Net Non Operating Interest Income Expense": -52862000.0,
        "Interest Expense Non Operating": 52862000.0,
        "Interest Income Non Operating": 4795000.0,
        "Operating Income": 631103000.0,
        "Operating Expense": 1384266000.0,
        "Depreciation Amortization Depletion Income Statement": 172114000.0,
        "Depreciation And Amortization In Income Statement": 172114000.0,
        "Amortization": 74925000.0,
        "Amortization Of Intangibles Income Statement": 74925000.0,
        "Depreciation Income Statement": 97189000.0,
        "Selling General And Administration": 1212152000.0,
        "Gross Profit": 2015369000.0,
        "Cost Of Revenue": 58049232000.0,
        "Total Revenue": 60064601000.0,
        "Operating Revenue": 60064601000.0
    },
    "2023-09-30": {
        "Tax Effect Of Unusual Items": NaN,
        "Tax Rate For Calcs": NaN,
        "Normalized EBITDA": NaN,
        "Total Unusual Items": NaN,
        "Total Unusual Items Excluding Goodwill": NaN,
        "Net Income From Continuing Operation Net Minority Interest": NaN,
        "Reconciled Depreciation": NaN,
        "Reconciled Cost Of Revenue": NaN,
        "EBITDA": NaN,
        "EBIT": NaN,
        "Net Interest Income": NaN,
        "Interest Expense": NaN,
        "Interest Income": NaN,
        "Normalized Income": NaN,
        "Net Income From Continuing And Discontinued Operation": NaN,
        "Total Expenses": NaN,
        "Total Operating Income As Reported": NaN,
        "Diluted Average Shares": NaN,
        "Basic Average Shares": NaN,
        "Diluted EPS": NaN,
        "Basic EPS": NaN,
        "Diluted NI Availto Com Stockholders": NaN,
        "Net Income Common Stockholders": NaN,
        "Net Income": NaN,
        "Minority Interests": NaN,
        "Net Income Including Noncontrolling Interests": NaN,
        "Net Income Continuous Operations": NaN,
        "Tax Provision": NaN,
        "Pretax Income": NaN,
        "Other Income Expense": NaN,
        "Other Non Operating Income Expenses": NaN,
        "Special Income Charges": NaN,
        "Other Special Charges": NaN,
        "Write Off": 0.0,
        "Impairment Of Capital Assets": 0.0,
        "Restructuring And Mergern Acquisition": NaN,
        "Net Non Operating Interest Income Expense": NaN,
        "Interest Expense Non Operating": NaN,
        "Interest Income Non Operating": NaN,
        "Operating Income": NaN,
        "Operating Expense": NaN,
        "Depreciation Amortization Depletion Income Statement": NaN,
        "Depreciation And Amortization In Income Statement": NaN,
        "Amortization": NaN,
        "Amortization Of Intangibles Income Statement": NaN,
        "Depreciation Income Statement": NaN,
        "Selling General And Administration": NaN,
        "Gross Profit": NaN,
        "Cost Of Revenue": NaN,
        "Total Revenue": NaN,
        "Operating Revenue": NaN
    },
    "2023-12-31": {
        "Tax Effect Of Unusual Items": 5384990.0,
        "Tax Rate For Calcs": 0.23,
        "Normalized EBITDA": 1097046000.0,
        "Total Unusual Items": 23413000.0,
        "Total Unusual Items Excluding Goodwill": 23413000.0,
        "Net Income From Continuing Operation Net Minority Interest": 601500000.0,
        "Reconciled Depreciation": 278445000.0,
        "Reconciled Cost Of Revenue": 69776179000.0,
        "EBITDA": 1120459000.0,
        "EBIT": 842014000.0,
        "Net Interest Income": -40564000.0,
        "Interest Expense": 58616000.0,
        "Interest Income": 18052000.0,
        "Normalized Income": 583471990.0,
        "Net Income From Continuing And Discontinued Operation": 601500000.0,
        "Total Expenses": 71453371000.0,
        "Total Operating Income As Reported": 822875000.0,
        "Diluted Average Shares": 201837000.0,
        "Basic Average Shares": 200081000.0,
        "Diluted EPS": 2.98,
        "Basic EPS": 3.01,
        "Diluted NI Availto Com Stockholders": 601500000.0,
        "Net Income Common Stockholders": 601500000.0,
        "Net Income": 601500000.0,
        "Minority Interests": -1508000.0,
        "Net Income Including Noncontrolling Interests": 603008000.0,
        "Net Income Continuous Operations": 603008000.0,
        "Tax Provision": 180390000.0,
        "Pretax Income": 783398000.0,
        "Other Income Expense": 24500000.0,
        "Other Non Operating Income Expenses": 1087000.0,
        "Special Income Charges": 23413000.0,
        "Other Special Charges": -78917000.0,
        "Write Off": NaN,
        "Impairment Of Capital Assets": NaN,
        "Restructuring And Mergern Acquisition": 55504000.0,
        "Net Non Operating Interest Income Expense": -40564000.0,
        "Interest Expense Non Operating": 58616000.0,
        "Interest Income Non Operating": 18052000.0,
        "Operating Income": 799462000.0,
        "Operating Expense": 1669350000.0,
        "Depreciation Amortization Depletion Income Statement": 270603000.0,
        "Depreciation And Amortization In Income Statement": 270603000.0,
        "Amortization": 166425000.0,
        "Amortization Of Intangibles Income Statement": 166425000.0,
        "Depreciation Income Statement": 104178000.0,
        "Selling General And Administration": 1398747000.0,
        "Gross Profit": 2468812000.0,
        "Cost Of Revenue": 69784021000.0,
        "Total Revenue": 72252833000.0,
        "Operating Revenue": 72252833000.0
    },
    "2024-03-31": {
        "Tax Effect Of Unusual Items": -31773756.0,
        "Tax Rate For Calcs": 0.098,
        "Normalized EBITDA": 1147854000.0,
        "Total Unusual Items": -324222000.0,
        "Total Unusual Items Excluding Goodwill": -324222000.0,
        "Net Income From Continuing Operation Net Minority Interest": 420775000.0,
        "Reconciled Depreciation": 279756000.0,
        "Reconciled Cost Of Revenue": 65868260000.0,
        "EBITDA": 823632000.0,
        "EBIT": 543876000.0,
        "Net Interest Income": -64130000.0,
        "Interest Expense": 76810000.0,
        "Interest Income": 12680000.0,
        "Normalized Income": 713223244.0,
        "Net Income From Continuing And Discontinued Operation": 420775000.0,
        "Total Expenses": 67536826000.0,
        "Total Operating Income As Reported": 553259000.0,
        "Diluted Average Shares": 201177000.0,
        "Basic Average Shares": 199406000.0,
        "Diluted EPS": 2.09,
        "Basic EPS": 2.11,
        "Diluted NI Availto Com Stockholders": 420775000.0,
        "Net Income Common Stockholders": 420775000.0,
        "Net Income": 420775000.0,
        "Minority Interests": -430000.0,
        "Net Income Including Noncontrolling Interests": 421205000.0,
        "Net Income Continuous Operations": 421205000.0,
        "Tax Provision": 45861000.0,
        "Pretax Income": 467066000.0,
        "Other Income Expense": -346285000.0,
        "Other Non Operating Income Expenses": -22063000.0,
        "Special Income Charges": -324222000.0,
        "Other Special Charges": 225985000.0,
        "Restructuring And Mergern Acquisition": 98237000.0,
        "Net Non Operating Interest Income Expense": -64130000.0,
        "Interest Expense Non Operating": 76810000.0,
        "Interest Income Non Operating": 12680000.0,
        "Operating Income": 877481000.0,
        "Operating Expense": 1660542000.0,
        "Depreciation Amortization Depletion Income Statement": 271732000.0,
        "Depreciation And Amortization In Income Statement": 271732000.0,
        "Amortization": 165502000.0,
        "Amortization Of Intangibles Income Statement": 165502000.0,
        "Depreciation Income Statement": 106230000.0,
        "Selling General And Administration": 1388810000.0,
        "Gross Profit": 2538023000.0,
        "Cost Of Revenue": 65876284000.0,
        "Total Revenue": 68414307000.0,
        "Operating Revenue": 68414307000.0
    },
    "2024-06-30": {
        "Tax Effect Of Unusual Items": -18480000.0,
        "Tax Rate For Calcs": 0.224,
        "Normalized EBITDA": 1050660000.0,
        "Total Unusual Items": -82500000.0,
        "Total Unusual Items Excluding Goodwill": -82500000.0,
        "Net Income From Continuing Operation Net Minority Interest": 483463000.0,
        "Reconciled Depreciation": 280890000.0,
        "Reconciled Cost Of Revenue": 71822281000.0,
        "EBITDA": 968160000.0,
        "EBIT": 687270000.0,
        "Net Interest Income": -31328000.0,
        "Interest Expense": 58936000.0,
        "Interest Income": 27608000.0,
        "Normalized Income": 547483000.0,
        "Net Income From Continuing And Discontinued Operation": 483463000.0,
        "Total Expenses": 73486377000.0,
        "Total Operating Income As Reported": 672476000.0,
        "Diluted Average Shares": NaN,
        "Basic Average Shares": NaN,
        "Diluted EPS": NaN,
        "Basic EPS": NaN,
        "Diluted NI Availto Com Stockholders": 483463000.0,
        "Net Income Common Stockholders": 483463000.0,
        "Net Income": 483463000.0,
        "Minority Interests": -4131000.0,
        "Net Income Including Noncontrolling Interests": 487594000.0,
        "Net Income Continuous Operations": 487594000.0,
        "Tax Provision": 140740000.0,
        "Pretax Income": 628334000.0,
        "Other Income Expense": -95314000.0,
        "Other Non Operating Income Expenses": -12814000.0,
        "Special Income Charges": -82500000.0,
        "Other Special Charges": 14485000.0,
        "Restructuring And Mergern Acquisition": 68015000.0,
        "Net Non Operating Interest Income Expense": -31328000.0,
        "Interest Expense Non Operating": 58936000.0,
        "Interest Income Non Operating": 27608000.0,
        "Operating Income": 754976000.0,
        "Operating Expense": 1655801000.0,
        "Depreciation Amortization Depletion Income Statement": 272595000.0,
        "Depreciation And Amortization In Income Statement": 272595000.0,
        "Amortization": 164655000.0,
        "Amortization Of Intangibles Income Statement": 164655000.0,
        "Depreciation Income Statement": 107940000.0,
        "Selling General And Administration": 1383206000.0,
        "Gross Profit": 2410777000.0,
        "Cost Of Revenue": 71830576000.0,
        "Total Revenue": 74241353000.0,
        "Operating Revenue": 74241353000.0
    },
    "2024-09-30": {
        "Tax Effect Of Unusual Items": -125662110.0,
        "Tax Rate For Calcs": 0.21,
        "Normalized EBITDA": 1057639000.0,
        "Total Unusual Items": -598391000.0,
        "Total Unusual Items Excluding Goodwill": -598391000.0,
        "Net Income From Continuing Operation Net Minority Interest": 3382000.0,
        "Reconciled Depreciation": 279751000.0,
        "Reconciled Cost Of Revenue": 76554982000.0,
        "EBITDA": 459248000.0,
        "EBIT": 179497000.0,
        "Net Interest Income": -20969000.0,
        "Interest Expense": 54320000.0,
        "Interest Income": 33351000.0,
        "Normalized Income": 476110890.0,
        "Net Income From Continuing And Discontinued Operation": 3382000.0,
        "Total Expenses": 78325076000.0,
        "Total Operating Income As Reported": 126639000.0,
        "Diluted Average Shares": 198082000.0,
        "Basic Average Shares": 196270000.0,
        "Diluted EPS": 0.02,
        "Basic EPS": 0.02,
        "Diluted NI Availto Com Stockholders": 3382000.0,
        "Net Income Common Stockholders": 3382000.0,
        "Net Income": 3382000.0,
        "Minority Interests": -4084000.0,
        "Net Income Including Noncontrolling Interests": 7466000.0,
        "Net Income Continuous Operations": 7466000.0,
        "Tax Provision": 117711000.0,
        "Pretax Income": 125177000.0,
        "Other Income Expense": -578884000.0,
        "Other Non Operating Income Expenses": 19507000.0,
        "Special Income Charges": -598391000.0,
        "Other Special Charges": 65517000.0,
        "Restructuring And Mergern Acquisition": 114874000.0,
        "Net Non Operating Interest Income Expense": -20969000.0,
        "Interest Expense Non Operating": 54320000.0,
        "Interest Income Non Operating": 33351000.0,
        "Operating Income": 725030000.0,
        "Operating Expense": 1767387000.0,
        "Depreciation Amortization Depletion Income Statement": 277044000.0,
        "Depreciation And Amortization In Income Statement": 277044000.0,
        "Amortization": 166892000.0,
        "Amortization Of Intangibles Income Statement": 166892000.0,
        "Depreciation Income Statement": 110152000.0,
        "Selling General And Administration": 1490343000.0,
        "Gross Profit": 2492417000.0,
        "Cost Of Revenue": 76557689000.0,
        "Total Revenue": 79050106000.0,
        "Operating Revenue": 79050106000.0
    },
    "2024-12-31": {
        "Tax Effect Of Unusual Items": -20652348.0,
        "Tax Rate For Calcs": 0.204,
        "Normalized EBITDA": 1064337000.0,
        "Total Unusual Items": -101237000.0,
        "Total Unusual Items Excluding Goodwill": -101237000.0,
        "Net Income From Continuing Operation Net Minority Interest": 488600000.0,
        "Reconciled Depreciation": 281472000.0,
        "Reconciled Cost Of Revenue": 78926042000.0,
        "EBITDA": 963100000.0,
        "EBIT": 681628000.0,
        "Net Interest Income": -27933000.0,
        "Interest Expense": 61181000.0,
        "Interest Income": 33248000.0,
        "Normalized Income": 569184652.0,
        "Net Income From Continuing And Discontinued Operation": 488600000.0,
        "Total Expenses": 80679569000.0,
        "Total Operating Income As Reported": 706254000.0,
        "Diluted Average Shares": 195188000.0,
        "Basic Average Shares": 193758000.0,
        "Diluted EPS": 2.5,
        "Basic EPS": 2.52,
        "Diluted NI Availto Com Stockholders": 488600000.0,
        "Net Income Common Stockholders": 488600000.0,
        "Net Income": 488600000.0,
        "Minority Interests": -5119000.0,
        "Net Income Including Noncontrolling Interests": 493719000.0,
        "Net Income Continuous Operations": 493719000.0,
        "Tax Provision": 126728000.0,
        "Pretax Income": 620447000.0,
        "Other Income Expense": -159111000.0,
        "Other Non Operating Income Expenses": -57874000.0,
        "Special Income Charges": -101237000.0,
        "Other Special Charges": 16765000.0,
        "Restructuring And Mergern Acquisition": 84472000.0,
        "Net Non Operating Interest Income Expense": -27933000.0,
        "Interest Expense Non Operating": 61181000.0,
        "Interest Income Non Operating": 33248000.0,
        "Operating Income": 807491000.0,
        "Operating Expense": 1750547000.0,
        "Depreciation Amortization Depletion Income Statement": 278492000.0,
        "Depreciation And Amortization In Income Statement": 278492000.0,
        "Amortization": 165780000.0,
        "Amortization Of Intangibles Income Statement": 165780000.0,
        "Depreciation Income Statement": 112712000.0,
        "Selling General And Administration": 1472055000.0,
        "Gross Profit": 2558038000.0,
        "Cost Of Revenue": 78929022000.0,
        "Total Revenue": 81487060000.0,
        "Operating Revenue": 81487060000.0
    },
    "2025-03-31": {
        "Tax Effect Of Unusual Items": -37173747.0,
        "Tax Rate For Calcs": 0.227,
        "Normalized EBITDA": 1488708000.0,
        "Total Unusual Items": -163761000.0,
        "Total Unusual Items Excluding Goodwill": -163761000.0,
        "Net Income From Continuing Operation Net Minority Interest": 717871000.0,
        "Reconciled Depreciation": 263973000.0,
        "Reconciled Cost Of Revenue": 72389709000.0,
        "EBITDA": 1324947000.0,
        "EBIT": 1060974000.0,
        "Net Interest Income": -103988000.0,
        "Interest Expense": 132318000.0,
        "Interest Income": 28330000.0,
        "Normalized Income": 844458253.0,
        "Net Income From Continuing And Discontinued Operation": 717871000.0,
        "Total Expenses": 74253722000.0,
        "Total Operating Income As Reported": 1036190000.0,
        "Diluted Average Shares": 195094000.0,
        "Basic Average Shares": 193796000.0,
        "Diluted EPS": 3.68,
        "Basic EPS": 3.7,
        "Diluted NI Availto Com Stockholders": 717871000.0,
        "Net Income Common Stockholders": 717871000.0,
        "Net Income": 717871000.0,
        "Minority Interests": 454000.0,
        "Net Income Including Noncontrolling Interests": 717417000.0,
        "Net Income Continuous Operations": 717417000.0,
        "Tax Provision": 211239000.0,
        "Pretax Income": 928656000.0,
        "Other Income Expense": -167307000.0,
        "Other Non Operating Income Expenses": -3546000.0,
        "Special Income Charges": -163761000.0,
        "Other Special Charges": 11524000.0,
        "Restructuring And Mergern Acquisition": 152237000.0,
        "Net Non Operating Interest Income Expense": -103988000.0,
        "Interest Expense Non Operating": 132318000.0,
        "Interest Income Non Operating": 28330000.0,
        "Operating Income": 1199951000.0,
        "Operating Expense": 1859858000.0,
        "Depreciation Amortization Depletion Income Statement": 259818000.0,
        "Depreciation And Amortization In Income Statement": 259818000.0,
        "Amortization": 138003000.0,
        "Amortization Of Intangibles Income Statement": 138003000.0,
        "Depreciation Income Statement": 121815000.0,
        "Selling General And Administration": 1600040000.0,
        "Gross Profit": 3059809000.0,
        "Cost Of Revenue": 72393864000.0,
        "Total Revenue": 75453673000.0,
        "Operating Revenue": 75453673000.0
    },
    "2025-06-30": {
        "Tax Effect Of Unusual Items": -25894550.0,
        "Tax Rate For Calcs": 0.23,
        "Normalized EBITDA": 1384731000.0,
        "Total Unusual Items": -112585000.0,
        "Total Unusual Items Excluding Goodwill": -112585000.0,
        "Net Income From Continuing Operation Net Minority Interest": 687402000.0,
        "Reconciled Depreciation": 258973000.0,
        "Reconciled Cost Of Revenue": 77751439000.0,
        "EBITDA": 1272146000.0,
        "EBIT": 1013173000.0,
        "Net Interest Income": -81794000.0,
        "Interest Expense": 116896000.0,
        "Interest Income": 35102000.0,
        "Normalized Income": 774092450.0,
        "Net Income From Continuing And Discontinued Operation": 687402000.0,
        "Total Expenses": 79683293000.0,
        "Total Operating Income As Reported": 867654000.0,
        "Diluted Average Shares": 195230000.0,
        "Basic Average Shares": 193822000.0,
        "Diluted EPS": 3.52,
        "Basic EPS": 3.55,
        "Diluted NI Availto Com Stockholders": 687402000.0,
        "Net Income Common Stockholders": 687402000.0,
        "Net Income": 687402000.0,
        "Minority Interests": -2347000.0,
        "Net Income Including Noncontrolling Interests": 689749000.0,
        "Net Income Continuous Operations": 689749000.0,
        "Tax Provision": 206528000.0,
        "Pretax Income": 896277000.0,
        "Other Income Expense": -2168000.0,
        "Other Non Operating Income Expenses": 110417000.0,
        "Special Income Charges": -112585000.0,
        "Other Special Charges": 17974000.0,
        "Restructuring And Mergern Acquisition": 94611000.0,
        "Net Non Operating Interest Income Expense": -81794000.0,
        "Interest Expense Non Operating": 116896000.0,
        "Interest Income Non Operating": 35102000.0,
        "Operating Income": 980239000.0,
        "Operating Expense": 1926876000.0,
        "Depreciation Amortization Depletion Income Statement": 253995000.0,
        "Depreciation And Amortization In Income Statement": 253995000.0,
        "Amortization": 125867000.0,
        "Amortization Of Intangibles Income Statement": 125867000.0,
        "Depreciation Income Statement": 128128000.0,
        "Selling General And Administration": 1672881000.0,
        "Gross Profit": 2907115000.0,
        "Cost Of Revenue": 77756417000.0,
        "Total Revenue": 80663532000.0,
        "Operating Revenue": 80663532000.0
    },
    "2025-09-30": {
        "Tax Effect Of Unusual Items": -194761980.0,
        "Tax Rate For Calcs": 0.21,
        "Normalized EBITDA": 1113750000.0,
        "Total Unusual Items": -927438000.0,
        "Total Unusual Items Excluding Goodwill": -927438000.0,
        "Net Income From Continuing Operation Net Minority Interest": -339704000.0,
        "Reconciled Depreciation": 263998000.0,
        "Reconciled Cost Of Revenue": 80769749000.0,
        "EBITDA": 186312000.0,
        "EBIT": -77686000.0,
        "Net Interest Income": -77833000.0,
        "Interest Expense": 109358000.0,
        "Interest Income": 31525000.0,
        "Normalized Income": 392972020.0,
        "Net Income From Continuing And Discontinued Operation": -339704000.0,
        "Total Expenses": 82782613000.0,
        "Total Operating Income As Reported": 18503000.0,
        "Diluted Average Shares": 193899000.0,
        "Basic Average Shares": 193899000.0,
        "Diluted EPS": -1.75,
        "Basic EPS": -1.75,
        "Diluted NI Availto Com Stockholders": -339704000.0,
        "Net Income Common Stockholders": -339704000.0,
        "Net Income": -339704000.0,
        "Minority Interests": -6633000.0,
        "Net Income Including Noncontrolling Interests": -333071000.0,
        "Net Income Continuous Operations": -333071000.0,
        "Tax Provision": 146027000.0,
        "Pretax Income": -187044000.0,
        "Other Income Expense": -1055152000.0,
        "Other Non Operating Income Expenses": -127714000.0,
        "Special Income Charges": -927438000.0,
        "Other Special Charges": 14408000.0,
        "Restructuring And Mergern Acquisition": 189146000.0,
        "Net Non Operating Interest Income Expense": -77833000.0,
        "Interest Expense Non Operating": 109358000.0,
        "Interest Income Non Operating": 31525000.0,
        "Operating Income": 945941000.0,
        "Operating Expense": 2007636000.0,
        "Depreciation Amortization Depletion Income Statement": 258770000.0,
        "Depreciation And Amortization In Income Statement": 258770000.0,
        "Amortization": 127284000.0,
        "Amortization Of Intangibles Income Statement": 127284000.0,
        "Depreciation Income Statement": 131486000.0,
        "Selling General And Administration": 1748866000.0,
        "Gross Profit": 2953577000.0,
        "Cost Of Revenue": 80774977000.0,
        "Total Revenue": 83728554000.0,
        "Operating Revenue": 83728554000.0
    }
}