{
    "2023-09-30": {
        "Tax Effect Of Unusual Items": NaN,
        "Tax Rate For Calcs": NaN,
        "Normalized EBITDA": NaN,
        "Total Unusual Items": NaN,
        "Total Unusual Items Excluding Goodwill": NaN,
        "Net Income From Continuing Operation Net Minority Interest": NaN,
        "Reconciled Depreciation": NaN,
        "Reconciled Cost Of Revenue": NaN,
        "EBITDA": NaN,
        "EBIT": NaN,
        "Net Interest Income": NaN,
        "Interest Expense": 2196000.0,
        "Interest Income": NaN,
        "Normalized Income": NaN,
        "Net Income From Continuing And Discontinued Operation": NaN,
        "Total Expenses": NaN,
        "Total Operating Income As Reported": NaN,
        "Diluted Average Shares": NaN,
        "Basic Average Shares": NaN,
        "Diluted EPS": NaN,
        "Basic EPS": NaN,
        "Diluted NI Availto Com Stockholders": NaN,
        "Net Income Common Stockholders": NaN,
        "Net Income": NaN,
        "Net Income Including Noncontrolling Interests": NaN,
        "Net Income Continuous Operations": NaN,
        "Tax Provision": NaN,
        "Pretax Income": NaN,
        "Other Income Expense": NaN,
        "Other Non Operating Income Expenses": NaN,
        "Special Income Charges": NaN,
        "Gain On Sale Of Ppe": NaN,
        "Other Special Charges": NaN,
        "Write Off": NaN,
        "Impairment Of Capital Assets": 0.0,
        "Restructuring And Mergern Acquisition": NaN,
        "Gain On Sale Of Security": NaN,
        "Net Non Operating Interest Income Expense": NaN,
        "Total Other Finance Cost": NaN,
        "Interest Expense Non Operating": 2196000.0,
        "Interest Income Non Operating": NaN,
        "Operating Income": NaN,
        "Operating Expense": NaN,
        "Other Operating Expenses": NaN,
        "Research And Development": NaN,
        "Selling General And Administration": NaN,
        "Selling And Marketing Expense": NaN,
        "General And Administrative Expense": NaN,
        "Other Gand A": NaN,
        "Gross Profit": NaN,
        "Cost Of Revenue": NaN,
        "Total Revenue": NaN,
        "Operating Revenue": NaN
    },
    "2023-06-30": {
        "Tax Effect Of Unusual Items": NaN,
        "Tax Rate For Calcs": NaN,
        "Normalized EBITDA": NaN,
        "Total Unusual Items": NaN,
        "Total Unusual Items Excluding Goodwill": NaN,
        "Net Income From Continuing Operation Net Minority Interest": NaN,
        "Reconciled Depreciation": NaN,
        "Reconciled Cost Of Revenue": NaN,
        "EBITDA": NaN,
        "EBIT": NaN,
        "Net Interest Income": NaN,
        "Interest Expense": NaN,
        "Normalized Income": NaN,
        "Net Income From Continuing And Discontinued Operation": NaN,
        "Total Expenses": NaN,
        "Total Operating Income As Reported": NaN,
        "Diluted Average Shares": NaN,
        "Basic Average Shares": NaN,
        "Diluted EPS": NaN,
        "Basic EPS": NaN,
        "Diluted NI Availto Com Stockholders": NaN,
        "Net Income Common Stockholders": NaN,
        "Net Income": NaN,
        "Net Income Including Noncontrolling Interests": NaN,
        "Net Income Continuous Operations": NaN,
        "Tax Provision": NaN,
        "Pretax Income": NaN,
        "Other Income Expense": NaN,
        "Other Non Operating Income Expenses": NaN,
        "Special Income Charges": NaN,
        "Gain On Sale Of Ppe": NaN,
        "Other Special Charges": NaN,
        "Write Off": NaN,
        "Impairment Of Capital Assets": 1127000.0,
        "Restructuring And Mergern Acquisition": NaN,
        "Gain On Sale Of Security": NaN,
        "Net Non Operating Interest Income Expense": NaN,
        "Total Other Finance Cost": -36000.0,
        "Interest Expense Non Operating": NaN,
        "Operating Income": NaN,
        "Operating Expense": NaN,
        "Other Operating Expenses": NaN,
        "Research And Development": NaN,
        "Selling General And Administration": NaN,
        "Selling And Marketing Expense": NaN,
        "General And Administrative Expense": NaN,
        "Other Gand A": NaN,
        "Gross Profit": NaN,
        "Cost Of Revenue": NaN,
        "Total Revenue": NaN,
        "Operating Revenue": NaN
    },
    "2023-03-31": {
        "Tax Effect Of Unusual Items": NaN,
        "Tax Rate For Calcs": NaN,
        "Normalized EBITDA": NaN,
        "Total Unusual Items": NaN,
        "Total Unusual Items Excluding Goodwill": NaN,
        "Net Income From Continuing Operation Net Minority Interest": NaN,
        "Reconciled Depreciation": NaN,
        "Reconciled Cost Of Revenue": NaN,
        "EBITDA": NaN,
        "EBIT": NaN,
        "Net Interest Income": NaN,
        "Interest Expense": 157000.0,
        "Normalized Income": NaN,
        "Net Income From Continuing And Discontinued Operation": NaN,
        "Total Expenses": NaN,
        "Total Operating Income As Reported": NaN,
        "Diluted Average Shares": NaN,
        "Basic Average Shares": NaN,
        "Diluted EPS": NaN,
        "Basic EPS": NaN,
        "Diluted NI Availto Com Stockholders": NaN,
        "Net Income Common Stockholders": NaN,
        "Net Income": NaN,
        "Net Income Including Noncontrolling Interests": NaN,
        "Net Income Continuous Operations": NaN,
        "Tax Provision": NaN,
        "Pretax Income": NaN,
        "Other Income Expense": NaN,
        "Other Non Operating Income Expenses": NaN,
        "Special Income Charges": NaN,
        "Gain On Sale Of Ppe": NaN,
        "Other Special Charges": NaN,
        "Write Off": NaN,
        "Impairment Of Capital Assets": 1056000.0,
        "Restructuring And Mergern Acquisition": NaN,
        "Gain On Sale Of Security": NaN,
        "Net Non Operating Interest Income Expense": NaN,
        "Total Other Finance Cost": NaN,
        "Interest Expense Non Operating": 157000.0,
        "Operating Income": NaN,
        "Operating Expense": NaN,
        "Other Operating Expenses": NaN,
        "Research And Development": NaN,
        "Selling General And Administration": NaN,
        "Selling And Marketing Expense": NaN,
        "General And Administrative Expense": NaN,
        "Other Gand A": NaN,
        "Gross Profit": NaN,
        "Cost Of Revenue": NaN,
        "Total Revenue": NaN,
        "Operating Revenue": NaN
    },
    "2022-12-31": {
        "Tax Effect Of Unusual Items": NaN,
        "Tax Rate For Calcs": NaN,
        "Normalized EBITDA": NaN,
        "Total Unusual Items": NaN,
        "Total Unusual Items Excluding Goodwill": NaN,
        "Net Income From Continuing Operation Net Minority Interest": NaN,
        "Reconciled Depreciation": NaN,
        "Reconciled Cost Of Revenue": NaN,
        "EBITDA": NaN,
        "EBIT": NaN,
        "Net Interest Income": NaN,
        "Interest Expense": 22092000.0,
        "Normalized Income": NaN,
        "Net Income From Continuing And Discontinued Operation": NaN,
        "Total Expenses": NaN,
        "Total Operating Income As Reported": NaN,
        "Diluted Average Shares": NaN,
        "Basic Average Shares": NaN,
        "Diluted EPS": NaN,
        "Basic EPS": NaN,
        "Diluted NI Availto Com Stockholders": NaN,
        "Net Income Common Stockholders": NaN,
        "Net Income": NaN,
        "Net Income Including Noncontrolling Interests": NaN,
        "Net Income Continuous Operations": NaN,
        "Tax Provision": NaN,
        "Pretax Income": NaN,
        "Other Income Expense": NaN,
        "Other Non Operating Income Expenses": NaN,
        "Special Income Charges": NaN,
        "Gain On Sale Of Ppe": NaN,
        "Other Special Charges": NaN,
        "Write Off": NaN,
        "Impairment Of Capital Assets": NaN,
        "Restructuring And Mergern Acquisition": NaN,
        "Gain On Sale Of Security": 4952000.0,
        "Net Non Operating Interest Income Expense": NaN,
        "Total Other Finance Cost": NaN,
        "Interest Expense Non Operating": 22092000.0,
        "Operating Income": NaN,
        "Operating Expense": NaN,
        "Other Operating Expenses": NaN,
        "Research And Development": NaN,
        "Selling General And Administration": NaN,
        "Selling And Marketing Expense": NaN,
        "General And Administrative Expense": NaN,
        "Other Gand A": NaN,
        "Gross Profit": NaN,
        "Cost Of Revenue": NaN,
        "Total Revenue": NaN,
        "Operating Revenue": NaN
    },
    "2023-12-31": {
        "Tax Effect Of Unusual Items": NaN,
        "Tax Rate For Calcs": NaN,
        "Normalized EBITDA": NaN,
        "Total Unusual Items": NaN,
        "Total Unusual Items Excluding Goodwill": NaN,
        "Net Income From Continuing Operation Net Minority Interest": NaN,
        "Reconciled Depreciation": NaN,
        "Reconciled Cost Of Revenue": NaN,
        "EBITDA": NaN,
        "EBIT": NaN,
        "Net Interest Income": NaN,
        "Interest Expense": 83921000.0,
        "Interest Income": NaN,
        "Normalized Income": NaN,
        "Net Income From Continuing And Discontinued Operation": NaN,
        "Total Expenses": NaN,
        "Total Operating Income As Reported": NaN,
        "Diluted Average Shares": NaN,
        "Basic Average Shares": NaN,
        "Diluted EPS": NaN,
        "Basic EPS": NaN,
        "Diluted NI Availto Com Stockholders": NaN,
        "Net Income Common Stockholders": NaN,
        "Net Income": NaN,
        "Net Income Including Noncontrolling Interests": NaN,
        "Net Income Continuous Operations": NaN,
        "Tax Provision": NaN,
        "Pretax Income": NaN,
        "Other Income Expense": NaN,
        "Other Non Operating Income Expenses": NaN,
        "Special Income Charges": NaN,
        "Gain On Sale Of Ppe": NaN,
        "Other Special Charges": NaN,
        "Write Off": 1542000.0,
        "Impairment Of Capital Assets": 0.0,
        "Restructuring And Mergern Acquisition": NaN,
        "Gain On Sale Of Security": NaN,
        "Net Non Operating Interest Income Expense": NaN,
        "Total Other Finance Cost": NaN,
        "Interest Expense Non Operating": 83921000.0,
        "Interest Income Non Operating": NaN,
        "Operating Income": NaN,
        "Operating Expense": NaN,
        "Other Operating Expenses": NaN,
        "Research And Development": 1876000.0,
        "Selling General And Administration": NaN,
        "Selling And Marketing Expense": 3886000.0,
        "General And Administrative Expense": NaN,
        "Other Gand A": NaN,
        "Gross Profit": NaN,
        "Cost Of Revenue": NaN,
        "Total Revenue": NaN,
        "Operating Revenue": NaN
    },
    "2024-03-31": {
        "Tax Effect Of Unusual Items": NaN,
        "Tax Rate For Calcs": NaN,
        "Normalized EBITDA": NaN,
        "Total Unusual Items": NaN,
        "Total Unusual Items Excluding Goodwill": NaN,
        "Net Income From Continuing Operation Net Minority Interest": NaN,
        "Reconciled Depreciation": NaN,
        "Reconciled Cost Of Revenue": NaN,
        "EBITDA": NaN,
        "EBIT": NaN,
        "Net Interest Income": NaN,
        "Interest Expense": 14087000.0,
        "Interest Income": NaN,
        "Normalized Income": NaN,
        "Net Income From Continuing And Discontinued Operation": NaN,
        "Total Expenses": NaN,
        "Total Operating Income As Reported": NaN,
        "Diluted Average Shares": NaN,
        "Basic Average Shares": NaN,
        "Diluted EPS": NaN,
        "Basic EPS": NaN,
        "Diluted NI Availto Com Stockholders": NaN,
        "Net Income Common Stockholders": NaN,
        "Net Income": NaN,
        "Net Income Including Noncontrolling Interests": NaN,
        "Net Income Continuous Operations": NaN,
        "Tax Provision": NaN,
        "Pretax Income": NaN,
        "Other Income Expense": NaN,
        "Other Non Operating Income Expenses": NaN,
        "Special Income Charges": NaN,
        "Gain On Sale Of Ppe": NaN,
        "Other Special Charges": 50000.0,
        "Write Off": 0.0,
        "Impairment Of Capital Assets": 0.0,
        "Restructuring And Mergern Acquisition": NaN,
        "Gain On Sale Of Security": NaN,
        "Net Non Operating Interest Income Expense": NaN,
        "Total Other Finance Cost": NaN,
        "Interest Expense Non Operating": 14087000.0,
        "Interest Income Non Operating": NaN,
        "Operating Income": NaN,
        "Operating Expense": NaN,
        "Other Operating Expenses": NaN,
        "Research And Development": 1799000.0,
        "Selling General And Administration": NaN,
        "Selling And Marketing Expense": 982000.0,
        "General And Administrative Expense": 16924000.0,
        "Other Gand A": 16924000.0,
        "Gross Profit": NaN,
        "Cost Of Revenue": NaN,
        "Total Revenue": NaN,
        "Operating Revenue": NaN
    },
    "2022-09-30": {
        "Tax Effect Of Unusual Items": NaN,
        "Tax Rate For Calcs": NaN,
        "Normalized EBITDA": NaN,
        "Total Unusual Items": NaN,
        "Total Unusual Items Excluding Goodwill": NaN,
        "Net Income From Continuing Operation Net Minority Interest": NaN,
        "Reconciled Depreciation": NaN,
        "Reconciled Cost Of Revenue": NaN,
        "EBITDA": NaN,
        "EBIT": NaN,
        "Net Interest Income": NaN,
        "Interest Expense": NaN,
        "Normalized Income": NaN,
        "Net Income From Continuing And Discontinued Operation": NaN,
        "Total Expenses": NaN,
        "Total Operating Income As Reported": NaN,
        "Diluted Average Shares": NaN,
        "Basic Average Shares": NaN,
        "Diluted EPS": NaN,
        "Basic EPS": NaN,
        "Diluted NI Availto Com Stockholders": NaN,
        "Net Income Common Stockholders": NaN,
        "Net Income": NaN,
        "Net Income Including Noncontrolling Interests": NaN,
        "Net Income Continuous Operations": NaN,
        "Tax Provision": NaN,
        "Pretax Income": NaN,
        "Other Income Expense": NaN,
        "Other Non Operating Income Expenses": NaN,
        "Special Income Charges": NaN,
        "Gain On Sale Of Ppe": NaN,
        "Other Special Charges": NaN,
        "Impairment Of Capital Assets": NaN,
        "Restructuring And Mergern Acquisition": NaN,
        "Gain On Sale Of Security": 521000.0,
        "Net Non Operating Interest Income Expense": NaN,
        "Total Other Finance Cost": NaN,
        "Interest Expense Non Operating": NaN,
        "Operating Income": NaN,
        "Operating Expense": NaN,
        "Research And Development": NaN,
        "Selling General And Administration": NaN,
        "Selling And Marketing Expense": NaN,
        "General And Administrative Expense": NaN,
        "Other Gand A": NaN,
        "Gross Profit": NaN,
        "Cost Of Revenue": NaN,
        "Total Revenue": NaN,
        "Operating Revenue": NaN
    },
    "2024-06-30": {
        "Tax Effect Of Unusual Items": -167249460.0,
        "Tax Rate For Calcs": 0.21,
        "Normalized EBITDA": 834735000.0,
        "Total Unusual Items": -796426000.0,
        "Total Unusual Items Excluding Goodwill": -796426000.0,
        "Net Income From Continuing Operation Net Minority Interest": -804896000.0,
        "Reconciled Depreciation": 31459000.0,
        "Reconciled Cost Of Revenue": 102285000.0,
        "EBITDA": 38309000.0,
        "EBIT": 6850000.0,
        "Net Interest Income": -14775000.0,
        "Interest Expense": NaN,
        "Interest Income": NaN,
        "Normalized Income": -175719460.0,
        "Net Income From Continuing And Discontinued Operation": -804896000.0,
        "Total Expenses": 134252000.0,
        "Total Operating Income As Reported": 6579000.0,
        "Diluted Average Shares": 178505000.0,
        "Basic Average Shares": 178505000.0,
        "Diluted EPS": -4.51,
        "Basic EPS": -4.51,
        "Diluted NI Availto Com Stockholders": -804896000.0,
        "Net Income Common Stockholders": -804896000.0,
        "Net Income": -804896000.0,
        "Net Income Including Noncontrolling Interests": -804896000.0,
        "Net Income Continuous Operations": -804896000.0,
        "Tax Provision": 144000.0,
        "Pretax Income": -804752000.0,
        "Other Income Expense": -796827000.0,
        "Other Non Operating Income Expenses": -401000.0,
        "Special Income Charges": 148000.0,
        "Gain On Sale Of Ppe": 268000.0,
        "Other Special Charges": 120000.0,
        "Write Off": 0.0,
        "Impairment Of Capital Assets": NaN,
        "Restructuring And Mergern Acquisition": 0.0,
        "Gain On Sale Of Security": -796574000.0,
        "Net Non Operating Interest Income Expense": -14775000.0,
        "Total Other Finance Cost": 14775000.0,
        "Interest Expense Non Operating": NaN,
        "Interest Income Non Operating": NaN,
        "Operating Income": 6850000.0,
        "Operating Expense": 31967000.0,
        "Other Operating Expenses": 584000.0,
        "Research And Development": 2174000.0,
        "Selling General And Administration": 31383000.0,
        "Selling And Marketing Expense": 2966000.0,
        "General And Administrative Expense": 26243000.0,
        "Other Gand A": 26243000.0,
        "Gross Profit": 38817000.0,
        "Cost Of Revenue": 102285000.0,
        "Total Revenue": 141102000.0,
        "Operating Revenue": 141102000.0
    },
    "2024-09-30": {
        "Tax Effect Of Unusual Items": -85962660.0,
        "Tax Rate For Calcs": 0.21,
        "Normalized EBITDA": -8966000.0,
        "Total Unusual Items": -409346000.0,
        "Total Unusual Items Excluding Goodwill": -409346000.0,
        "Net Income From Continuing Operation Net Minority Interest": -455259000.0,
        "Reconciled Depreciation": 29741000.0,
        "Reconciled Cost Of Revenue": 95510000.0,
        "EBITDA": -418312000.0,
        "EBIT": -448053000.0,
        "Net Interest Income": -7072000.0,
        "Interest Expense": 7072000.0,
        "Interest Income": NaN,
        "Normalized Income": -131875660.0,
        "Net Income From Continuing And Discontinued Operation": -455259000.0,
        "Total Expenses": 136064000.0,
        "Total Operating Income As Reported": -41219000.0,
        "Diluted Average Shares": 292486000.0,
        "Basic Average Shares": 292486000.0,
        "Diluted EPS": -1.17,
        "Basic EPS": -1.17,
        "Diluted NI Availto Com Stockholders": -455259000.0,
        "Net Income Common Stockholders": -455259000.0,
        "Net Income": -455259000.0,
        "Net Income Including Noncontrolling Interests": -455259000.0,
        "Net Income Continuous Operations": -455259000.0,
        "Tax Provision": 134000.0,
        "Pretax Income": -455125000.0,
        "Other Income Expense": -407343000.0,
        "Other Non Operating Income Expenses": 2003000.0,
        "Special Income Charges": -826000.0,
        "Gain On Sale Of Ppe": -509000.0,
        "Other Special Charges": 317000.0,
        "Write Off": 0.0,
        "Impairment Of Capital Assets": NaN,
        "Restructuring And Mergern Acquisition": 0.0,
        "Gain On Sale Of Security": -408520000.0,
        "Net Non Operating Interest Income Expense": -7072000.0,
        "Total Other Finance Cost": NaN,
        "Interest Expense Non Operating": 7072000.0,
        "Interest Income Non Operating": NaN,
        "Operating Income": -40710000.0,
        "Operating Expense": 40554000.0,
        "Other Operating Expenses": 206000.0,
        "Research And Development": 2841000.0,
        "Selling General And Administration": 37507000.0,
        "Selling And Marketing Expense": 3151000.0,
        "General And Administrative Expense": 34356000.0,
        "Other Gand A": 34356000.0,
        "Gross Profit": -156000.0,
        "Cost Of Revenue": 95510000.0,
        "Total Revenue": 95354000.0,
        "Operating Revenue": 95354000.0
    },
    "2024-12-31": {
        "Tax Effect Of Unusual Items": -47221650.0,
        "Tax Rate For Calcs": 0.21,
        "Normalized EBITDA": -10010000.0,
        "Total Unusual Items": -224865000.0,
        "Total Unusual Items Excluding Goodwill": -224865000.0,
        "Net Income From Continuing Operation Net Minority Interest": -265541000.0,
        "Reconciled Depreciation": 29155000.0,
        "Reconciled Cost Of Revenue": 90162000.0,
        "EBITDA": -234875000.0,
        "EBIT": -264030000.0,
        "Net Interest Income": -1136000.0,
        "Interest Expense": 1136000.0,
        "Interest Income": NaN,
        "Normalized Income": -87897650.0,
        "Net Income From Continuing And Discontinued Operation": -265541000.0,
        "Total Expenses": 134559000.0,
        "Total Operating Income As Reported": -39783000.0,
        "Diluted Average Shares": 306146000.0,
        "Basic Average Shares": 306146000.0,
        "Diluted EPS": -0.6,
        "Basic EPS": -0.6,
        "Diluted NI Availto Com Stockholders": -265541000.0,
        "Net Income Common Stockholders": -265541000.0,
        "Net Income": -265541000.0,
        "Net Income Including Noncontrolling Interests": -265541000.0,
        "Net Income Continuous Operations": -265541000.0,
        "Tax Provision": 375000.0,
        "Pretax Income": -265166000.0,
        "Other Income Expense": -224396000.0,
        "Other Non Operating Income Expenses": 469000.0,
        "Special Income Charges": -149000.0,
        "Gain On Sale Of Ppe": -149000.0,
        "Other Special Charges": 0.0,
        "Write Off": 0.0,
        "Impairment Of Capital Assets": NaN,
        "Restructuring And Mergern Acquisition": 0.0,
        "Gain On Sale Of Security": -224716000.0,
        "Net Non Operating Interest Income Expense": -1136000.0,
        "Total Other Finance Cost": NaN,
        "Interest Expense Non Operating": 1136000.0,
        "Interest Income Non Operating": NaN,
        "Operating Income": -39634000.0,
        "Operating Expense": 44397000.0,
        "Other Operating Expenses": 805000.0,
        "Research And Development": 5016000.0,
        "Selling General And Administration": 38576000.0,
        "Selling And Marketing Expense": 2870000.0,
        "General And Administrative Expense": 35706000.0,
        "Other Gand A": 35706000.0,
        "Gross Profit": 4763000.0,
        "Cost Of Revenue": 90162000.0,
        "Total Revenue": 94925000.0,
        "Operating Revenue": 94925000.0
    },
    "2025-03-31": {
        "Tax Effect Of Unusual Items": 0.0,
        "Tax Rate For Calcs": 0.0,
        "Normalized EBITDA": -641641000.0,
        "Total Unusual Items": 621458000.0,
        "Total Unusual Items Excluding Goodwill": 621458000.0,
        "Net Income From Continuing Operation Net Minority Interest": 580693000.0,
        "Reconciled Depreciation": 22407000.0,
        "Reconciled Cost Of Revenue": 71312000.0,
        "EBITDA": -20183000.0,
        "EBIT": -42590000.0,
        "Net Interest Income": 2187000.0,
        "Interest Expense": NaN,
        "Interest Income": 2187000.0,
        "Normalized Income": -40765000.0,
        "Net Income From Continuing And Discontinued Operation": 580693000.0,
        "Total Expenses": 122115000.0,
        "Total Operating Income As Reported": -42596000.0,
        "Diluted Average Shares": 363314000.0,
        "Basic Average Shares": 315186000.0,
        "Diluted EPS": 1.25,
        "Basic EPS": 1.44,
        "Diluted NI Availto Com Stockholders": 580693000.0,
        "Net Income Common Stockholders": 580693000.0,
        "Net Income": 580693000.0,
        "Net Income Including Noncontrolling Interests": 580693000.0,
        "Net Income Continuous Operations": 580693000.0,
        "Tax Provision": 205000.0,
        "Pretax Income": 580898000.0,
        "Other Income Expense": 621301000.0,
        "Other Non Operating Income Expenses": -157000.0,
        "Special Income Charges": -6000.0,
        "Gain On Sale Of Ppe": -6000.0,
        "Other Special Charges": NaN,
        "Write Off": NaN,
        "Impairment Of Capital Assets": NaN,
        "Restructuring And Mergern Acquisition": 0.0,
        "Gain On Sale Of Security": 621464000.0,
        "Net Non Operating Interest Income Expense": 2187000.0,
        "Total Other Finance Cost": NaN,
        "Interest Expense Non Operating": NaN,
        "Interest Income Non Operating": 2187000.0,
        "Operating Income": -42590000.0,
        "Operating Expense": 50803000.0,
        "Other Operating Expenses": 10688000.0,
        "Research And Development": NaN,
        "Selling General And Administration": 40115000.0,
        "Selling And Marketing Expense": NaN,
        "General And Administrative Expense": 40115000.0,
        "Other Gand A": 40115000.0,
        "Gross Profit": 8213000.0,
        "Cost Of Revenue": 71312000.0,
        "Total Revenue": 79525000.0,
        "Operating Revenue": 79525000.0
    },
    "2025-06-30": {
        "Tax Effect Of Unusual Items": -192255210.0,
        "Tax Rate For Calcs": 0.21,
        "Normalized EBITDA": 914867000.0,
        "Total Unusual Items": -915501000.0,
        "Total Unusual Items Excluding Goodwill": -915501000.0,
        "Net Income From Continuing Operation Net Minority Interest": -936799000.0,
        "Reconciled Depreciation": 21484000.0,
        "Reconciled Cost Of Revenue": 73603000.0,
        "EBITDA": -634000.0,
        "EBIT": -22118000.0,
        "Net Interest Income": 1185000.0,
        "Interest Expense": NaN,
        "Interest Income": NaN,
        "Normalized Income": -213553210.0,
        "Net Income From Continuing And Discontinued Operation": -936799000.0,
        "Total Expenses": 100746000.0,
        "Total Operating Income As Reported": -26284000.0,
        "Diluted Average Shares": 317985000.0,
        "Basic Average Shares": 317985000.0,
        "Diluted EPS": -0.04,
        "Basic EPS": -0.04,
        "Diluted NI Availto Com Stockholders": -936799000.0,
        "Net Income Common Stockholders": -936799000.0,
        "Net Income": -936799000.0,
        "Net Income Including Noncontrolling Interests": -936799000.0,
        "Net Income Continuous Operations": -936799000.0,
        "Tax Provision": 158000.0,
        "Pretax Income": -936641000.0,
        "Other Income Expense": -915708000.0,
        "Other Non Operating Income Expenses": -207000.0,
        "Special Income Charges": -5543000.0,
        "Gain On Sale Of Ppe": -4166000.0,
        "Other Special Charges": 1377000.0,
        "Write Off": NaN,
        "Impairment Of Capital Assets": NaN,
        "Restructuring And Mergern Acquisition": 0.0,
        "Gain On Sale Of Security": -909958000.0,
        "Net Non Operating Interest Income Expense": 1185000.0,
        "Total Other Finance Cost": -1185000.0,
        "Interest Expense Non Operating": NaN,
        "Interest Income Non Operating": NaN,
        "Operating Income": -22118000.0,
        "Operating Expense": 27143000.0,
        "Other Operating Expenses": -29797000.0,
        "Research And Development": NaN,
        "Selling General And Administration": 56940000.0,
        "Selling And Marketing Expense": NaN,
        "General And Administrative Expense": NaN,
        "Other Gand A": NaN,
        "Gross Profit": 5025000.0,
        "Cost Of Revenue": 73603000.0,
        "Total Revenue": 78628000.0,
        "Operating Revenue": 78628000.0
    }
}