{
    "2023-05-31": {
        "Tax Effect Of Unusual Items": NaN,
        "Tax Rate For Calcs": NaN,
        "Normalized EBITDA": NaN,
        "Total Unusual Items": NaN,
        "Total Unusual Items Excluding Goodwill": NaN,
        "Net Income From Continuing Operation Net Minority Interest": NaN,
        "Reconciled Depreciation": NaN,
        "Reconciled Cost Of Revenue": NaN,
        "EBITDA": NaN,
        "EBIT": NaN,
        "Net Interest Income": NaN,
        "Interest Expense": NaN,
        "Interest Income": NaN,
        "Normalized Income": NaN,
        "Net Income From Continuing And Discontinued Operation": NaN,
        "Total Expenses": NaN,
        "Total Operating Income As Reported": NaN,
        "Diluted Average Shares": 444360000.0,
        "Basic Average Shares": 443814000.0,
        "Diluted EPS": 2.93,
        "Basic EPS": 2.94,
        "Diluted NI Availto Com Stockholders": NaN,
        "Net Income Common Stockholders": NaN,
        "Net Income": NaN,
        "Minority Interests": 0.0,
        "Net Income Including Noncontrolling Interests": NaN,
        "Net Income Continuous Operations": NaN,
        "Tax Provision": NaN,
        "Pretax Income": NaN,
        "Other Income Expense": NaN,
        "Gain On Sale Of Security": NaN,
        "Net Non Operating Interest Income Expense": NaN,
        "Total Other Finance Cost": -9000000.0,
        "Interest Expense Non Operating": NaN,
        "Interest Income Non Operating": NaN,
        "Operating Income": NaN,
        "Operating Expense": NaN,
        "Selling General And Administration": NaN,
        "Gross Profit": NaN,
        "Cost Of Revenue": NaN,
        "Total Revenue": NaN,
        "Operating Revenue": NaN
    },
    "2023-02-28": {
        "Tax Effect Of Unusual Items": NaN,
        "Tax Rate For Calcs": NaN,
        "Normalized EBITDA": NaN,
        "Total Unusual Items": NaN,
        "Total Unusual Items Excluding Goodwill": NaN,
        "Net Income From Continuing Operation Net Minority Interest": NaN,
        "Reconciled Depreciation": NaN,
        "Reconciled Cost Of Revenue": NaN,
        "EBITDA": NaN,
        "EBIT": NaN,
        "Net Interest Income": NaN,
        "Interest Expense": NaN,
        "Interest Income": NaN,
        "Normalized Income": NaN,
        "Net Income From Continuing And Discontinued Operation": NaN,
        "Total Expenses": NaN,
        "Total Operating Income As Reported": NaN,
        "Diluted Average Shares": 444475000.0,
        "Basic Average Shares": 443877000.0,
        "Diluted EPS": 3.3,
        "Basic EPS": 3.3,
        "Diluted NI Availto Com Stockholders": NaN,
        "Net Income Common Stockholders": NaN,
        "Net Income": NaN,
        "Minority Interests": 0.0,
        "Net Income Including Noncontrolling Interests": NaN,
        "Net Income Continuous Operations": NaN,
        "Tax Provision": NaN,
        "Pretax Income": NaN,
        "Other Income Expense": NaN,
        "Gain On Sale Of Security": NaN,
        "Net Non Operating Interest Income Expense": NaN,
        "Total Other Finance Cost": -6000000.0,
        "Interest Expense Non Operating": NaN,
        "Interest Income Non Operating": NaN,
        "Operating Income": NaN,
        "Operating Expense": NaN,
        "Selling General And Administration": NaN,
        "Gross Profit": NaN,
        "Cost Of Revenue": NaN,
        "Total Revenue": NaN,
        "Operating Revenue": NaN
    },
    "2023-01-31": {
        "Tax Effect Of Unusual Items": NaN,
        "Tax Rate For Calcs": NaN,
        "Normalized EBITDA": NaN,
        "Total Unusual Items": NaN,
        "Total Unusual Items Excluding Goodwill": NaN,
        "Net Income From Continuing Operation Net Minority Interest": NaN,
        "Reconciled Depreciation": NaN,
        "Reconciled Cost Of Revenue": NaN,
        "EBITDA": NaN,
        "EBIT": NaN,
        "Net Interest Income": NaN,
        "Interest Expense": NaN,
        "Interest Income": NaN,
        "Normalized Income": NaN,
        "Net Income From Continuing And Discontinued Operation": NaN,
        "Total Expenses": NaN,
        "Total Operating Income As Reported": NaN,
        "Diluted Average Shares": NaN,
        "Basic Average Shares": NaN,
        "Diluted EPS": NaN,
        "Basic EPS": NaN,
        "Diluted NI Availto Com Stockholders": NaN,
        "Net Income Common Stockholders": NaN,
        "Net Income": NaN,
        "Minority Interests": 0.0,
        "Net Income Including Noncontrolling Interests": NaN,
        "Net Income Continuous Operations": NaN,
        "Tax Provision": NaN,
        "Pretax Income": NaN,
        "Other Income Expense": NaN,
        "Gain On Sale Of Security": NaN,
        "Net Non Operating Interest Income Expense": NaN,
        "Total Other Finance Cost": -6000000.0,
        "Interest Expense Non Operating": NaN,
        "Interest Income Non Operating": NaN,
        "Operating Income": NaN,
        "Operating Expense": NaN,
        "Selling General And Administration": NaN,
        "Gross Profit": NaN,
        "Cost Of Revenue": NaN,
        "Total Revenue": NaN,
        "Operating Revenue": NaN
    },
    "2022-11-30": {
        "Tax Effect Of Unusual Items": NaN,
        "Tax Rate For Calcs": NaN,
        "Normalized EBITDA": NaN,
        "Total Unusual Items": NaN,
        "Total Unusual Items Excluding Goodwill": NaN,
        "Net Income From Continuing Operation Net Minority Interest": NaN,
        "Reconciled Depreciation": NaN,
        "Reconciled Cost Of Revenue": NaN,
        "EBITDA": NaN,
        "EBIT": NaN,
        "Net Interest Income": NaN,
        "Interest Expense": NaN,
        "Interest Income": NaN,
        "Normalized Income": NaN,
        "Net Income From Continuing And Discontinued Operation": NaN,
        "Total Expenses": NaN,
        "Total Operating Income As Reported": NaN,
        "Diluted Average Shares": NaN,
        "Basic Average Shares": NaN,
        "Diluted EPS": NaN,
        "Basic EPS": NaN,
        "Diluted NI Availto Com Stockholders": NaN,
        "Net Income Common Stockholders": NaN,
        "Net Income": NaN,
        "Minority Interests": 0.0,
        "Net Income Including Noncontrolling Interests": NaN,
        "Net Income Continuous Operations": NaN,
        "Tax Provision": NaN,
        "Pretax Income": NaN,
        "Other Income Expense": NaN,
        "Gain On Sale Of Security": NaN,
        "Net Non Operating Interest Income Expense": NaN,
        "Total Other Finance Cost": NaN,
        "Interest Expense Non Operating": NaN,
        "Interest Income Non Operating": NaN,
        "Operating Income": NaN,
        "Operating Expense": NaN,
        "Selling General And Administration": NaN,
        "Gross Profit": NaN,
        "Cost Of Revenue": NaN,
        "Total Revenue": NaN,
        "Operating Revenue": NaN
    },
    "2022-08-31": {
        "Tax Effect Of Unusual Items": NaN,
        "Tax Rate For Calcs": NaN,
        "Normalized EBITDA": NaN,
        "Total Unusual Items": NaN,
        "Total Unusual Items Excluding Goodwill": NaN,
        "Net Income From Continuing Operation Net Minority Interest": NaN,
        "Reconciled Depreciation": NaN,
        "Reconciled Cost Of Revenue": NaN,
        "EBITDA": NaN,
        "EBIT": NaN,
        "Net Interest Income": NaN,
        "Interest Expense": NaN,
        "Interest Income": NaN,
        "Normalized Income": NaN,
        "Net Income From Continuing And Discontinued Operation": NaN,
        "Total Expenses": NaN,
        "Total Operating Income As Reported": NaN,
        "Diluted Average Shares": NaN,
        "Basic Average Shares": NaN,
        "Diluted EPS": NaN,
        "Basic EPS": NaN,
        "Diluted NI Availto Com Stockholders": NaN,
        "Net Income Common Stockholders": NaN,
        "Net Income": NaN,
        "Minority Interests": NaN,
        "Net Income Including Noncontrolling Interests": NaN,
        "Net Income Continuous Operations": NaN,
        "Tax Provision": NaN,
        "Pretax Income": NaN,
        "Other Income Expense": NaN,
        "Other Non Operating Income Expenses": 15000000.0,
        "Gain On Sale Of Security": NaN,
        "Net Non Operating Interest Income Expense": NaN,
        "Total Other Finance Cost": NaN,
        "Interest Expense Non Operating": NaN,
        "Interest Income Non Operating": NaN,
        "Operating Income": NaN,
        "Operating Expense": NaN,
        "Selling General And Administration": NaN,
        "Gross Profit": NaN,
        "Cost Of Revenue": NaN,
        "Total Revenue": NaN,
        "Operating Revenue": NaN
    },
    "2022-05-31": {
        "Tax Effect Of Unusual Items": 0.0,
        "Tax Rate For Calcs": 0.249042,
        "Normalized EBITDA": 1862000000.0,
        "Total Unusual Items": 56000000.0,
        "Total Unusual Items Excluding Goodwill": 56000000.0,
        "Net Income From Continuing Operation Net Minority Interest": 1353000000.0,
        "Reconciled Depreciation": 438000000.0,
        "Reconciled Cost Of Revenue": 46355000000.0,
        "EBIT": 1862000000.0,
        "Net Interest Income": 36000000.0,
        "Interest Expense": 35000000.0,
        "Interest Income": 71000000.0,
        "Normalized Income": 1353000000.0,
        "Net Income From Continuing And Discontinued Operation": 1353000000.0,
        "Total Expenses": 50805000000.0,
        "Total Operating Income As Reported": 1791000000.0,
        "Diluted Average Shares": 444886000.0,
        "Basic Average Shares": 443700000.0,
        "Diluted EPS": 3.04,
        "Basic EPS": 3.05,
        "Diluted NI Availto Com Stockholders": 1353000000.0,
        "Net Income Common Stockholders": 1353000000.0,
        "Net Income": 1353000000.0,
        "Minority Interests": -19000000.0,
        "Net Income Including Noncontrolling Interests": 1372000000.0,
        "Net Income Continuous Operations": 1372000000.0,
        "Tax Provision": 455000000.0,
        "Pretax Income": 1827000000.0,
        "Other Income Expense": 56000000.0,
        "Other Non Operating Income Expenses": 9000000.0,
        "Gain On Sale Of Security": 56000000.0,
        "Net Non Operating Interest Income Expense": 36000000.0,
        "Total Other Finance Cost": -9000000.0,
        "Interest Expense Non Operating": 35000000.0,
        "Interest Income Non Operating": 71000000.0,
        "Operating Income": 1791000000.0,
        "Operating Expense": 4450000000.0,
        "Selling General And Administration": 4450000000.0,
        "Gross Profit": 6241000000.0,
        "Cost Of Revenue": 46355000000.0,
        "Total Revenue": 52596000000.0,
        "Operating Revenue": 52596000000.0
    },
    "2022-02-28": {
        "Diluted EPS": 2.92,
        "Total Revenue": NaN,
        "Gross Profit": NaN,
        "Operating Income": NaN,
        "EBIT": NaN,
        "Net Income": NaN
    },
    "2021-11-30": {
        "Diluted EPS": 2.98,
        "Total Revenue": NaN,
        "Gross Profit": NaN,
        "Operating Income": NaN,
        "EBIT": NaN,
        "Net Income": NaN
    },
    "2021-08-31": {
        "Diluted EPS": 3.76,
        "Total Revenue": NaN,
        "Gross Profit": NaN,
        "Operating Income": NaN,
        "EBIT": NaN,
        "Net Income": NaN
    },
    "2021-05-31": {
        "Diluted EPS": 2.75,
        "Total Revenue": NaN,
        "Gross Profit": NaN,
        "Operating Income": NaN,
        "EBIT": NaN,
        "Net Income": NaN
    },
    "2021-02-28": {
        "Diluted EPS": 2.14,
        "Total Revenue": NaN,
        "Gross Profit": NaN,
        "Operating Income": NaN,
        "EBIT": NaN,
        "Net Income": 951
    },
    "2020-11-30": {
        "Diluted EPS": 2.62,
        "Total Revenue": NaN,
        "Gross Profit": NaN,
        "Operating Income": NaN,
        "EBIT": NaN,
        "Net Income": NaN
    },
    "2020-08-31": {
        "Diluted EPS": 3.13,
        "Total Revenue": NaN,
        "Gross Profit": NaN,
        "Operating Income": NaN,
        "EBIT": NaN,
        "Net Income": NaN
    },
    "2020-05-31": {
        "Diluted EPS": 1.89,
        "Total Revenue": NaN,
        "Gross Profit": NaN,
        "Operating Income": NaN,
        "EBIT": NaN,
        "Net Income": 838
    },
    "2020-02-29": {
        "Diluted EPS": 2.1,
        "Total Revenue": NaN,
        "Gross Profit": NaN,
        "Operating Income": NaN,
        "EBIT": NaN,
        "Net Income": 931
    },
    "2019-11-30": {
        "Diluted EPS": 1.9,
        "Total Revenue": NaN,
        "Gross Profit": NaN,
        "Operating Income": NaN,
        "EBIT": NaN,
        "Net Income": 844
    },
    "2019-08-31": {
        "Diluted EPS": 2.47,
        "Total Revenue": NaN,
        "Gross Profit": NaN,
        "Operating Income": NaN,
        "EBIT": NaN,
        "Net Income": NaN
    },
    "2019-05-31": {
        "Diluted EPS": 2.05,
        "Total Revenue": NaN,
        "Gross Profit": NaN,
        "Operating Income": NaN,
        "EBIT": NaN,
        "Net Income": 906
    },
    "2019-02-28": {
        "Diluted EPS": 2.01,
        "Total Revenue": NaN,
        "Gross Profit": NaN,
        "Operating Income": NaN,
        "EBIT": NaN,
        "Net Income": 889
    },
    "2018-11-30": {
        "Diluted EPS": 1.73,
        "Total Revenue": NaN,
        "Gross Profit": NaN,
        "Operating Income": 949,
        "EBIT": NaN,
        "Net Income": 767
    },
    "2018-08-31": {
        "Diluted EPS": 2.35,
        "Total Revenue": NaN,
        "Gross Profit": NaN,
        "Operating Income": NaN,
        "EBIT": NaN,
        "Net Income": NaN
    },
    "2018-05-31": {
        "Diluted EPS": 1.7,
        "Total Revenue": NaN,
        "Gross Profit": NaN,
        "Operating Income": NaN,
        "EBIT": NaN,
        "Net Income": 750
    },
    "2018-02-28": {
        "Diluted EPS": 1.59,
        "Total Revenue": NaN,
        "Gross Profit": NaN,
        "Operating Income": NaN,
        "EBIT": NaN,
        "Net Income": 701
    },
    "2017-11-30": {
        "Diluted EPS": 1.45,
        "Total Revenue": NaN,
        "Gross Profit": NaN,
        "Operating Income": 951,
        "EBIT": NaN,
        "Net Income": 640
    },
    "2017-08-31": {
        "Diluted EPS": 2.08,
        "Total Revenue": NaN,
        "Gross Profit": NaN,
        "Operating Income": NaN,
        "EBIT": NaN,
        "Net Income": 919
    },
    "2017-05-31": {
        "Diluted EPS": 1.59,
        "Total Revenue": NaN,
        "Gross Profit": NaN,
        "Operating Income": 968,
        "EBIT": NaN,
        "Net Income": 700
    },
    "2017-02-28": {
        "Diluted EPS": 1.17,
        "Total Revenue": NaN,
        "Gross Profit": NaN,
        "Operating Income": 844,
        "EBIT": NaN,
        "Net Income": 515
    },
    "2016-11-30": {
        "Diluted EPS": 1.24,
        "Total Revenue": NaN,
        "Gross Profit": NaN,
        "Operating Income": 849,
        "EBIT": NaN,
        "Net Income": 545
    },
    "2016-08-31": {
        "Diluted EPS": 1.76,
        "Total Revenue": NaN,
        "Gross Profit": NaN,
        "Operating Income": NaN,
        "EBIT": NaN,
        "Net Income": 779
    },
    "2016-05-31": {
        "Diluted EPS": 1.24,
        "Total Revenue": NaN,
        "Gross Profit": NaN,
        "Operating Income": 858,
        "EBIT": NaN,
        "Net Income": 545
    },
    "2016-02-29": {
        "Diluted EPS": 1.24,
        "Total Revenue": NaN,
        "Gross Profit": NaN,
        "Operating Income": 856,
        "EBIT": NaN,
        "Net Income": 546
    },
    "2015-11-30": {
        "Diluted EPS": 1.09,
        "Total Revenue": NaN,
        "Gross Profit": NaN,
        "Operating Income": 767,
        "EBIT": NaN,
        "Net Income": 480
    },
    "2015-08-31": {
        "Diluted EPS": 1.73,
        "Total Revenue": NaN,
        "Gross Profit": NaN,
        "Operating Income": NaN,
        "EBIT": NaN,
        "Net Income": 767
    },
    "2015-05-31": {
        "Diluted EPS": 1.17,
        "Total Revenue": NaN,
        "Gross Profit": NaN,
        "Operating Income": 821,
        "EBIT": NaN,
        "Net Income": 516
    },
    "2015-02-28": {
        "Diluted EPS": 1.35,
        "Total Revenue": NaN,
        "Gross Profit": NaN,
        "Operating Income": 877,
        "EBIT": NaN,
        "Net Income": 598
    },
    "2014-11-30": {
        "Diluted EPS": 1.12,
        "Total Revenue": NaN,
        "Gross Profit": NaN,
        "Operating Income": 770,
        "EBIT": NaN,
        "Net Income": 496
    },
    "2014-08-31": {
        "Diluted EPS": 1.57,
        "Total Revenue": NaN,
        "Gross Profit": NaN,
        "Operating Income": NaN,
        "EBIT": NaN,
        "Net Income": 697
    },
    "2014-05-31": {
        "Diluted EPS": 1.07,
        "Total Revenue": NaN,
        "Gross Profit": NaN,
        "Operating Income": 737,
        "EBIT": 974,
        "Net Income": 473
    },
    "2014-02-28": {
        "Diluted EPS": 1.05,
        "Total Revenue": NaN,
        "Gross Profit": NaN,
        "Operating Income": 724,
        "EBIT": 964,
        "Net Income": 463
    },
    "2013-11-30": {
        "Diluted EPS": 0.96,
        "Total Revenue": NaN,
        "Gross Profit": NaN,
        "Operating Income": 668,
        "EBIT": 899,
        "Net Income": 425
    },
    "2013-08-31": {
        "Diluted EPS": 1.4,
        "Total Revenue": NaN,
        "Gross Profit": NaN,
        "Operating Income": 954,
        "EBIT": NaN,
        "Net Income": 617
    },
    "2013-05-31": {
        "Diluted EPS": 1.04,
        "Total Revenue": NaN,
        "Gross Profit": NaN,
        "Operating Income": 722,
        "EBIT": 943,
        "Net Income": 459
    },
    "2013-02-28": {
        "Diluted EPS": 1.24,
        "Total Revenue": NaN,
        "Gross Profit": NaN,
        "Operating Income": 738,
        "EBIT": 955,
        "Net Income": 547
    },
    "2012-11-30": {
        "Diluted EPS": 0.95,
        "Total Revenue": NaN,
        "Gross Profit": NaN,
        "Operating Income": 639,
        "EBIT": 852,
        "Net Income": 416
    },
    "2012-08-31": {
        "Diluted EPS": 1.38,
        "Total Revenue": NaN,
        "Gross Profit": NaN,
        "Operating Income": 949,
        "EBIT": NaN,
        "Net Income": 609
    },
    "2012-05-31": {
        "Diluted EPS": 0.88,
        "Total Revenue": NaN,
        "Gross Profit": NaN,
        "Operating Income": 623,
        "EBIT": 825,
        "Net Income": 386
    },
    "2012-02-29": {
        "Diluted EPS": 0.9,
        "Total Revenue": NaN,
        "Gross Profit": NaN,
        "Operating Income": 644,
        "EBIT": 853,
        "Net Income": 394
    },
    "2011-11-30": {
        "Diluted EPS": 0.73,
        "Total Revenue": NaN,
        "Gross Profit": NaN,
        "Operating Income": 543,
        "EBIT": 748,
        "Net Income": 320
    },
    "2011-08-31": {
        "Diluted EPS": 1.07,
        "Total Revenue": NaN,
        "Gross Profit": NaN,
        "Operating Income": 762,
        "EBIT": NaN,
        "Net Income": 478
    },
    "2011-05-31": {
        "Diluted EPS": 0.73,
        "Total Revenue": NaN,
        "Gross Profit": NaN,
        "Operating Income": 556,
        "EBIT": 752,
        "Net Income": 324
    },
    "2011-02-28": {
        "Diluted EPS": 0.79,
        "Total Revenue": NaN,
        "Gross Profit": NaN,
        "Operating Income": 596,
        "EBIT": 791,
        "Net Income": 348
    },
    "2010-11-30": {
        "Diluted EPS": 0.71,
        "Total Revenue": NaN,
        "Gross Profit": NaN,
        "Operating Income": 525,
        "EBIT": 716,
        "Net Income": 312
    },
    "2010-08-31": {
        "Diluted EPS": 0.97,
        "Total Revenue": NaN,
        "Gross Profit": NaN,
        "Operating Income": 688,
        "EBIT": 934,
        "Net Income": 432
    },
    "2010-05-31": {
        "Diluted EPS": 0.68,
        "Total Revenue": NaN,
        "Gross Profit": NaN,
        "Operating Income": 491,
        "EBIT": 671,
        "Net Income": 306
    },
    "2010-02-28": {
        "Diluted EPS": 0.67,
        "Total Revenue": NaN,
        "Gross Profit": NaN,
        "Operating Income": 470,
        "EBIT": 655,
        "Net Income": 299
    },
    "2009-11-30": {
        "Diluted EPS": 0.6,
        "Total Revenue": NaN,
        "Gross Profit": NaN,
        "Operating Income": 428,
        "EBIT": 612,
        "Net Income": 266
    },
    "2009-08-31": {
        "Diluted EPS": 0.84,
        "Total Revenue": NaN,
        "Gross Profit": NaN,
        "Operating Income": 598,
        "EBIT": 839,
        "Net Income": 374
    },
    "2009-05-31": {
        "Diluted EPS": 0.48,
        "Total Revenue": NaN,
        "Gross Profit": NaN,
        "Operating Income": 359,
        "EBIT": 530,
        "Net Income": 210
    },
    "2009-02-28": {
        "Diluted EPS": 0.55,
        "Total Revenue": NaN,
        "Gross Profit": NaN,
        "Operating Income": 398,
        "EBIT": 559,
        "Net Income": 239
    },
    "2023-08-31": {
        "Tax Effect Of Unusual Items": NaN,
        "Tax Rate For Calcs": NaN,
        "Normalized EBITDA": NaN,
        "Total Unusual Items": NaN,
        "Total Unusual Items Excluding Goodwill": NaN,
        "Net Income From Continuing Operation Net Minority Interest": NaN,
        "Reconciled Depreciation": NaN,
        "Reconciled Cost Of Revenue": NaN,
        "EBITDA": NaN,
        "EBIT": NaN,
        "Net Interest Income": NaN,
        "Interest Expense": NaN,
        "Interest Income": NaN,
        "Normalized Income": NaN,
        "Net Income From Continuing And Discontinued Operation": NaN,
        "Total Expenses": NaN,
        "Total Operating Income As Reported": NaN,
        "Diluted Average Shares": NaN,
        "Basic Average Shares": NaN,
        "Diluted EPS": NaN,
        "Basic EPS": NaN,
        "Diluted NI Availto Com Stockholders": NaN,
        "Net Income Common Stockholders": NaN,
        "Net Income": NaN,
        "Minority Interests": 0.0,
        "Net Income Including Noncontrolling Interests": NaN,
        "Net Income Continuous Operations": NaN,
        "Tax Provision": NaN,
        "Pretax Income": NaN,
        "Other Income Expense": NaN,
        "Gain On Sale Of Security": NaN,
        "Net Non Operating Interest Income Expense": NaN,
        "Total Other Finance Cost": -11000000.0,
        "Interest Expense Non Operating": NaN,
        "Interest Income Non Operating": NaN,
        "Operating Income": NaN,
        "Operating Expense": NaN,
        "Selling General And Administration": NaN,
        "Gross Profit": NaN,
        "Cost Of Revenue": NaN,
        "Total Revenue": NaN,
        "Operating Revenue": NaN
    },
    "2023-11-30": {
        "Tax Effect Of Unusual Items": NaN,
        "Tax Rate For Calcs": NaN,
        "Normalized EBITDA": NaN,
        "Total Unusual Items": NaN,
        "Total Unusual Items Excluding Goodwill": NaN,
        "Net Income From Continuing Operation Net Minority Interest": NaN,
        "Reconciled Depreciation": NaN,
        "Reconciled Cost Of Revenue": NaN,
        "EBITDA": NaN,
        "EBIT": NaN,
        "Net Interest Income": NaN,
        "Interest Expense": NaN,
        "Interest Income": NaN,
        "Normalized Income": NaN,
        "Net Income From Continuing And Discontinued Operation": NaN,
        "Total Expenses": NaN,
        "Total Operating Income As Reported": NaN,
        "Diluted Average Shares": NaN,
        "Basic Average Shares": NaN,
        "Diluted EPS": NaN,
        "Basic EPS": NaN,
        "Diluted NI Availto Com Stockholders": NaN,
        "Net Income Common Stockholders": NaN,
        "Net Income": NaN,
        "Net Income Including Noncontrolling Interests": NaN,
        "Net Income Continuous Operations": NaN,
        "Tax Provision": NaN,
        "Pretax Income": NaN,
        "Other Income Expense": NaN,
        "Gain On Sale Of Security": NaN,
        "Net Non Operating Interest Income Expense": NaN,
        "Total Other Finance Cost": -3000000.0,
        "Interest Expense Non Operating": NaN,
        "Interest Income Non Operating": NaN,
        "Operating Income": NaN,
        "Operating Expense": NaN,
        "Selling General And Administration": NaN,
        "Gross Profit": NaN,
        "Cost Of Revenue": NaN,
        "Total Revenue": NaN,
        "Operating Revenue": NaN
    },
    "2024-02-29": {
        "Tax Effect Of Unusual Items": 6845775.592311,
        "Tax Rate For Calcs": 0.220831,
        "Normalized EBITDA": 2761000000.0,
        "Total Unusual Items": 31000000.0,
        "Total Unusual Items Excluding Goodwill": 31000000.0,
        "Net Income From Continuing Operation Net Minority Interest": 1743000000.0,
        "Reconciled Depreciation": 514000000.0,
        "Reconciled Cost Of Revenue": 51140000000.0,
        "EBITDA": 2792000000.0,
        "EBIT": 2278000000.0,
        "Net Interest Income": 144000000.0,
        "Interest Expense": NaN,
        "Interest Income": 185000000.0,
        "Normalized Income": 1718845775.592311,
        "Net Income From Continuing And Discontinued Operation": NaN,
        "Total Expenses": 56380000000.0,
        "Total Operating Income As Reported": 2062000000.0,
        "Diluted Average Shares": NaN,
        "Basic Average Shares": NaN,
        "Diluted EPS": 3.92,
        "Basic EPS": 3.93,
        "Diluted NI Availto Com Stockholders": 1743000000.0,
        "Net Income Common Stockholders": 1743000000.0,
        "Net Income": 1743000000.0,
        "Net Income Including Noncontrolling Interests": 1743000000.0,
        "Net Income Continuous Operations": 1743000000.0,
        "Tax Provision": 494000000.0,
        "Pretax Income": 2237000000.0,
        "Other Income Expense": 31000000.0,
        "Gain On Sale Of Security": 31000000.0,
        "Net Non Operating Interest Income Expense": 144000000.0,
        "Total Other Finance Cost": NaN,
        "Interest Expense Non Operating": 41000000.0,
        "Interest Income Non Operating": 147000000.0,
        "Operating Income": 2062000000.0,
        "Operating Expense": 5240000000.0,
        "Selling General And Administration": 5240000000.0,
        "Gross Profit": 7302000000.0,
        "Cost Of Revenue": 51140000000.0,
        "Total Revenue": 58442000000.0,
        "Operating Revenue": NaN
    },
    "2024-05-31": {
        "Tax Effect Of Unusual Items": 5280000.0,
        "Tax Rate For Calcs": 0.264,
        "Normalized EBITDA": 2821000000.0,
        "Total Unusual Items": 20000000.0,
        "Total Unusual Items Excluding Goodwill": 20000000.0,
        "Net Income From Continuing Operation Net Minority Interest": 1681000000.0,
        "Reconciled Depreciation": 516000000.0,
        "Reconciled Cost Of Revenue": 51173000000.0,
        "EBITDA": 2841000000.0,
        "EBIT": 2325000000.0,
        "Net Interest Income": 67000000.0,
        "Interest Expense": 41000000.0,
        "Interest Income": 94000000.0,
        "Normalized Income": 1666280000.0,
        "Net Income From Continuing And Discontinued Operation": 1681000000.0,
        "Total Expenses": 56318000000.0,
        "Total Operating Income As Reported": 2197000000.0,
        "Diluted Average Shares": NaN,
        "Basic Average Shares": NaN,
        "Diluted EPS": NaN,
        "Basic EPS": NaN,
        "Diluted NI Availto Com Stockholders": 1681000000.0,
        "Net Income Common Stockholders": 1681000000.0,
        "Net Income": 1681000000.0,
        "Net Income Including Noncontrolling Interests": 1681000000.0,
        "Net Income Continuous Operations": 1681000000.0,
        "Tax Provision": 603000000.0,
        "Pretax Income": 2284000000.0,
        "Other Income Expense": 20000000.0,
        "Gain On Sale Of Security": 20000000.0,
        "Net Non Operating Interest Income Expense": 67000000.0,
        "Total Other Finance Cost": -14000000.0,
        "Interest Expense Non Operating": 41000000.0,
        "Interest Income Non Operating": 94000000.0,
        "Operating Income": 2197000000.0,
        "Operating Expense": 5145000000.0,
        "Selling General And Administration": 5145000000.0,
        "Gross Profit": 7342000000.0,
        "Cost Of Revenue": 51173000000.0,
        "Total Revenue": 58515000000.0,
        "Operating Revenue": 58515000000.0
    },
    "2024-08-31": {
        "Tax Effect Of Unusual Items": -6826855.123675,
        "Tax Rate For Calcs": 0.243816,
        "Normalized EBITDA": 3896000000.0,
        "Total Unusual Items": -28000000.0,
        "Total Unusual Items Excluding Goodwill": -28000000.0,
        "Net Income From Continuing Operation Net Minority Interest": 2354000000.0,
        "Reconciled Depreciation": 706000000.0,
        "Reconciled Cost Of Revenue": 69588000000.0,
        "EBITDA": 3868000000.0,
        "EBIT": 3162000000.0,
        "Net Interest Income": 99000000.0,
        "Interest Expense": 49000000.0,
        "Interest Income": 138000000.0,
        "Normalized Income": 2375173144.876325,
        "Net Income From Continuing And Discontinued Operation": 2354000000.0,
        "Total Expenses": 76655000000.0,
        "Total Operating Income As Reported": 3042000000.0,
        "Diluted Average Shares": 444977000.0,
        "Basic Average Shares": 444013000.0,
        "Diluted EPS": 5.29,
        "Basic EPS": 5.3,
        "Diluted NI Availto Com Stockholders": 2354000000.0,
        "Net Income Common Stockholders": 2354000000.0,
        "Net Income": 2354000000.0,
        "Net Income Including Noncontrolling Interests": 2354000000.0,
        "Net Income Continuous Operations": 2354000000.0,
        "Tax Provision": 759000000.0,
        "Pretax Income": 3113000000.0,
        "Other Income Expense": -28000000.0,
        "Gain On Sale Of Security": -28000000.0,
        "Net Non Operating Interest Income Expense": 99000000.0,
        "Total Other Finance Cost": -10000000.0,
        "Interest Expense Non Operating": 49000000.0,
        "Interest Income Non Operating": 138000000.0,
        "Operating Income": 3042000000.0,
        "Operating Expense": 7067000000.0,
        "Selling General And Administration": 7067000000.0,
        "Gross Profit": 10109000000.0,
        "Cost Of Revenue": 69588000000.0,
        "Total Revenue": 79697000000.0,
        "Operating Revenue": 79697000000.0
    },
    "2024-11-30": {
        "Tax Effect Of Unusual Items": 9460000.0,
        "Tax Rate For Calcs": 0.22,
        "Normalized EBITDA": 2848000000.0,
        "Total Unusual Items": 43000000.0,
        "Total Unusual Items Excluding Goodwill": 43000000.0,
        "Net Income From Continuing Operation Net Minority Interest": 1798000000.0,
        "Reconciled Depreciation": 548000000.0,
        "Reconciled Cost Of Revenue": 54109000000.0,
        "EBITDA": 2891000000.0,
        "EBIT": 2343000000.0,
        "Net Interest Income": 67000000.0,
        "Interest Expense": 37000000.0,
        "Interest Income": 96000000.0,
        "Normalized Income": 1764460000.0,
        "Net Income From Continuing And Discontinued Operation": 1798000000.0,
        "Total Expenses": 59955000000.0,
        "Total Operating Income As Reported": 2196000000.0,
        "Diluted Average Shares": 444891000.0,
        "Basic Average Shares": 443988000.0,
        "Diluted EPS": 4.04,
        "Basic EPS": 4.05,
        "Diluted NI Availto Com Stockholders": 1798000000.0,
        "Net Income Common Stockholders": 1798000000.0,
        "Net Income": 1798000000.0,
        "Net Income Including Noncontrolling Interests": 1798000000.0,
        "Net Income Continuous Operations": 1798000000.0,
        "Tax Provision": 508000000.0,
        "Pretax Income": 2306000000.0,
        "Other Income Expense": 43000000.0,
        "Gain On Sale Of Security": 43000000.0,
        "Net Non Operating Interest Income Expense": 67000000.0,
        "Total Other Finance Cost": -8000000.0,
        "Interest Expense Non Operating": 37000000.0,
        "Interest Income Non Operating": 96000000.0,
        "Operating Income": 2196000000.0,
        "Operating Expense": 5846000000.0,
        "Selling General And Administration": 5846000000.0,
        "Gross Profit": 8042000000.0,
        "Cost Of Revenue": 54109000000.0,
        "Total Revenue": 62151000000.0,
        "Operating Revenue": 62151000000.0
    },
    "2025-02-28": {
        "Tax Effect Of Unusual Items": 6026000.0,
        "Tax Rate For Calcs": 0.262,
        "Normalized EBITDA": 2987000000.0,
        "Total Unusual Items": 23000000.0,
        "Total Unusual Items Excluding Goodwill": 23000000.0,
        "Net Income From Continuing Operation Net Minority Interest": 1788000000.0,
        "Reconciled Depreciation": 552000000.0,
        "Reconciled Cost Of Revenue": 55744000000.0,
        "EBITDA": 3010000000.0,
        "EBIT": 2458000000.0,
        "Net Interest Income": 83000000.0,
        "Interest Expense": 36000000.0,
        "Interest Income": 109000000.0,
        "Normalized Income": 1771026000.0,
        "Net Income From Continuing And Discontinued Operation": 1788000000.0,
        "Total Expenses": 61407000000.0,
        "Total Operating Income As Reported": 2316000000.0,
        "Diluted Average Shares": 444886000.0,
        "Basic Average Shares": 443982000.0,
        "Diluted EPS": 4.02,
        "Basic EPS": 4.03,
        "Diluted NI Availto Com Stockholders": 1788000000.0,
        "Net Income Common Stockholders": 1788000000.0,
        "Net Income": 1788000000.0,
        "Net Income Including Noncontrolling Interests": 1788000000.0,
        "Net Income Continuous Operations": 1788000000.0,
        "Tax Provision": 634000000.0,
        "Pretax Income": 2422000000.0,
        "Other Income Expense": 23000000.0,
        "Gain On Sale Of Security": 23000000.0,
        "Net Non Operating Interest Income Expense": 83000000.0,
        "Total Other Finance Cost": -10000000.0,
        "Interest Expense Non Operating": 36000000.0,
        "Interest Income Non Operating": 109000000.0,
        "Operating Income": 2316000000.0,
        "Operating Expense": 5663000000.0,
        "Selling General And Administration": 5663000000.0,
        "Gross Profit": 7979000000.0,
        "Cost Of Revenue": 55744000000.0,
        "Total Revenue": 63723000000.0,
        "Operating Revenue": 63723000000.0
    },
    "2025-05-31": {
        "Tax Effect Of Unusual Items": -4454000.0,
        "Tax Rate For Calcs": 0.262,
        "Normalized EBITDA": 3184000000.0,
        "Total Unusual Items": -17000000.0,
        "Total Unusual Items Excluding Goodwill": -17000000.0,
        "Net Income From Continuing Operation Net Minority Interest": 1903000000.0,
        "Reconciled Depreciation": 552000000.0,
        "Reconciled Cost Of Revenue": 54996000000.0,
        "EBITDA": 3167000000.0,
        "EBIT": 2615000000.0,
        "Net Interest Income": 67000000.0,
        "Interest Expense": 35000000.0,
        "Interest Income": 95000000.0,
        "Normalized Income": 1915546000.0,
        "Net Income From Continuing And Discontinued Operation": 1903000000.0,
        "Total Expenses": 60675000000.0,
        "Total Operating Income As Reported": 2530000000.0,
        "Diluted Average Shares": 444762000.0,
        "Basic Average Shares": 443958000.0,
        "Diluted EPS": 4.28,
        "Basic EPS": 4.29,
        "Diluted NI Availto Com Stockholders": 1903000000.0,
        "Net Income Common Stockholders": 1903000000.0,
        "Net Income": 1903000000.0,
        "Net Income Including Noncontrolling Interests": 1903000000.0,
        "Net Income Continuous Operations": 1903000000.0,
        "Tax Provision": 677000000.0,
        "Pretax Income": 2580000000.0,
        "Other Income Expense": -17000000.0,
        "Gain On Sale Of Security": -17000000.0,
        "Net Non Operating Interest Income Expense": 67000000.0,
        "Total Other Finance Cost": -7000000.0,
        "Interest Expense Non Operating": 35000000.0,
        "Interest Income Non Operating": 95000000.0,
        "Operating Income": 2530000000.0,
        "Operating Expense": 5679000000.0,
        "Selling General And Administration": 5679000000.0,
        "Gross Profit": 8209000000.0,
        "Cost Of Revenue": 54996000000.0,
        "Total Revenue": 63205000000.0,
        "Operating Revenue": 63205000000.0
    },
    "2025-08-31": {
        "Tax Effect Of Unusual Items": NaN,
        "Tax Rate For Calcs": NaN,
        "Normalized EBITDA": NaN,
        "Total Unusual Items": NaN,
        "Total Unusual Items Excluding Goodwill": NaN,
        "Net Income From Continuing Operation Net Minority Interest": NaN,
        "Reconciled Depreciation": NaN,
        "Reconciled Cost Of Revenue": NaN,
        "EBITDA": NaN,
        "EBIT": NaN,
        "Net Interest Income": NaN,
        "Interest Expense": NaN,
        "Interest Income": NaN,
        "Normalized Income": NaN,
        "Net Income From Continuing And Discontinued Operation": NaN,
        "Total Expenses": NaN,
        "Total Operating Income As Reported": NaN,
        "Diluted Average Shares": 444706000.0,
        "Basic Average Shares": 444007000.0,
        "Diluted EPS": 5.87,
        "Basic EPS": 5.88,
        "Diluted NI Availto Com Stockholders": NaN,
        "Net Income Common Stockholders": NaN,
        "Net Income": NaN,
        "Net Income Including Noncontrolling Interests": NaN,
        "Net Income Continuous Operations": NaN,
        "Tax Provision": NaN,
        "Pretax Income": NaN,
        "Other Income Expense": NaN,
        "Gain On Sale Of Security": NaN,
        "Net Non Operating Interest Income Expense": NaN,
        "Total Other Finance Cost": NaN,
        "Interest Expense Non Operating": NaN,
        "Interest Income Non Operating": NaN,
        "Operating Income": NaN,
        "Operating Expense": NaN,
        "Selling General And Administration": NaN,
        "Gross Profit": NaN,
        "Cost Of Revenue": NaN,
        "Total Revenue": NaN,
        "Operating Revenue": NaN
    }
}