{
    "2023-03-31": {
        "Tax Effect Of Unusual Items": NaN,
        "Tax Rate For Calcs": NaN,
        "Normalized EBITDA": NaN,
        "Total Unusual Items": NaN,
        "Total Unusual Items Excluding Goodwill": NaN,
        "Net Income From Continuing Operation Net Minority Interest": NaN,
        "Reconciled Depreciation": NaN,
        "Reconciled Cost Of Revenue": NaN,
        "EBITDA": NaN,
        "EBIT": NaN,
        "Net Interest Income": NaN,
        "Interest Expense": NaN,
        "Interest Income": NaN,
        "Normalized Income": NaN,
        "Net Income From Continuing And Discontinued Operation": NaN,
        "Total Expenses": NaN,
        "Total Operating Income As Reported": NaN,
        "Diluted Average Shares": NaN,
        "Basic Average Shares": NaN,
        "Diluted EPS": NaN,
        "Basic EPS": NaN,
        "Diluted NI Availto Com Stockholders": NaN,
        "Net Income Common Stockholders": NaN,
        "Preferred Stock Dividends": NaN,
        "Net Income": NaN,
        "Minority Interests": NaN,
        "Net Income Including Noncontrolling Interests": NaN,
        "Net Income Discontinuous Operations": 0.0,
        "Net Income Continuous Operations": NaN,
        "Tax Provision": NaN,
        "Pretax Income": NaN,
        "Other Income Expense": NaN,
        "Other Non Operating Income Expenses": NaN,
        "Special Income Charges": NaN,
        "Restructuring And Mergern Acquisition": NaN,
        "Gain On Sale Of Security": NaN,
        "Net Non Operating Interest Income Expense": NaN,
        "Interest Expense Non Operating": NaN,
        "Interest Income Non Operating": NaN,
        "Operating Income": NaN,
        "Operating Expense": NaN,
        "Depreciation Amortization Depletion Income Statement": NaN,
        "Depreciation And Amortization In Income Statement": NaN,
        "Amortization": NaN,
        "Amortization Of Intangibles Income Statement": NaN,
        "Selling General And Administration": NaN,
        "Gross Profit": NaN,
        "Cost Of Revenue": NaN,
        "Total Revenue": NaN,
        "Operating Revenue": NaN
    },
    "2022-12-31": {
        "Tax Effect Of Unusual Items": NaN,
        "Tax Rate For Calcs": NaN,
        "Normalized EBITDA": NaN,
        "Total Unusual Items": NaN,
        "Total Unusual Items Excluding Goodwill": NaN,
        "Net Income From Continuing Operation Net Minority Interest": NaN,
        "Reconciled Depreciation": NaN,
        "Reconciled Cost Of Revenue": NaN,
        "EBITDA": NaN,
        "EBIT": NaN,
        "Net Interest Income": NaN,
        "Interest Expense": NaN,
        "Interest Income": NaN,
        "Normalized Income": NaN,
        "Net Income From Continuing And Discontinued Operation": NaN,
        "Total Expenses": NaN,
        "Total Operating Income As Reported": NaN,
        "Diluted Average Shares": NaN,
        "Basic Average Shares": NaN,
        "Diluted EPS": NaN,
        "Basic EPS": NaN,
        "Diluted NI Availto Com Stockholders": NaN,
        "Net Income Common Stockholders": NaN,
        "Preferred Stock Dividends": NaN,
        "Net Income": NaN,
        "Minority Interests": NaN,
        "Net Income Including Noncontrolling Interests": NaN,
        "Net Income Discontinuous Operations": 0.0,
        "Net Income Continuous Operations": NaN,
        "Tax Provision": NaN,
        "Pretax Income": NaN,
        "Other Income Expense": NaN,
        "Other Non Operating Income Expenses": NaN,
        "Special Income Charges": NaN,
        "Restructuring And Mergern Acquisition": NaN,
        "Gain On Sale Of Security": NaN,
        "Net Non Operating Interest Income Expense": NaN,
        "Interest Expense Non Operating": NaN,
        "Interest Income Non Operating": NaN,
        "Operating Income": NaN,
        "Operating Expense": NaN,
        "Depreciation Amortization Depletion Income Statement": NaN,
        "Depreciation And Amortization In Income Statement": NaN,
        "Amortization": NaN,
        "Amortization Of Intangibles Income Statement": NaN,
        "Selling General And Administration": NaN,
        "Gross Profit": NaN,
        "Cost Of Revenue": NaN,
        "Total Revenue": NaN,
        "Operating Revenue": NaN
    },
    "2022-09-30": {
        "Tax Effect Of Unusual Items": 409200.0,
        "Tax Rate For Calcs": 0.341,
        "Normalized EBITDA": 375500000.0,
        "Total Unusual Items": 1200000.0,
        "Total Unusual Items Excluding Goodwill": 1200000.0,
        "Net Income From Continuing Operation Net Minority Interest": 128600000.0,
        "Reconciled Depreciation": 106600000.0,
        "Reconciled Cost Of Revenue": 442000000.0,
        "EBITDA": 376700000.0,
        "EBIT": 270100000.0,
        "Net Interest Income": -65900000.0,
        "Interest Expense": 65900000.0,
        "Interest Income": 3600000.0,
        "Normalized Income": 127809200.0,
        "Net Income From Continuing And Discontinued Operation": 128600000.0,
        "Total Expenses": 1219300000.0,
        "Total Operating Income As Reported": 171900000.0,
        "Diluted Average Shares": 882200000.0,
        "Basic Average Shares": 842000000.0,
        "Diluted EPS": 0.15,
        "Basic EPS": 0.15,
        "Diluted NI Availto Com Stockholders": 125300000.0,
        "Net Income Common Stockholders": 125300000.0,
        "Preferred Stock Dividends": 3300000.0,
        "Net Income": 128600000.0,
        "Minority Interests": -5900000.0,
        "Net Income Including Noncontrolling Interests": 134500000.0,
        "Net Income Discontinuous Operations": NaN,
        "Net Income Continuous Operations": 134500000.0,
        "Tax Provision": 69700000.0,
        "Pretax Income": 204200000.0,
        "Other Income Expense": 99400000.0,
        "Other Non Operating Income Expenses": 98200000.0,
        "Special Income Charges": 1200000.0,
        "Impairment Of Capital Assets": NaN,
        "Restructuring And Mergern Acquisition": -1200000.0,
        "Gain On Sale Of Security": -11900000.0,
        "Net Non Operating Interest Income Expense": -65900000.0,
        "Interest Expense Non Operating": 65900000.0,
        "Interest Income Non Operating": 3600000.0,
        "Operating Income": 170700000.0,
        "Operating Expense": 718000000.0,
        "Depreciation Amortization Depletion Income Statement": 47300000.0,
        "Depreciation And Amortization In Income Statement": 47300000.0,
        "Amortization": 47300000.0,
        "Amortization Of Intangibles Income Statement": 47300000.0,
        "Selling General And Administration": 670700000.0,
        "Gross Profit": 888700000.0,
        "Cost Of Revenue": 501300000.0,
        "Total Revenue": 1390000000.0,
        "Operating Revenue": 1390000000.0
    },
    "2022-06-30": {
        "Tax Effect Of Unusual Items": -5019000.0,
        "Tax Rate For Calcs": 0.21,
        "Normalized EBITDA": -89600000.0,
        "Total Unusual Items": -23900000.0,
        "Total Unusual Items Excluding Goodwill": -23900000.0,
        "Net Income From Continuing Operation Net Minority Interest": -282700000.0,
        "Reconciled Depreciation": 126900000.0,
        "Reconciled Cost Of Revenue": 368100000.0,
        "EBITDA": -113500000.0,
        "EBIT": -240400000.0,
        "Net Interest Income": -40400000.0,
        "Interest Expense": 40400000.0,
        "Interest Income": 4400000.0,
        "Normalized Income": -263819000.0,
        "Net Income From Continuing And Discontinued Operation": -281500000.0,
        "Total Expenses": 1221800000.0,
        "Total Operating Income As Reported": -77400000.0,
        "Diluted Average Shares": 853900000.0,
        "Basic Average Shares": 838000000.0,
        "Diluted EPS": -0.34,
        "Basic EPS": -0.34,
        "Diluted NI Availto Com Stockholders": -284800000.0,
        "Net Income Common Stockholders": -284800000.0,
        "Preferred Stock Dividends": 3300000.0,
        "Net Income": -281500000.0,
        "Minority Interests": -1600000.0,
        "Net Income Including Noncontrolling Interests": -279900000.0,
        "Net Income Discontinuous Operations": 1200000.0,
        "Net Income Continuous Operations": -281100000.0,
        "Tax Provision": 300000.0,
        "Pretax Income": -280800000.0,
        "Other Income Expense": -186900000.0,
        "Other Non Operating Income Expenses": -163000000.0,
        "Special Income Charges": -23900000.0,
        "Impairment Of Capital Assets": 31400000.0,
        "Restructuring And Mergern Acquisition": -7500000.0,
        "Gain On Sale Of Security": 11000000.0,
        "Net Non Operating Interest Income Expense": -40400000.0,
        "Interest Expense Non Operating": 40400000.0,
        "Interest Income Non Operating": 4400000.0,
        "Operating Income": -53500000.0,
        "Operating Expense": 775600000.0,
        "Depreciation Amortization Depletion Income Statement": 48800000.0,
        "Depreciation And Amortization In Income Statement": 48800000.0,
        "Amortization": 48800000.0,
        "Amortization Of Intangibles Income Statement": 48800000.0,
        "Selling General And Administration": 726800000.0,
        "Gross Profit": 722100000.0,
        "Cost Of Revenue": 446200000.0,
        "Total Revenue": 1168300000.0,
        "Operating Revenue": 1168300000.0
    },
    "2022-03-31": {
        "Diluted EPS": 0.06,
        "Total Revenue": NaN,
        "Gross Profit": 763,
        "Operating Income": 57,
        "EBIT": 179,
        "Net Income": 50
    },
    "2021-12-31": {
        "Diluted EPS": 0.23,
        "Total Revenue": NaN,
        "Gross Profit": NaN,
        "Operating Income": 244,
        "EBIT": 374,
        "Net Income": 193
    },
    "2021-09-30": {
        "Diluted EPS": 0.13,
        "Total Revenue": NaN,
        "Gross Profit": 867,
        "Operating Income": 17,
        "EBIT": 155,
        "Net Income": 103
    },
    "2021-06-30": {
        "Diluted EPS": -0.26,
        "Total Revenue": NaN,
        "Gross Profit": 641,
        "Operating Income": 2,
        "EBIT": 151,
        "Net Income": -210
    },
    "2021-03-31": {
        "Diluted EPS": -0.02,
        "Total Revenue": NaN,
        "Gross Profit": 636,
        "Operating Income": -1,
        "EBIT": 145,
        "Net Income": -19
    },
    "2020-12-31": {
        "Diluted EPS": -0.36,
        "Total Revenue": NaN,
        "Gross Profit": 832,
        "Operating Income": 17,
        "EBIT": 161,
        "Net Income": -275
    },
    "2020-09-30": {
        "Diluted EPS": 0.24,
        "Total Revenue": NaN,
        "Gross Profit": 659,
        "Operating Income": -66,
        "EBIT": 80,
        "Net Income": 201
    },
    "2020-06-30": {
        "Diluted EPS": -1.01,
        "Total Revenue": 560,
        "Gross Profit": 224,
        "Operating Income": -921,
        "EBIT": -752,
        "Net Income": -696
    },
    "2020-03-31": {
        "Diluted EPS": -0.36,
        "Total Revenue": NaN,
        "Gross Profit": 602,
        "Operating Income": -300,
        "EBIT": -109,
        "Net Income": -272
    },
    "2019-12-31": {
        "Diluted EPS": -0.03,
        "Total Revenue": NaN,
        "Gross Profit": NaN,
        "Operating Income": -81,
        "EBIT": 98,
        "Net Income": -21
    },
    "2019-09-30": {
        "Diluted EPS": 0.07,
        "Total Revenue": NaN,
        "Gross Profit": 849,
        "Operating Income": 64,
        "EBIT": 243,
        "Net Income": 52
    },
    "2019-06-30": {
        "Diluted EPS": -3.72,
        "Total Revenue": NaN,
        "Gross Profit": 918,
        "Operating Income": NaN,
        "EBIT": NaN,
        "Net Income": NaN
    },
    "2019-03-31": {
        "Diluted EPS": -0.02,
        "Total Revenue": NaN,
        "Gross Profit": NaN,
        "Operating Income": 86,
        "EBIT": 268,
        "Net Income": -12
    },
    "2018-12-31": {
        "Diluted EPS": -1.28,
        "Total Revenue": NaN,
        "Gross Profit": NaN,
        "Operating Income": -805,
        "EBIT": -623,
        "Net Income": -961
    },
    "2018-09-30": {
        "Diluted EPS": -0.02,
        "Total Revenue": NaN,
        "Gross Profit": NaN,
        "Operating Income": -21,
        "EBIT": 165,
        "Net Income": -12
    },
    "2018-06-30": {
        "Diluted EPS": -0.25,
        "Total Revenue": -257,
        "Gross Profit": -264,
        "Operating Income": -381,
        "EBIT": -187,
        "Net Income": -181
    },
    "2018-03-31": {
        "Diluted EPS": -0.1,
        "Total Revenue": NaN,
        "Gross Profit": NaN,
        "Operating Income": 21,
        "EBIT": 214,
        "Net Income": -77
    },
    "2017-12-31": {
        "Diluted EPS": 0.15,
        "Total Revenue": NaN,
        "Gross Profit": NaN,
        "Operating Income": 175,
        "EBIT": 357,
        "Net Income": 109
    },
    "2017-09-30": {
        "Diluted EPS": -0.03,
        "Total Revenue": NaN,
        "Gross Profit": NaN,
        "Operating Income": 30,
        "EBIT": 198,
        "Net Income": -20
    },
    "2017-06-30": {
        "Diluted EPS": -0.5,
        "Total Revenue": NaN,
        "Gross Profit": NaN,
        "Operating Income": -262,
        "EBIT": -122,
        "Net Income": -305
    },
    "2017-03-31": {
        "Diluted EPS": -0.22,
        "Total Revenue": NaN,
        "Gross Profit": NaN,
        "Operating Income": -193,
        "EBIT": -8,
        "Net Income": -164
    },
    "2016-12-31": {
        "Diluted EPS": 0.06,
        "Total Revenue": NaN,
        "Gross Profit": NaN,
        "Operating Income": -13,
        "EBIT": 158,
        "Net Income": 47
    },
    "2016-09-30": {
        "Diluted EPS": 0.0,
        "Total Revenue": NaN,
        "Gross Profit": 635,
        "Operating Income": 46,
        "EBIT": 106,
        "Net Income": NaN
    },
    "2016-06-30": {
        "Diluted EPS": -0.07,
        "Total Revenue": NaN,
        "Gross Profit": 610,
        "Operating Income": -3,
        "EBIT": 58,
        "Net Income": -31
    },
    "2016-03-31": {
        "Diluted EPS": -0.08,
        "Total Revenue": 951,
        "Gross Profit": 582,
        "Operating Income": 23,
        "EBIT": 81,
        "Net Income": -27
    },
    "2015-12-31": {
        "Diluted EPS": 0.25,
        "Total Revenue": NaN,
        "Gross Profit": 743,
        "Operating Income": 152,
        "EBIT": 208,
        "Net Income": 89
    },
    "2015-09-30": {
        "Diluted EPS": 0.34,
        "Total Revenue": NaN,
        "Gross Profit": 669,
        "Operating Income": 82,
        "EBIT": 139,
        "Net Income": 126
    },
    "2015-06-30": {
        "Diluted EPS": 0.05,
        "Total Revenue": NaN,
        "Gross Profit": 605,
        "Operating Income": -23,
        "EBIT": 35,
        "Net Income": 21
    },
    "2015-03-31": {
        "Diluted EPS": 0.21,
        "Total Revenue": 934,
        "Gross Profit": 582,
        "Operating Income": 115,
        "EBIT": 171,
        "Net Income": 76
    },
    "2014-12-31": {
        "Diluted EPS": 0.35,
        "Total Revenue": NaN,
        "Gross Profit": 751,
        "Operating Income": 184,
        "EBIT": 242,
        "Net Income": 125
    },
    "2014-09-30": {
        "Diluted EPS": 0.03,
        "Total Revenue": NaN,
        "Gross Profit": 700,
        "Operating Income": 120,
        "EBIT": 179,
        "Net Income": 11
    },
    "2014-06-30": {
        "Diluted EPS": -0.05,
        "Total Revenue": NaN,
        "Gross Profit": 593,
        "Operating Income": -11,
        "EBIT": 51,
        "Net Income": -20
    },
    "2014-03-31": {
        "Diluted EPS": -0.66,
        "Total Revenue": NaN,
        "Gross Profit": 613,
        "Operating Income": -272,
        "EBIT": -210,
        "Net Income": -253
    },
    "2013-12-31": {
        "Diluted EPS": 0.21,
        "Total Revenue": NaN,
        "Gross Profit": 774,
        "Operating Income": 144,
        "EBIT": 205,
        "Net Income": 83
    },
    "2013-09-30": {
        "Diluted EPS": 0.24,
        "Total Revenue": NaN,
        "Gross Profit": 706,
        "Operating Income": 166,
        "EBIT": 230,
        "Net Income": 94
    },
    "2013-06-30": {
        "Diluted EPS": -0.16,
        "Total Revenue": NaN,
        "Gross Profit": 620,
        "Operating Income": -24,
        "EBIT": 45,
        "Net Income": -62
    },
    "2013-03-31": {
        "Diluted EPS": 0.05,
        "Total Revenue": 998,
        "Gross Profit": 615,
        "Operating Income": 30,
        "EBIT": 96,
        "Net Income": 20
    },
    "2012-12-31": {
        "Diluted EPS": 0.31,
        "Total Revenue": NaN,
        "Gross Profit": 817,
        "Operating Income": 222,
        "EBIT": 286,
        "Net Income": 123
    },
    "2012-09-30": {
        "Diluted EPS": 0.22,
        "Total Revenue": NaN,
        "Gross Profit": 737,
        "Operating Income": 166,
        "EBIT": 227,
        "Net Income": 87
    },
    "2012-06-30": {
        "Diluted EPS": 0.0,
        "Total Revenue": NaN,
        "Gross Profit": NaN,
        "Operating Income": NaN,
        "EBIT": NaN,
        "Net Income": NaN
    },
    "2012-03-31": {
        "Diluted EPS": 0.0,
        "Total Revenue": NaN,
        "Gross Profit": NaN,
        "Operating Income": NaN,
        "EBIT": NaN,
        "Net Income": NaN
    },
    "2011-06-30": {
        "Diluted EPS": 0.0,
        "Total Revenue": NaN,
        "Gross Profit": NaN,
        "Operating Income": NaN,
        "EBIT": NaN,
        "Net Income": NaN
    },
    "2010-06-30": {
        "Diluted EPS": 0.0,
        "Total Revenue": NaN,
        "Gross Profit": NaN,
        "Operating Income": NaN,
        "EBIT": NaN,
        "Net Income": NaN
    },
    "2023-06-30": {
        "Tax Effect Of Unusual Items": NaN,
        "Tax Rate For Calcs": NaN,
        "Normalized EBITDA": NaN,
        "Total Unusual Items": NaN,
        "Total Unusual Items Excluding Goodwill": NaN,
        "Net Income From Continuing Operation Net Minority Interest": NaN,
        "Reconciled Depreciation": NaN,
        "Reconciled Cost Of Revenue": NaN,
        "EBITDA": NaN,
        "EBIT": NaN,
        "Net Interest Income": NaN,
        "Interest Expense": NaN,
        "Interest Income": NaN,
        "Normalized Income": NaN,
        "Net Income From Continuing And Discontinued Operation": NaN,
        "Total Expenses": NaN,
        "Total Operating Income As Reported": NaN,
        "Diluted Average Shares": NaN,
        "Basic Average Shares": NaN,
        "Diluted EPS": NaN,
        "Basic EPS": NaN,
        "Diluted NI Availto Com Stockholders": NaN,
        "Net Income Common Stockholders": NaN,
        "Preferred Stock Dividends": NaN,
        "Net Income": NaN,
        "Minority Interests": NaN,
        "Net Income Including Noncontrolling Interests": NaN,
        "Net Income Discontinuous Operations": 0.0,
        "Net Income Continuous Operations": NaN,
        "Tax Provision": NaN,
        "Pretax Income": NaN,
        "Other Income Expense": NaN,
        "Other Non Operating Income Expenses": NaN,
        "Special Income Charges": NaN,
        "Restructuring And Mergern Acquisition": NaN,
        "Gain On Sale Of Security": NaN,
        "Net Non Operating Interest Income Expense": NaN,
        "Interest Expense Non Operating": NaN,
        "Interest Income Non Operating": NaN,
        "Operating Income": NaN,
        "Operating Expense": NaN,
        "Depreciation Amortization Depletion Income Statement": NaN,
        "Depreciation And Amortization In Income Statement": NaN,
        "Amortization": NaN,
        "Amortization Of Intangibles Income Statement": NaN,
        "Selling General And Administration": NaN,
        "Gross Profit": NaN,
        "Cost Of Revenue": NaN,
        "Total Revenue": NaN,
        "Operating Revenue": NaN
    },
    "2023-09-30": {
        "Tax Effect Of Unusual Items": NaN,
        "Tax Rate For Calcs": NaN,
        "Normalized EBITDA": NaN,
        "Total Unusual Items": NaN,
        "Total Unusual Items Excluding Goodwill": NaN,
        "Net Income From Continuing Operation Net Minority Interest": NaN,
        "Reconciled Depreciation": NaN,
        "Reconciled Cost Of Revenue": NaN,
        "EBITDA": NaN,
        "EBIT": NaN,
        "Net Interest Income": NaN,
        "Interest Expense": NaN,
        "Interest Income": NaN,
        "Normalized Income": NaN,
        "Net Income From Continuing And Discontinued Operation": NaN,
        "Total Expenses": NaN,
        "Total Operating Income As Reported": NaN,
        "Diluted Average Shares": 854300000.0,
        "Basic Average Shares": 854300000.0,
        "Diluted EPS": -0.00199,
        "Basic EPS": -0.00199,
        "Diluted NI Availto Com Stockholders": NaN,
        "Net Income Common Stockholders": NaN,
        "Preferred Stock Dividends": NaN,
        "Net Income": NaN,
        "Minority Interests": NaN,
        "Net Income Including Noncontrolling Interests": NaN,
        "Net Income Continuous Operations": NaN,
        "Tax Provision": NaN,
        "Pretax Income": NaN,
        "Other Income Expense": NaN,
        "Other Non Operating Income Expenses": NaN,
        "Special Income Charges": NaN,
        "Restructuring And Mergern Acquisition": NaN,
        "Gain On Sale Of Security": NaN,
        "Net Non Operating Interest Income Expense": NaN,
        "Interest Expense Non Operating": NaN,
        "Interest Income Non Operating": NaN,
        "Operating Income": NaN,
        "Operating Expense": NaN,
        "Depreciation Amortization Depletion Income Statement": NaN,
        "Depreciation And Amortization In Income Statement": NaN,
        "Amortization": NaN,
        "Amortization Of Intangibles Income Statement": NaN,
        "Selling General And Administration": NaN,
        "Gross Profit": NaN,
        "Cost Of Revenue": NaN,
        "Total Revenue": NaN,
        "Operating Revenue": NaN
    },
    "2023-12-31": {
        "Tax Effect Of Unusual Items": NaN,
        "Tax Rate For Calcs": NaN,
        "Normalized EBITDA": NaN,
        "Total Unusual Items": NaN,
        "Total Unusual Items Excluding Goodwill": NaN,
        "Net Income From Continuing Operation Net Minority Interest": NaN,
        "Reconciled Depreciation": NaN,
        "Reconciled Cost Of Revenue": NaN,
        "EBITDA": NaN,
        "EBIT": NaN,
        "Net Interest Income": NaN,
        "Interest Expense": NaN,
        "Interest Income": NaN,
        "Normalized Income": NaN,
        "Net Income From Continuing And Discontinued Operation": NaN,
        "Total Expenses": NaN,
        "Total Operating Income As Reported": NaN,
        "Diluted Average Shares": 922800000.0,
        "Basic Average Shares": 892800000.0,
        "Diluted EPS": 0.2,
        "Basic EPS": 0.2,
        "Diluted NI Availto Com Stockholders": NaN,
        "Net Income Common Stockholders": NaN,
        "Preferred Stock Dividends": NaN,
        "Net Income": NaN,
        "Minority Interests": NaN,
        "Net Income Including Noncontrolling Interests": NaN,
        "Net Income Continuous Operations": NaN,
        "Tax Provision": NaN,
        "Pretax Income": NaN,
        "Other Income Expense": NaN,
        "Other Non Operating Income Expenses": NaN,
        "Special Income Charges": NaN,
        "Impairment Of Capital Assets": NaN,
        "Restructuring And Mergern Acquisition": NaN,
        "Gain On Sale Of Security": NaN,
        "Net Non Operating Interest Income Expense": NaN,
        "Interest Expense Non Operating": NaN,
        "Interest Income Non Operating": NaN,
        "Operating Income": NaN,
        "Operating Expense": NaN,
        "Depreciation Amortization Depletion Income Statement": NaN,
        "Depreciation And Amortization In Income Statement": NaN,
        "Amortization": NaN,
        "Amortization Of Intangibles Income Statement": NaN,
        "Selling General And Administration": NaN,
        "Gross Profit": NaN,
        "Cost Of Revenue": NaN,
        "Total Revenue": NaN,
        "Operating Revenue": NaN
    },
    "2024-03-31": {
        "Tax Effect Of Unusual Items": NaN,
        "Tax Rate For Calcs": NaN,
        "Normalized EBITDA": NaN,
        "Total Unusual Items": NaN,
        "Total Unusual Items Excluding Goodwill": NaN,
        "Net Income From Continuing Operation Net Minority Interest": NaN,
        "Reconciled Depreciation": NaN,
        "Reconciled Cost Of Revenue": NaN,
        "EBITDA": NaN,
        "EBIT": NaN,
        "Net Interest Income": NaN,
        "Interest Expense": NaN,
        "Interest Income": NaN,
        "Normalized Income": NaN,
        "Net Income From Continuing And Discontinued Operation": NaN,
        "Total Expenses": NaN,
        "Total Operating Income As Reported": NaN,
        "Diluted Average Shares": NaN,
        "Basic Average Shares": NaN,
        "Diluted EPS": NaN,
        "Basic EPS": NaN,
        "Diluted NI Availto Com Stockholders": NaN,
        "Net Income Common Stockholders": NaN,
        "Preferred Stock Dividends": NaN,
        "Net Income": NaN,
        "Minority Interests": NaN,
        "Net Income Including Noncontrolling Interests": NaN,
        "Net Income Continuous Operations": NaN,
        "Tax Provision": NaN,
        "Pretax Income": NaN,
        "Other Income Expense": NaN,
        "Other Non Operating Income Expenses": NaN,
        "Special Income Charges": NaN,
        "Impairment Of Capital Assets": 0.0,
        "Restructuring And Mergern Acquisition": NaN,
        "Gain On Sale Of Security": NaN,
        "Net Non Operating Interest Income Expense": NaN,
        "Interest Expense Non Operating": NaN,
        "Interest Income Non Operating": NaN,
        "Operating Income": NaN,
        "Operating Expense": NaN,
        "Depreciation Amortization Depletion Income Statement": NaN,
        "Depreciation And Amortization In Income Statement": NaN,
        "Amortization": NaN,
        "Amortization Of Intangibles Income Statement": NaN,
        "Selling General And Administration": NaN,
        "Gross Profit": NaN,
        "Cost Of Revenue": NaN,
        "Total Revenue": NaN,
        "Operating Revenue": NaN
    },
    "2024-06-30": {
        "Tax Effect Of Unusual Items": -340595.903166,
        "Tax Rate For Calcs": 0.10987,
        "Normalized EBITDA": 64500000.0,
        "Total Unusual Items": -3100000.0,
        "Total Unusual Items Excluding Goodwill": -3100000.0,
        "Net Income From Continuing Operation Net Minority Interest": -96900000.0,
        "Reconciled Depreciation": 104500000.0,
        "Reconciled Cost Of Revenue": 431500000.0,
        "EBITDA": 61400000.0,
        "EBIT": -43100000.0,
        "Net Interest Income": -60300000.0,
        "Interest Expense": 64300000.0,
        "Interest Income": 4000000.0,
        "Normalized Income": -94140595.903166,
        "Net Income From Continuing And Discontinued Operation": -96900000.0,
        "Total Expenses": 1327000000.0,
        "Total Operating Income As Reported": 34700000.0,
        "Diluted Average Shares": NaN,
        "Basic Average Shares": NaN,
        "Diluted EPS": NaN,
        "Basic EPS": NaN,
        "Diluted NI Availto Com Stockholders": -100200000.0,
        "Net Income Common Stockholders": -100200000.0,
        "Preferred Stock Dividends": 3300000.0,
        "Net Income": -96900000.0,
        "Minority Interests": -1300000.0,
        "Net Income Including Noncontrolling Interests": -95600000.0,
        "Net Income Continuous Operations": -95600000.0,
        "Tax Provision": -11800000.0,
        "Pretax Income": -107400000.0,
        "Other Income Expense": -83500000.0,
        "Other Non Operating Income Expenses": -80400000.0,
        "Special Income Charges": -1700000.0,
        "Impairment Of Capital Assets": NaN,
        "Restructuring And Mergern Acquisition": 1700000.0,
        "Gain On Sale Of Security": -1400000.0,
        "Net Non Operating Interest Income Expense": -60300000.0,
        "Interest Expense Non Operating": 64300000.0,
        "Interest Income Non Operating": 4000000.0,
        "Operating Income": 36400000.0,
        "Operating Expense": 839000000.0,
        "Depreciation Amortization Depletion Income Statement": 48000000.0,
        "Depreciation And Amortization In Income Statement": 48000000.0,
        "Amortization": 48000000.0,
        "Amortization Of Intangibles Income Statement": 48000000.0,
        "Selling General And Administration": 791000000.0,
        "Gross Profit": 875400000.0,
        "Cost Of Revenue": 488000000.0,
        "Total Revenue": 1363400000.0,
        "Operating Revenue": 1363400000.0
    },
    "2024-09-30": {
        "Tax Effect Of Unusual Items": -1711800.0,
        "Tax Rate For Calcs": 0.317,
        "Normalized EBITDA": 303100000.0,
        "Total Unusual Items": -5400000.0,
        "Total Unusual Items Excluding Goodwill": -5400000.0,
        "Net Income From Continuing Operation Net Minority Interest": 82900000.0,
        "Reconciled Depreciation": 104600000.0,
        "Reconciled Cost Of Revenue": 520400000.0,
        "EBITDA": 297700000.0,
        "EBIT": 193100000.0,
        "Net Interest Income": -57100000.0,
        "Interest Expense": 60400000.0,
        "Interest Income": 3300000.0,
        "Normalized Income": 86588200.0,
        "Net Income From Continuing And Discontinued Operation": 82900000.0,
        "Total Expenses": 1433000000.0,
        "Total Operating Income As Reported": 237800000.0,
        "Diluted Average Shares": 875300000.0,
        "Basic Average Shares": 867900000.0,
        "Diluted EPS": 0.09,
        "Basic EPS": 0.09,
        "Diluted NI Availto Com Stockholders": 79600000.0,
        "Net Income Common Stockholders": 79600000.0,
        "Preferred Stock Dividends": 3300000.0,
        "Net Income": 82900000.0,
        "Minority Interests": -7800000.0,
        "Net Income Including Noncontrolling Interests": 90700000.0,
        "Net Income Continuous Operations": 90700000.0,
        "Tax Provision": 42000000.0,
        "Pretax Income": 132700000.0,
        "Other Income Expense": -48700000.0,
        "Other Non Operating Income Expenses": -43300000.0,
        "Special Income Charges": -700000.0,
        "Impairment Of Capital Assets": NaN,
        "Restructuring And Mergern Acquisition": 700000.0,
        "Gain On Sale Of Security": -4700000.0,
        "Net Non Operating Interest Income Expense": -57100000.0,
        "Interest Expense Non Operating": 60400000.0,
        "Interest Income Non Operating": 3300000.0,
        "Operating Income": 238500000.0,
        "Operating Expense": 856100000.0,
        "Depreciation Amortization Depletion Income Statement": 48100000.0,
        "Depreciation And Amortization In Income Statement": 48100000.0,
        "Amortization": 48100000.0,
        "Amortization Of Intangibles Income Statement": 48100000.0,
        "Selling General And Administration": 808000000.0,
        "Gross Profit": 1094600000.0,
        "Cost Of Revenue": 576900000.0,
        "Total Revenue": 1671500000.0,
        "Operating Revenue": 1671500000.0
    },
    "2024-12-31": {
        "Tax Effect Of Unusual Items": -588000.0,
        "Tax Rate For Calcs": 0.21,
        "Normalized EBITDA": 221700000.0,
        "Total Unusual Items": -2800000.0,
        "Total Unusual Items Excluding Goodwill": -2800000.0,
        "Net Income From Continuing Operation Net Minority Interest": 23700000.0,
        "Reconciled Depreciation": 105600000.0,
        "Reconciled Cost Of Revenue": 497400000.0,
        "EBITDA": 218900000.0,
        "EBIT": 113300000.0,
        "Net Interest Income": -53000000.0,
        "Interest Expense": 56700000.0,
        "Interest Income": 3700000.0,
        "Normalized Income": 25912000.0,
        "Net Income From Continuing And Discontinued Operation": 23700000.0,
        "Total Expenses": 1400300000.0,
        "Total Operating Income As Reported": 268200000.0,
        "Diluted Average Shares": 875200000.0,
        "Basic Average Shares": 871400000.0,
        "Diluted EPS": 0.02,
        "Basic EPS": 0.02,
        "Diluted NI Availto Com Stockholders": 20400000.0,
        "Net Income Common Stockholders": 20400000.0,
        "Preferred Stock Dividends": 3300000.0,
        "Net Income": 23700000.0,
        "Minority Interests": -6900000.0,
        "Net Income Including Noncontrolling Interests": 30600000.0,
        "Net Income Continuous Operations": 30600000.0,
        "Tax Provision": 26000000.0,
        "Pretax Income": 56600000.0,
        "Other Income Expense": -160000000.0,
        "Other Non Operating Income Expenses": -157200000.0,
        "Special Income Charges": -1400000.0,
        "Impairment Of Capital Assets": NaN,
        "Restructuring And Mergern Acquisition": 1400000.0,
        "Gain On Sale Of Security": -1400000.0,
        "Net Non Operating Interest Income Expense": -53000000.0,
        "Interest Expense Non Operating": 56700000.0,
        "Interest Income Non Operating": 3700000.0,
        "Operating Income": 269600000.0,
        "Operating Expense": 844600000.0,
        "Depreciation Amortization Depletion Income Statement": 47300000.0,
        "Depreciation And Amortization In Income Statement": 47300000.0,
        "Amortization": 47300000.0,
        "Amortization Of Intangibles Income Statement": 47300000.0,
        "Selling General And Administration": 797300000.0,
        "Gross Profit": 1114200000.0,
        "Cost Of Revenue": 555700000.0,
        "Total Revenue": 1669900000.0,
        "Operating Revenue": 1669900000.0
    },
    "2025-03-31": {
        "Tax Effect Of Unusual Items": -36995100.0,
        "Tax Rate For Calcs": 0.127,
        "Normalized EBITDA": -14000000.0,
        "Total Unusual Items": -291300000.0,
        "Total Unusual Items Excluding Goodwill": -291300000.0,
        "Net Income From Continuing Operation Net Minority Interest": -405700000.0,
        "Reconciled Depreciation": 105100000.0,
        "Reconciled Cost Of Revenue": 407500000.0,
        "EBITDA": -305300000.0,
        "EBIT": -410400000.0,
        "Net Interest Income": -46000000.0,
        "Interest Expense": 50200000.0,
        "Interest Income": 4200000.0,
        "Normalized Income": -151395100.0,
        "Net Income From Continuing And Discontinued Operation": -405700000.0,
        "Total Expenses": 1290100000.0,
        "Total Operating Income As Reported": -280400000.0,
        "Diluted Average Shares": 872100000.0,
        "Basic Average Shares": 872100000.0,
        "Diluted EPS": -0.47,
        "Basic EPS": -0.47,
        "Diluted NI Availto Com Stockholders": -409000000.0,
        "Net Income Common Stockholders": -409000000.0,
        "Preferred Stock Dividends": 3300000.0,
        "Net Income": -405700000.0,
        "Minority Interests": -3500000.0,
        "Net Income Including Noncontrolling Interests": -402200000.0,
        "Net Income Continuous Operations": -402200000.0,
        "Tax Provision": -58400000.0,
        "Pretax Income": -460600000.0,
        "Other Income Expense": -423600000.0,
        "Other Non Operating Income Expenses": -132300000.0,
        "Special Income Charges": -289400000.0,
        "Impairment Of Capital Assets": 212800000.0,
        "Restructuring And Mergern Acquisition": 76600000.0,
        "Gain On Sale Of Security": -1900000.0,
        "Net Non Operating Interest Income Expense": -46000000.0,
        "Interest Expense Non Operating": 50200000.0,
        "Interest Income Non Operating": 4200000.0,
        "Operating Income": 9000000.0,
        "Operating Expense": 823400000.0,
        "Depreciation Amortization Depletion Income Statement": 45900000.0,
        "Depreciation And Amortization In Income Statement": 45900000.0,
        "Amortization": 45900000.0,
        "Amortization Of Intangibles Income Statement": 45900000.0,
        "Selling General And Administration": 777500000.0,
        "Gross Profit": 832400000.0,
        "Cost Of Revenue": 466700000.0,
        "Total Revenue": 1299100000.0,
        "Operating Revenue": 1299100000.0
    },
    "2025-06-30": {
        "Tax Effect Of Unusual Items": 354285.714286,
        "Tax Rate For Calcs": 0.057143,
        "Normalized EBITDA": 84700000.0,
        "Total Unusual Items": 6200000.0,
        "Total Unusual Items Excluding Goodwill": 6200000.0,
        "Net Income From Continuing Operation Net Minority Interest": -68800000.0,
        "Reconciled Depreciation": 104700000.0,
        "Reconciled Cost Of Revenue": 413600000.0,
        "EBITDA": 90900000.0,
        "EBIT": -13800000.0,
        "Net Interest Income": -54300000.0,
        "Interest Expense": 59700000.0,
        "Interest Income": 5400000.0,
        "Normalized Income": -74645714.285714,
        "Net Income From Continuing And Discontinued Operation": -68800000.0,
        "Total Expenses": 1238900000.0,
        "Total Operating Income As Reported": 15500000.0,
        "Diluted Average Shares": 872300000.0,
        "Basic Average Shares": 872300000.0,
        "Diluted EPS": -0.08,
        "Basic EPS": -0.08,
        "Diluted NI Availto Com Stockholders": -72100000.0,
        "Net Income Common Stockholders": -72100000.0,
        "Preferred Stock Dividends": 3300000.0,
        "Net Income": -68800000.0,
        "Minority Interests": 500000.0,
        "Net Income Including Noncontrolling Interests": -69300000.0,
        "Net Income Continuous Operations": -69300000.0,
        "Tax Provision": -4200000.0,
        "Pretax Income": -73500000.0,
        "Other Income Expense": -32700000.0,
        "Other Non Operating Income Expenses": -38900000.0,
        "Special Income Charges": 2000000.0,
        "Impairment Of Capital Assets": 0.0,
        "Restructuring And Mergern Acquisition": -2000000.0,
        "Gain On Sale Of Security": 4200000.0,
        "Net Non Operating Interest Income Expense": -54300000.0,
        "Interest Expense Non Operating": 59700000.0,
        "Interest Income Non Operating": 5400000.0,
        "Operating Income": 13500000.0,
        "Operating Expense": 766200000.0,
        "Depreciation Amortization Depletion Income Statement": 45600000.0,
        "Depreciation And Amortization In Income Statement": 45600000.0,
        "Amortization": 45600000.0,
        "Amortization Of Intangibles Income Statement": 45600000.0,
        "Selling General And Administration": 720600000.0,
        "Gross Profit": 779700000.0,
        "Cost Of Revenue": 472700000.0,
        "Total Revenue": 1252400000.0,
        "Operating Revenue": 1252400000.0
    },
    "2025-09-30": {
        "Tax Effect Of Unusual Items": 587100.0,
        "Tax Rate For Calcs": 0.309,
        "Normalized EBITDA": 251700000.0,
        "Total Unusual Items": 1900000.0,
        "Total Unusual Items Excluding Goodwill": 1900000.0,
        "Net Income From Continuing Operation Net Minority Interest": 67900000.0,
        "Reconciled Depreciation": 94900000.0,
        "Reconciled Cost Of Revenue": 504800000.0,
        "EBITDA": 253600000.0,
        "EBIT": 158700000.0,
        "Net Interest Income": -47500000.0,
        "Interest Expense": 51600000.0,
        "Interest Income": 4100000.0,
        "Normalized Income": 66587100.0,
        "Net Income From Continuing And Discontinued Operation": 67900000.0,
        "Total Expenses": 1393200000.0,
        "Total Operating Income As Reported": 185000000.0,
        "Diluted Average Shares": 876300000.0,
        "Basic Average Shares": 872800000.0,
        "Diluted EPS": 0.07,
        "Basic EPS": 0.07,
        "Diluted NI Availto Com Stockholders": 64600000.0,
        "Net Income Common Stockholders": 64600000.0,
        "Preferred Stock Dividends": 3300000.0,
        "Net Income": 67900000.0,
        "Minority Interests": -6100000.0,
        "Net Income Including Noncontrolling Interests": 74000000.0,
        "Net Income Continuous Operations": 74000000.0,
        "Tax Provision": 33100000.0,
        "Pretax Income": 107100000.0,
        "Other Income Expense": -29400000.0,
        "Other Non Operating Income Expenses": -31300000.0,
        "Special Income Charges": 1000000.0,
        "Impairment Of Capital Assets": NaN,
        "Restructuring And Mergern Acquisition": -1000000.0,
        "Gain On Sale Of Security": 900000.0,
        "Net Non Operating Interest Income Expense": -47500000.0,
        "Interest Expense Non Operating": 51600000.0,
        "Interest Income Non Operating": 4100000.0,
        "Operating Income": 184000000.0,
        "Operating Expense": 832800000.0,
        "Depreciation Amortization Depletion Income Statement": 39300000.0,
        "Depreciation And Amortization In Income Statement": 39300000.0,
        "Amortization": 39300000.0,
        "Amortization Of Intangibles Income Statement": 39300000.0,
        "Selling General And Administration": 793500000.0,
        "Gross Profit": 1016800000.0,
        "Cost Of Revenue": 560400000.0,
        "Total Revenue": 1577200000.0,
        "Operating Revenue": 1577200000.0
    },
    "2025-12-31": {
        "Tax Effect Of Unusual Items": 0.0,
        "Tax Rate For Calcs": 0.310795,
        "Normalized EBITDA": 13900000.0,
        "Total Unusual Items": 0.0,
        "Total Unusual Items Excluding Goodwill": 0.0,
        "Net Income From Continuing Operation Net Minority Interest": -123600000.0,
        "Reconciled Depreciation": 130100000.0,
        "Reconciled Cost Of Revenue": 552000000.0,
        "EBITDA": 13900000.0,
        "EBIT": -116200000.0,
        "Net Interest Income": -47200000.0,
        "Interest Expense": 52400000.0,
        "Interest Income": 5200000.0,
        "Normalized Income": -123600000.0,
        "Net Income From Continuing And Discontinued Operation": -123600000.0,
        "Total Expenses": 1524600000.0,
        "Total Operating Income As Reported": 148200000.0,
        "Diluted Average Shares": 876800000.0,
        "Basic Average Shares": 876800000.0,
        "Diluted EPS": -0.14,
        "Basic EPS": -0.14,
        "Diluted NI Availto Com Stockholders": -126900000.0,
        "Net Income Common Stockholders": -126900000.0,
        "Preferred Stock Dividends": 3300000.0,
        "Net Income": -123600000.0,
        "Minority Interests": -7400000.0,
        "Net Income Including Noncontrolling Interests": -116200000.0,
        "Net Income Continuous Operations": -116200000.0,
        "Tax Provision": -52400000.0,
        "Pretax Income": -168600000.0,
        "Other Income Expense": -275400000.0,
        "Other Non Operating Income Expenses": -275400000.0,
        "Special Income Charges": -5800000.0,
        "Impairment Of Capital Assets": NaN,
        "Restructuring And Mergern Acquisition": 5800000.0,
        "Gain On Sale Of Security": 5800000.0,
        "Net Non Operating Interest Income Expense": -47200000.0,
        "Interest Expense Non Operating": 52400000.0,
        "Interest Income Non Operating": 5200000.0,
        "Operating Income": 154000000.0,
        "Operating Expense": 916600000.0,
        "Depreciation Amortization Depletion Income Statement": 74100000.0,
        "Depreciation And Amortization In Income Statement": 74100000.0,
        "Amortization": 74100000.0,
        "Amortization Of Intangibles Income Statement": 74100000.0,
        "Selling General And Administration": 842500000.0,
        "Gross Profit": 1070600000.0,
        "Cost Of Revenue": 608000000.0,
        "Total Revenue": 1678600000.0,
        "Operating Revenue": 1678600000.0
    }
}