{
    "2023-06-30": {
        "Tax Effect Of Unusual Items": NaN,
        "Tax Rate For Calcs": NaN,
        "Normalized EBITDA": NaN,
        "Total Unusual Items": NaN,
        "Total Unusual Items Excluding Goodwill": NaN,
        "Net Income From Continuing Operation Net Minority Interest": NaN,
        "Reconciled Depreciation": NaN,
        "Reconciled Cost Of Revenue": NaN,
        "EBITDA": NaN,
        "EBIT": NaN,
        "Net Interest Income": NaN,
        "Interest Expense": NaN,
        "Normalized Income": NaN,
        "Net Income From Continuing And Discontinued Operation": NaN,
        "Total Expenses": NaN,
        "Rent Expense Supplemental": NaN,
        "Total Operating Income As Reported": NaN,
        "Diluted Average Shares": NaN,
        "Basic Average Shares": NaN,
        "Diluted EPS": NaN,
        "Basic EPS": NaN,
        "Diluted NI Availto Com Stockholders": NaN,
        "Net Income Common Stockholders": NaN,
        "Net Income": NaN,
        "Minority Interests": NaN,
        "Net Income Including Noncontrolling Interests": NaN,
        "Net Income Continuous Operations": NaN,
        "Tax Provision": NaN,
        "Pretax Income": NaN,
        "Other Income Expense": NaN,
        "Other Non Operating Income Expenses": NaN,
        "Special Income Charges": NaN,
        "Gain On Sale Of Ppe": 0.0,
        "Gain On Sale Of Business": NaN,
        "Restructuring And Mergern Acquisition": 7175000000.0,
        "Earnings From Equity Interest": NaN,
        "Gain On Sale Of Security": -7175000000.0,
        "Net Non Operating Interest Income Expense": NaN,
        "Interest Expense Non Operating": NaN,
        "Operating Income": NaN,
        "Operating Expense": NaN,
        "Other Operating Expenses": NaN,
        "Other Taxes": 37000000.0,
        "Selling General And Administration": -83000000.0,
        "General And Administrative Expense": -83000000.0,
        "Salaries And Wages": -83000000.0,
        "Gross Profit": NaN,
        "Cost Of Revenue": NaN,
        "Total Revenue": NaN,
        "Operating Revenue": NaN
    },
    "2023-03-31": {
        "Tax Effect Of Unusual Items": NaN,
        "Tax Rate For Calcs": NaN,
        "Normalized EBITDA": NaN,
        "Total Unusual Items": NaN,
        "Total Unusual Items Excluding Goodwill": NaN,
        "Net Income From Continuing Operation Net Minority Interest": NaN,
        "Reconciled Depreciation": NaN,
        "Reconciled Cost Of Revenue": NaN,
        "EBITDA": NaN,
        "EBIT": NaN,
        "Net Interest Income": NaN,
        "Interest Expense": NaN,
        "Normalized Income": NaN,
        "Net Income From Continuing And Discontinued Operation": NaN,
        "Total Expenses": NaN,
        "Rent Expense Supplemental": NaN,
        "Total Operating Income As Reported": NaN,
        "Diluted Average Shares": NaN,
        "Basic Average Shares": NaN,
        "Diluted EPS": NaN,
        "Basic EPS": NaN,
        "Diluted NI Availto Com Stockholders": NaN,
        "Net Income Common Stockholders": NaN,
        "Net Income": NaN,
        "Minority Interests": NaN,
        "Net Income Including Noncontrolling Interests": NaN,
        "Net Income Continuous Operations": NaN,
        "Tax Provision": NaN,
        "Pretax Income": NaN,
        "Other Income Expense": NaN,
        "Other Non Operating Income Expenses": NaN,
        "Special Income Charges": NaN,
        "Gain On Sale Of Ppe": 1000000.0,
        "Gain On Sale Of Business": NaN,
        "Other Special Charges": 30000000.0,
        "Restructuring And Mergern Acquisition": NaN,
        "Earnings From Equity Interest": NaN,
        "Gain On Sale Of Security": NaN,
        "Net Non Operating Interest Income Expense": NaN,
        "Interest Expense Non Operating": NaN,
        "Operating Income": NaN,
        "Operating Expense": NaN,
        "Other Operating Expenses": NaN,
        "Other Taxes": 36000000.0,
        "Selling General And Administration": -86000000.0,
        "General And Administrative Expense": -86000000.0,
        "Salaries And Wages": -86000000.0,
        "Gross Profit": NaN,
        "Cost Of Revenue": NaN,
        "Total Revenue": NaN,
        "Operating Revenue": NaN
    },
    "2022-12-31": {
        "Tax Effect Of Unusual Items": NaN,
        "Tax Rate For Calcs": NaN,
        "Normalized EBITDA": NaN,
        "Total Unusual Items": NaN,
        "Total Unusual Items Excluding Goodwill": NaN,
        "Net Income From Continuing Operation Net Minority Interest": NaN,
        "Reconciled Depreciation": NaN,
        "Reconciled Cost Of Revenue": NaN,
        "EBITDA": NaN,
        "EBIT": NaN,
        "Net Interest Income": NaN,
        "Interest Expense": NaN,
        "Normalized Income": NaN,
        "Net Income From Continuing And Discontinued Operation": NaN,
        "Total Expenses": NaN,
        "Rent Expense Supplemental": NaN,
        "Total Operating Income As Reported": NaN,
        "Diluted Average Shares": NaN,
        "Basic Average Shares": NaN,
        "Diluted EPS": NaN,
        "Basic EPS": NaN,
        "Diluted NI Availto Com Stockholders": NaN,
        "Net Income Common Stockholders": NaN,
        "Net Income": NaN,
        "Minority Interests": NaN,
        "Net Income Including Noncontrolling Interests": NaN,
        "Net Income Continuous Operations": NaN,
        "Tax Provision": NaN,
        "Pretax Income": NaN,
        "Other Income Expense": NaN,
        "Other Non Operating Income Expenses": NaN,
        "Special Income Charges": NaN,
        "Gain On Sale Of Ppe": 11000000.0,
        "Gain On Sale Of Business": NaN,
        "Other Special Charges": 29000000.0,
        "Restructuring And Mergern Acquisition": 0.0,
        "Earnings From Equity Interest": NaN,
        "Gain On Sale Of Security": NaN,
        "Net Non Operating Interest Income Expense": NaN,
        "Interest Expense Non Operating": NaN,
        "Operating Income": NaN,
        "Operating Expense": NaN,
        "Other Operating Expenses": NaN,
        "Other Taxes": 30000000.0,
        "Selling General And Administration": NaN,
        "General And Administrative Expense": NaN,
        "Salaries And Wages": NaN,
        "Gross Profit": NaN,
        "Cost Of Revenue": NaN,
        "Total Revenue": NaN,
        "Operating Revenue": NaN
    },
    "2022-09-30": {
        "Tax Effect Of Unusual Items": NaN,
        "Tax Rate For Calcs": NaN,
        "Normalized EBITDA": NaN,
        "Total Unusual Items": NaN,
        "Total Unusual Items Excluding Goodwill": NaN,
        "Net Income From Continuing Operation Net Minority Interest": NaN,
        "Reconciled Depreciation": NaN,
        "Reconciled Cost Of Revenue": NaN,
        "EBITDA": NaN,
        "EBIT": NaN,
        "Net Interest Income": NaN,
        "Interest Expense": NaN,
        "Normalized Income": NaN,
        "Net Income From Continuing And Discontinued Operation": NaN,
        "Total Expenses": NaN,
        "Rent Expense Supplemental": NaN,
        "Total Operating Income As Reported": NaN,
        "Diluted Average Shares": NaN,
        "Basic Average Shares": NaN,
        "Diluted EPS": NaN,
        "Basic EPS": NaN,
        "Diluted NI Availto Com Stockholders": NaN,
        "Net Income Common Stockholders": NaN,
        "Net Income": NaN,
        "Minority Interests": NaN,
        "Net Income Including Noncontrolling Interests": NaN,
        "Net Income Continuous Operations": NaN,
        "Tax Provision": NaN,
        "Pretax Income": NaN,
        "Other Income Expense": NaN,
        "Other Non Operating Income Expenses": NaN,
        "Special Income Charges": NaN,
        "Gain On Sale Of Ppe": NaN,
        "Gain On Sale Of Business": 0.0,
        "Other Special Charges": 24000000.0,
        "Restructuring And Mergern Acquisition": 0.0,
        "Earnings From Equity Interest": NaN,
        "Gain On Sale Of Security": -2000000.0,
        "Net Non Operating Interest Income Expense": NaN,
        "Interest Expense Non Operating": NaN,
        "Operating Income": NaN,
        "Operating Expense": NaN,
        "Other Operating Expenses": NaN,
        "Other Taxes": NaN,
        "Selling General And Administration": 151000000.0,
        "General And Administrative Expense": 151000000.0,
        "Other Gand A": 151000000.0,
        "Salaries And Wages": -102000000.0,
        "Gross Profit": NaN,
        "Cost Of Revenue": NaN,
        "Total Revenue": NaN,
        "Operating Revenue": NaN
    },
    "2022-06-30": {
        "Tax Effect Of Unusual Items": -7263000.0,
        "Tax Rate For Calcs": 0.2421,
        "Normalized EBITDA": 1411000000.0,
        "Total Unusual Items": -30000000.0,
        "Total Unusual Items Excluding Goodwill": -30000000.0,
        "Net Income From Continuing Operation Net Minority Interest": 765000000.0,
        "Reconciled Depreciation": 211000000.0,
        "Reconciled Cost Of Revenue": 1021000000.0,
        "EBITDA": 1381000000.0,
        "EBIT": 1170000000.0,
        "Net Interest Income": -160000000.0,
        "Interest Expense": 160000000.0,
        "Normalized Income": 787737000.0,
        "Net Income From Continuing And Discontinued Operation": 765000000.0,
        "Total Expenses": 1304000000.0,
        "Rent Expense Supplemental": 29000000.0,
        "Total Operating Income As Reported": 868000000.0,
        "Diluted Average Shares": 932600000.0,
        "Basic Average Shares": 929900000.0,
        "Diluted EPS": 0.82,
        "Basic EPS": 0.82,
        "Diluted NI Availto Com Stockholders": 765000000.0,
        "Net Income Common Stockholders": 765000000.0,
        "Net Income": 765000000.0,
        "Minority Interests": NaN,
        "Net Income Including Noncontrolling Interests": 765000000.0,
        "Net Income Continuous Operations": 765000000.0,
        "Tax Provision": 245000000.0,
        "Pretax Income": 1010000000.0,
        "Other Income Expense": 272000000.0,
        "Other Non Operating Income Expenses": 94000000.0,
        "Special Income Charges": -30000000.0,
        "Gain On Sale Of Ppe": 0.0,
        "Other Special Charges": 30000000.0,
        "Restructuring And Mergern Acquisition": 0.0,
        "Earnings From Equity Interest": 208000000.0,
        "Gain On Sale Of Security": NaN,
        "Net Non Operating Interest Income Expense": -160000000.0,
        "Interest Expense Non Operating": 160000000.0,
        "Operating Income": 898000000.0,
        "Operating Expense": 283000000.0,
        "Other Operating Expenses": 90000000.0,
        "Other Taxes": 35000000.0,
        "Selling General And Administration": 158000000.0,
        "General And Administrative Expense": 158000000.0,
        "Other Gand A": 158000000.0,
        "Salaries And Wages": NaN,
        "Gross Profit": 1181000000.0,
        "Cost Of Revenue": 1021000000.0,
        "Total Revenue": 2202000000.0,
        "Operating Revenue": 2202000000.0
    },
    "2023-09-30": {
        "Tax Effect Of Unusual Items": NaN,
        "Tax Rate For Calcs": NaN,
        "Normalized EBITDA": NaN,
        "Total Unusual Items": 0.0,
        "Total Unusual Items Excluding Goodwill": 0.0,
        "Net Income From Continuing Operation Net Minority Interest": NaN,
        "Reconciled Depreciation": NaN,
        "Reconciled Cost Of Revenue": NaN,
        "EBITDA": NaN,
        "EBIT": NaN,
        "Net Interest Income": NaN,
        "Interest Expense": NaN,
        "Normalized Income": NaN,
        "Net Income From Continuing And Discontinued Operation": NaN,
        "Total Expenses": NaN,
        "Rent Expense Supplemental": NaN,
        "Total Operating Income As Reported": NaN,
        "Diluted Average Shares": NaN,
        "Basic Average Shares": NaN,
        "Diluted EPS": NaN,
        "Basic EPS": NaN,
        "Diluted NI Availto Com Stockholders": NaN,
        "Net Income Common Stockholders": NaN,
        "Net Income": NaN,
        "Minority Interests": NaN,
        "Net Income Including Noncontrolling Interests": NaN,
        "Net Income Continuous Operations": NaN,
        "Tax Provision": NaN,
        "Pretax Income": NaN,
        "Other Income Expense": NaN,
        "Other Non Operating Income Expenses": NaN,
        "Special Income Charges": 0.0,
        "Gain On Sale Of Ppe": 0.0,
        "Gain On Sale Of Business": 0.0,
        "Restructuring And Mergern Acquisition": 0.0,
        "Earnings From Equity Interest": NaN,
        "Net Non Operating Interest Income Expense": NaN,
        "Interest Expense Non Operating": NaN,
        "Operating Income": NaN,
        "Operating Expense": 506000000.0,
        "Other Operating Expenses": 506000000.0,
        "Other Taxes": 33000000.0,
        "Selling General And Administration": -85000000.0,
        "General And Administrative Expense": -85000000.0,
        "Salaries And Wages": -85000000.0,
        "Gross Profit": NaN,
        "Cost Of Revenue": NaN,
        "Total Revenue": NaN,
        "Operating Revenue": NaN
    },
    "2023-12-31": {
        "Tax Effect Of Unusual Items": NaN,
        "Tax Rate For Calcs": NaN,
        "Normalized EBITDA": NaN,
        "Total Unusual Items": -31000000.0,
        "Total Unusual Items Excluding Goodwill": -31000000.0,
        "Net Income From Continuing Operation Net Minority Interest": NaN,
        "Reconciled Depreciation": NaN,
        "Reconciled Cost Of Revenue": NaN,
        "EBITDA": NaN,
        "EBIT": NaN,
        "Net Interest Income": NaN,
        "Interest Expense": NaN,
        "Normalized Income": NaN,
        "Net Income From Continuing And Discontinued Operation": NaN,
        "Total Expenses": NaN,
        "Rent Expense Supplemental": NaN,
        "Total Operating Income As Reported": NaN,
        "Diluted Average Shares": NaN,
        "Basic Average Shares": NaN,
        "Diluted EPS": NaN,
        "Basic EPS": NaN,
        "Diluted NI Availto Com Stockholders": NaN,
        "Net Income Common Stockholders": NaN,
        "Net Income": NaN,
        "Minority Interests": NaN,
        "Net Income Including Noncontrolling Interests": NaN,
        "Net Income Continuous Operations": NaN,
        "Tax Provision": NaN,
        "Pretax Income": NaN,
        "Other Income Expense": NaN,
        "Other Non Operating Income Expenses": NaN,
        "Special Income Charges": -4000000.0,
        "Gain On Sale Of Ppe": 2000000.0,
        "Gain On Sale Of Business": 0.0,
        "Earnings From Equity Interest": 0.0,
        "Gain On Sale Of Security": NaN,
        "Net Non Operating Interest Income Expense": NaN,
        "Interest Expense Non Operating": NaN,
        "Operating Income": NaN,
        "Operating Expense": 552000000.0,
        "Other Operating Expenses": 519000000.0,
        "Other Taxes": 33000000.0,
        "Selling General And Administration": NaN,
        "General And Administrative Expense": NaN,
        "Salaries And Wages": NaN,
        "Gross Profit": NaN,
        "Cost Of Revenue": NaN,
        "Total Revenue": NaN,
        "Operating Revenue": NaN
    },
    "2024-03-31": {
        "Tax Effect Of Unusual Items": NaN,
        "Tax Rate For Calcs": NaN,
        "Normalized EBITDA": NaN,
        "Total Unusual Items": NaN,
        "Total Unusual Items Excluding Goodwill": NaN,
        "Net Income From Continuing Operation Net Minority Interest": NaN,
        "Reconciled Depreciation": NaN,
        "Reconciled Cost Of Revenue": NaN,
        "EBITDA": NaN,
        "EBIT": NaN,
        "Net Interest Income": NaN,
        "Interest Expense": NaN,
        "Normalized Income": NaN,
        "Net Income From Continuing And Discontinued Operation": NaN,
        "Total Expenses": NaN,
        "Rent Expense Supplemental": NaN,
        "Total Operating Income As Reported": NaN,
        "Diluted Average Shares": NaN,
        "Basic Average Shares": NaN,
        "Diluted EPS": NaN,
        "Basic EPS": NaN,
        "Diluted NI Availto Com Stockholders": NaN,
        "Net Income Common Stockholders": NaN,
        "Net Income": NaN,
        "Minority Interests": NaN,
        "Net Income Including Noncontrolling Interests": NaN,
        "Net Income Continuous Operations": NaN,
        "Tax Provision": NaN,
        "Pretax Income": NaN,
        "Other Income Expense": NaN,
        "Other Non Operating Income Expenses": NaN,
        "Special Income Charges": NaN,
        "Gain On Sale Of Ppe": NaN,
        "Gain On Sale Of Business": NaN,
        "Earnings From Equity Interest": 0.0,
        "Gain On Sale Of Security": NaN,
        "Net Non Operating Interest Income Expense": NaN,
        "Interest Expense Non Operating": NaN,
        "Operating Income": NaN,
        "Operating Expense": 580000000.0,
        "Other Operating Expenses": 580000000.0,
        "Other Taxes": NaN,
        "Selling General And Administration": -88000000.0,
        "General And Administrative Expense": -88000000.0,
        "Salaries And Wages": -88000000.0,
        "Gross Profit": NaN,
        "Cost Of Revenue": NaN,
        "Total Revenue": NaN,
        "Operating Revenue": NaN
    },
    "2024-06-30": {
        "Tax Effect Of Unusual Items": 0.0,
        "Tax Rate For Calcs": 0.244351,
        "Normalized EBITDA": 1868000000.0,
        "Total Unusual Items": 0.0,
        "Total Unusual Items Excluding Goodwill": 0.0,
        "Net Income From Continuing Operation Net Minority Interest": 905000000.0,
        "Reconciled Depreciation": 473000000.0,
        "Reconciled Cost Of Revenue": 2336000000.0,
        "EBITDA": 1868000000.0,
        "EBIT": 1395000000.0,
        "Net Interest Income": -200000000.0,
        "Interest Expense": 200000000.0,
        "Normalized Income": 905000000.0,
        "Net Income From Continuing And Discontinued Operation": 905000000.0,
        "Total Expenses": 2336000000.0,
        "Rent Expense Supplemental": 82000000.0,
        "Total Operating Income As Reported": 1267000000.0,
        "Diluted Average Shares": 934600000.0,
        "Basic Average Shares": 932800000.0,
        "Diluted EPS": 0.97,
        "Basic EPS": 0.97,
        "Diluted NI Availto Com Stockholders": 905000000.0,
        "Net Income Common Stockholders": 905000000.0,
        "Net Income": 905000000.0,
        "Minority Interests": 2000000.0,
        "Net Income Including Noncontrolling Interests": 903000000.0,
        "Net Income Continuous Operations": 903000000.0,
        "Tax Provision": 292000000.0,
        "Pretax Income": 1195000000.0,
        "Other Income Expense": 128000000.0,
        "Other Non Operating Income Expenses": 128000000.0,
        "Special Income Charges": 0.0,
        "Gain On Sale Of Ppe": NaN,
        "Gain On Sale Of Business": 0.0,
        "Earnings From Equity Interest": 0.0,
        "Gain On Sale Of Security": NaN,
        "Net Non Operating Interest Income Expense": -200000000.0,
        "Interest Expense Non Operating": 200000000.0,
        "Operating Income": 1267000000.0,
        "Operating Expense": 606000000.0,
        "Other Operating Expenses": 606000000.0,
        "Other Taxes": NaN,
        "Selling General And Administration": -88000000.0,
        "General And Administrative Expense": -88000000.0,
        "Salaries And Wages": -88000000.0,
        "Gross Profit": 1267000000.0,
        "Cost Of Revenue": 2336000000.0,
        "Total Revenue": 3603000000.0,
        "Operating Revenue": 3603000000.0
    },
    "2024-09-30": {
        "Tax Effect Of Unusual Items": 0.0,
        "Tax Rate For Calcs": 0.2388,
        "Normalized EBITDA": 1763000000.0,
        "Total Unusual Items": 0.0,
        "Total Unusual Items Excluding Goodwill": 0.0,
        "Net Income From Continuing Operation Net Minority Interest": 837000000.0,
        "Reconciled Depreciation": 472000000.0,
        "Reconciled Cost Of Revenue": 2346000000.0,
        "EBITDA": 1763000000.0,
        "EBIT": 1291000000.0,
        "Net Interest Income": -192000000.0,
        "Interest Expense": 192000000.0,
        "Normalized Income": 837000000.0,
        "Net Income From Continuing And Discontinued Operation": 837000000.0,
        "Total Expenses": 2346000000.0,
        "Rent Expense Supplemental": 89000000.0,
        "Total Operating Income As Reported": 1203000000.0,
        "Diluted Average Shares": 935300000.0,
        "Basic Average Shares": 933200000.0,
        "Diluted EPS": 0.9,
        "Basic EPS": 0.9,
        "Diluted NI Availto Com Stockholders": 837000000.0,
        "Net Income Common Stockholders": 837000000.0,
        "Net Income": 837000000.0,
        "Minority Interests": 0.0,
        "Net Income Including Noncontrolling Interests": 837000000.0,
        "Net Income Continuous Operations": 837000000.0,
        "Tax Provision": 262000000.0,
        "Pretax Income": 1099000000.0,
        "Other Income Expense": 88000000.0,
        "Other Non Operating Income Expenses": 88000000.0,
        "Special Income Charges": 0.0,
        "Gain On Sale Of Ppe": NaN,
        "Gain On Sale Of Business": 0.0,
        "Earnings From Equity Interest": 0.0,
        "Gain On Sale Of Security": NaN,
        "Net Non Operating Interest Income Expense": -192000000.0,
        "Interest Expense Non Operating": 192000000.0,
        "Operating Income": 1203000000.0,
        "Operating Expense": 623000000.0,
        "Other Operating Expenses": 623000000.0,
        "Other Taxes": NaN,
        "Selling General And Administration": NaN,
        "General And Administrative Expense": NaN,
        "Salaries And Wages": NaN,
        "Gross Profit": 1203000000.0,
        "Cost Of Revenue": 2346000000.0,
        "Total Revenue": 3549000000.0,
        "Operating Revenue": 3549000000.0
    },
    "2024-12-31": {
        "Tax Effect Of Unusual Items": 4085813.148789,
        "Tax Rate For Calcs": 0.170242,
        "Normalized EBITDA": 2112000000.0,
        "Total Unusual Items": 24000000.0,
        "Total Unusual Items Excluding Goodwill": 24000000.0,
        "Net Income From Continuing Operation Net Minority Interest": 1201000000.0,
        "Reconciled Depreciation": 488000000.0,
        "Reconciled Cost Of Revenue": 2314000000.0,
        "EBITDA": 2136000000.0,
        "EBIT": 1648000000.0,
        "Net Interest Income": -203000000.0,
        "Interest Expense": 203000000.0,
        "Normalized Income": 1181085813.148789,
        "Net Income From Continuing And Discontinued Operation": 1201000000.0,
        "Total Expenses": 2314000000.0,
        "Rent Expense Supplemental": 94000000.0,
        "Total Operating Income As Reported": 1560000000.0,
        "Diluted Average Shares": 934800000.0,
        "Basic Average Shares": 933400000.0,
        "Diluted EPS": 1.28,
        "Basic EPS": 1.29,
        "Diluted NI Availto Com Stockholders": 1201000000.0,
        "Net Income Common Stockholders": 1201000000.0,
        "Net Income": 1201000000.0,
        "Minority Interests": 2000000.0,
        "Net Income Including Noncontrolling Interests": 1199000000.0,
        "Net Income Continuous Operations": 1199000000.0,
        "Tax Provision": 246000000.0,
        "Pretax Income": 1445000000.0,
        "Other Income Expense": 88000000.0,
        "Other Non Operating Income Expenses": 64000000.0,
        "Special Income Charges": 22000000.0,
        "Gain On Sale Of Ppe": NaN,
        "Gain On Sale Of Business": 0.0,
        "Earnings From Equity Interest": 0.0,
        "Gain On Sale Of Security": NaN,
        "Net Non Operating Interest Income Expense": -203000000.0,
        "Interest Expense Non Operating": 203000000.0,
        "Operating Income": 1560000000.0,
        "Operating Expense": NaN,
        "Other Operating Expenses": NaN,
        "Other Taxes": NaN,
        "Selling General And Administration": NaN,
        "General And Administrative Expense": NaN,
        "Salaries And Wages": NaN,
        "Gross Profit": 1560000000.0,
        "Cost Of Revenue": 2314000000.0,
        "Total Revenue": 3874000000.0,
        "Operating Revenue": 3874000000.0
    },
    "2025-03-31": {
        "Tax Effect Of Unusual Items": 0.0,
        "Tax Rate For Calcs": 0.2432,
        "Normalized EBITDA": 1921000000.0,
        "Total Unusual Items": NaN,
        "Total Unusual Items Excluding Goodwill": NaN,
        "Net Income From Continuing Operation Net Minority Interest": 910000000.0,
        "Reconciled Depreciation": 504000000.0,
        "Reconciled Cost Of Revenue": 2478000000.0,
        "EBITDA": 1921000000.0,
        "EBIT": 1417000000.0,
        "Net Interest Income": -216000000.0,
        "Interest Expense": 216000000.0,
        "Normalized Income": 910000000.0,
        "Net Income From Continuing And Discontinued Operation": 910000000.0,
        "Total Expenses": 2478000000.0,
        "Rent Expense Supplemental": 99000000.0,
        "Total Operating Income As Reported": 1317000000.0,
        "Diluted Average Shares": 934300000.0,
        "Basic Average Shares": 933200000.0,
        "Diluted EPS": 0.97,
        "Basic EPS": 0.98,
        "Diluted NI Availto Com Stockholders": 910000000.0,
        "Net Income Common Stockholders": 910000000.0,
        "Net Income": 910000000.0,
        "Minority Interests": 1000000.0,
        "Net Income Including Noncontrolling Interests": 909000000.0,
        "Net Income Continuous Operations": 909000000.0,
        "Tax Provision": 292000000.0,
        "Pretax Income": 1201000000.0,
        "Other Income Expense": 100000000.0,
        "Other Non Operating Income Expenses": 100000000.0,
        "Special Income Charges": NaN,
        "Gain On Sale Of Ppe": NaN,
        "Gain On Sale Of Business": NaN,
        "Earnings From Equity Interest": NaN,
        "Gain On Sale Of Security": NaN,
        "Net Non Operating Interest Income Expense": -216000000.0,
        "Interest Expense Non Operating": 216000000.0,
        "Operating Income": 1317000000.0,
        "Operating Expense": NaN,
        "Other Operating Expenses": NaN,
        "Other Taxes": NaN,
        "Selling General And Administration": NaN,
        "General And Administrative Expense": NaN,
        "Salaries And Wages": NaN,
        "Gross Profit": 1317000000.0,
        "Cost Of Revenue": 2478000000.0,
        "Total Revenue": 3795000000.0,
        "Operating Revenue": 3795000000.0
    },
    "2025-06-30": {
        "Tax Effect Of Unusual Items": 74720930.232558,
        "Tax Rate For Calcs": 0.224387,
        "Normalized EBITDA": 1959000000.0,
        "Total Unusual Items": 333000000.0,
        "Total Unusual Items Excluding Goodwill": 333000000.0,
        "Net Income From Continuing Operation Net Minority Interest": 1234000000.0,
        "Reconciled Depreciation": 493000000.0,
        "Reconciled Cost Of Revenue": 2356000000.0,
        "EBITDA": 2292000000.0,
        "EBIT": 1799000000.0,
        "Net Interest Income": -208000000.0,
        "Interest Expense": 208000000.0,
        "Normalized Income": 975720930.232558,
        "Net Income From Continuing And Discontinued Operation": 1234000000.0,
        "Total Expenses": 2356000000.0,
        "Rent Expense Supplemental": 103000000.0,
        "Total Operating Income As Reported": 1343000000.0,
        "Diluted Average Shares": 924800000.0,
        "Basic Average Shares": 923800000.0,
        "Diluted EPS": 1.33,
        "Basic EPS": 1.34,
        "Diluted NI Availto Com Stockholders": 1234000000.0,
        "Net Income Common Stockholders": 1234000000.0,
        "Net Income": 1234000000.0,
        "Minority Interests": 0.0,
        "Net Income Including Noncontrolling Interests": 1234000000.0,
        "Net Income Continuous Operations": 1234000000.0,
        "Tax Provision": 357000000.0,
        "Pretax Income": 1591000000.0,
        "Other Income Expense": 456000000.0,
        "Other Non Operating Income Expenses": 123000000.0,
        "Special Income Charges": NaN,
        "Gain On Sale Of Ppe": NaN,
        "Gain On Sale Of Business": NaN,
        "Earnings From Equity Interest": NaN,
        "Gain On Sale Of Security": 333000000.0,
        "Net Non Operating Interest Income Expense": -208000000.0,
        "Interest Expense Non Operating": 208000000.0,
        "Operating Income": 1343000000.0,
        "Operating Expense": NaN,
        "Other Operating Expenses": NaN,
        "Other Taxes": NaN,
        "Selling General And Administration": NaN,
        "General And Administrative Expense": NaN,
        "Salaries And Wages": NaN,
        "Gross Profit": 1343000000.0,
        "Cost Of Revenue": 2356000000.0,
        "Total Revenue": 3699000000.0,
        "Operating Revenue": 3699000000.0
    }
}