{
    "2023-12-31": {
        "Tax Effect Of Unusual Items": NaN,
        "Tax Rate For Calcs": NaN,
        "Normalized EBITDA": NaN,
        "Total Unusual Items": NaN,
        "Total Unusual Items Excluding Goodwill": NaN,
        "Net Income From Continuing Operation Net Minority Interest": NaN,
        "Reconciled Depreciation": NaN,
        "Reconciled Cost Of Revenue": NaN,
        "EBITDA": NaN,
        "EBIT": NaN,
        "Net Interest Income": NaN,
        "Interest Expense": NaN,
        "Normalized Income": NaN,
        "Net Income From Continuing And Discontinued Operation": NaN,
        "Total Expenses": NaN,
        "Total Operating Income As Reported": NaN,
        "Diluted Average Shares": NaN,
        "Basic Average Shares": NaN,
        "Diluted EPS": NaN,
        "Basic EPS": NaN,
        "Diluted NI Availto Com Stockholders": NaN,
        "Net Income Common Stockholders": NaN,
        "Net Income": NaN,
        "Minority Interests": NaN,
        "Net Income Including Noncontrolling Interests": NaN,
        "Net Income Continuous Operations": NaN,
        "Tax Provision": NaN,
        "Pretax Income": NaN,
        "Other Income Expense": NaN,
        "Other Non Operating Income Expenses": NaN,
        "Special Income Charges": NaN,
        "Other Special Charges": NaN,
        "Gain On Sale Of Security": -26000.0,
        "Net Non Operating Interest Income Expense": NaN,
        "Interest Expense Non Operating": NaN,
        "Operating Income": NaN,
        "Operating Expense": NaN,
        "Other Operating Expenses": NaN,
        "Depreciation Amortization Depletion Income Statement": NaN,
        "Depreciation And Amortization In Income Statement": NaN,
        "Selling General And Administration": NaN,
        "Selling And Marketing Expense": NaN,
        "General And Administrative Expense": NaN,
        "Other Gand A": NaN,
        "Gross Profit": NaN,
        "Cost Of Revenue": NaN,
        "Total Revenue": NaN,
        "Operating Revenue": NaN
    },
    "2023-09-30": {
        "Tax Effect Of Unusual Items": NaN,
        "Tax Rate For Calcs": NaN,
        "Normalized EBITDA": NaN,
        "Total Unusual Items": NaN,
        "Total Unusual Items Excluding Goodwill": NaN,
        "Net Income From Continuing Operation Net Minority Interest": NaN,
        "Reconciled Depreciation": NaN,
        "Reconciled Cost Of Revenue": NaN,
        "EBITDA": NaN,
        "EBIT": NaN,
        "Net Interest Income": NaN,
        "Interest Expense": NaN,
        "Normalized Income": NaN,
        "Net Income From Continuing And Discontinued Operation": NaN,
        "Total Expenses": NaN,
        "Total Operating Income As Reported": NaN,
        "Diluted Average Shares": NaN,
        "Basic Average Shares": NaN,
        "Diluted EPS": NaN,
        "Basic EPS": NaN,
        "Diluted NI Availto Com Stockholders": NaN,
        "Net Income Common Stockholders": NaN,
        "Net Income": NaN,
        "Minority Interests": 0.0,
        "Net Income Including Noncontrolling Interests": NaN,
        "Net Income Continuous Operations": NaN,
        "Tax Provision": NaN,
        "Pretax Income": NaN,
        "Other Income Expense": NaN,
        "Other Non Operating Income Expenses": NaN,
        "Special Income Charges": 0.0,
        "Other Special Charges": NaN,
        "Gain On Sale Of Security": NaN,
        "Net Non Operating Interest Income Expense": NaN,
        "Interest Expense Non Operating": NaN,
        "Operating Income": NaN,
        "Operating Expense": NaN,
        "Other Operating Expenses": NaN,
        "Depreciation Amortization Depletion Income Statement": NaN,
        "Depreciation And Amortization In Income Statement": NaN,
        "Selling General And Administration": NaN,
        "Selling And Marketing Expense": NaN,
        "General And Administrative Expense": NaN,
        "Other Gand A": NaN,
        "Gross Profit": NaN,
        "Cost Of Revenue": NaN,
        "Total Revenue": NaN,
        "Operating Revenue": NaN
    },
    "2023-06-30": {
        "Tax Effect Of Unusual Items": NaN,
        "Tax Rate For Calcs": NaN,
        "Normalized EBITDA": NaN,
        "Total Unusual Items": NaN,
        "Total Unusual Items Excluding Goodwill": NaN,
        "Net Income From Continuing Operation Net Minority Interest": NaN,
        "Reconciled Depreciation": NaN,
        "Reconciled Cost Of Revenue": NaN,
        "EBITDA": NaN,
        "EBIT": NaN,
        "Net Interest Income": NaN,
        "Interest Expense": NaN,
        "Normalized Income": NaN,
        "Net Income From Continuing And Discontinued Operation": NaN,
        "Total Expenses": NaN,
        "Total Operating Income As Reported": NaN,
        "Diluted Average Shares": NaN,
        "Basic Average Shares": NaN,
        "Diluted EPS": NaN,
        "Basic EPS": NaN,
        "Diluted NI Availto Com Stockholders": NaN,
        "Net Income Common Stockholders": NaN,
        "Net Income": NaN,
        "Minority Interests": 0.0,
        "Net Income Including Noncontrolling Interests": NaN,
        "Net Income Continuous Operations": NaN,
        "Tax Provision": NaN,
        "Pretax Income": NaN,
        "Other Income Expense": NaN,
        "Other Non Operating Income Expenses": NaN,
        "Special Income Charges": NaN,
        "Other Special Charges": NaN,
        "Gain On Sale Of Security": NaN,
        "Net Non Operating Interest Income Expense": NaN,
        "Interest Expense Non Operating": NaN,
        "Operating Income": NaN,
        "Operating Expense": NaN,
        "Other Operating Expenses": NaN,
        "Depreciation Amortization Depletion Income Statement": NaN,
        "Depreciation And Amortization In Income Statement": NaN,
        "Selling General And Administration": NaN,
        "Selling And Marketing Expense": NaN,
        "General And Administrative Expense": NaN,
        "Other Gand A": NaN,
        "Gross Profit": NaN,
        "Cost Of Revenue": NaN,
        "Total Revenue": NaN,
        "Operating Revenue": NaN
    },
    "2023-03-31": {
        "Tax Effect Of Unusual Items": NaN,
        "Tax Rate For Calcs": NaN,
        "Normalized EBITDA": NaN,
        "Total Unusual Items": NaN,
        "Total Unusual Items Excluding Goodwill": NaN,
        "Net Income From Continuing Operation Net Minority Interest": NaN,
        "Reconciled Depreciation": NaN,
        "Reconciled Cost Of Revenue": NaN,
        "EBITDA": NaN,
        "EBIT": NaN,
        "Net Interest Income": NaN,
        "Interest Expense": NaN,
        "Normalized Income": NaN,
        "Net Income From Continuing And Discontinued Operation": NaN,
        "Total Expenses": NaN,
        "Total Operating Income As Reported": NaN,
        "Diluted Average Shares": NaN,
        "Basic Average Shares": NaN,
        "Diluted EPS": NaN,
        "Basic EPS": NaN,
        "Diluted NI Availto Com Stockholders": NaN,
        "Net Income Common Stockholders": NaN,
        "Net Income": NaN,
        "Minority Interests": 0.0,
        "Net Income Including Noncontrolling Interests": NaN,
        "Net Income Continuous Operations": NaN,
        "Tax Provision": NaN,
        "Pretax Income": NaN,
        "Other Income Expense": NaN,
        "Other Non Operating Income Expenses": NaN,
        "Special Income Charges": NaN,
        "Gain On Sale Of Security": NaN,
        "Net Non Operating Interest Income Expense": NaN,
        "Interest Expense Non Operating": NaN,
        "Operating Income": NaN,
        "Operating Expense": NaN,
        "Other Operating Expenses": NaN,
        "Depreciation Amortization Depletion Income Statement": NaN,
        "Depreciation And Amortization In Income Statement": NaN,
        "Selling General And Administration": NaN,
        "Selling And Marketing Expense": NaN,
        "General And Administrative Expense": NaN,
        "Other Gand A": NaN,
        "Gross Profit": NaN,
        "Cost Of Revenue": NaN,
        "Total Revenue": NaN,
        "Operating Revenue": NaN
    },
    "2022-12-31": {
        "Tax Effect Of Unusual Items": NaN,
        "Tax Rate For Calcs": NaN,
        "Normalized EBITDA": NaN,
        "Total Unusual Items": NaN,
        "Total Unusual Items Excluding Goodwill": NaN,
        "Net Income From Continuing Operation Net Minority Interest": NaN,
        "Reconciled Depreciation": NaN,
        "Reconciled Cost Of Revenue": NaN,
        "EBITDA": NaN,
        "EBIT": NaN,
        "Net Interest Income": NaN,
        "Interest Expense": NaN,
        "Normalized Income": NaN,
        "Net Income From Continuing And Discontinued Operation": NaN,
        "Total Expenses": NaN,
        "Total Operating Income As Reported": NaN,
        "Diluted Average Shares": NaN,
        "Basic Average Shares": NaN,
        "Diluted EPS": NaN,
        "Basic EPS": NaN,
        "Diluted NI Availto Com Stockholders": NaN,
        "Net Income Common Stockholders": NaN,
        "Net Income": NaN,
        "Minority Interests": NaN,
        "Net Income Including Noncontrolling Interests": NaN,
        "Net Income Continuous Operations": NaN,
        "Tax Provision": NaN,
        "Pretax Income": NaN,
        "Other Income Expense": NaN,
        "Other Non Operating Income Expenses": NaN,
        "Special Income Charges": 0.0,
        "Other Special Charges": 0.0,
        "Gain On Sale Of Security": NaN,
        "Net Non Operating Interest Income Expense": NaN,
        "Interest Expense Non Operating": NaN,
        "Operating Income": NaN,
        "Operating Expense": NaN,
        "Other Operating Expenses": NaN,
        "Depreciation Amortization Depletion Income Statement": NaN,
        "Depreciation And Amortization In Income Statement": NaN,
        "Selling General And Administration": NaN,
        "Selling And Marketing Expense": NaN,
        "General And Administrative Expense": NaN,
        "Other Gand A": NaN,
        "Gross Profit": NaN,
        "Cost Of Revenue": NaN,
        "Total Revenue": NaN,
        "Operating Revenue": NaN
    },
    "2024-03-31": {
        "Tax Effect Of Unusual Items": NaN,
        "Tax Rate For Calcs": NaN,
        "Normalized EBITDA": NaN,
        "Total Unusual Items": NaN,
        "Total Unusual Items Excluding Goodwill": NaN,
        "Net Income From Continuing Operation Net Minority Interest": NaN,
        "Reconciled Depreciation": NaN,
        "Reconciled Cost Of Revenue": NaN,
        "EBITDA": NaN,
        "EBIT": NaN,
        "Net Interest Income": NaN,
        "Interest Expense": NaN,
        "Normalized Income": NaN,
        "Net Income From Continuing And Discontinued Operation": NaN,
        "Total Expenses": NaN,
        "Total Operating Income As Reported": NaN,
        "Diluted Average Shares": NaN,
        "Basic Average Shares": NaN,
        "Diluted EPS": NaN,
        "Basic EPS": NaN,
        "Diluted NI Availto Com Stockholders": NaN,
        "Net Income Common Stockholders": NaN,
        "Net Income": NaN,
        "Minority Interests": NaN,
        "Net Income Including Noncontrolling Interests": NaN,
        "Net Income Continuous Operations": NaN,
        "Tax Provision": NaN,
        "Pretax Income": NaN,
        "Other Income Expense": NaN,
        "Other Non Operating Income Expenses": NaN,
        "Special Income Charges": NaN,
        "Other Special Charges": NaN,
        "Gain On Sale Of Security": 167000.0,
        "Net Non Operating Interest Income Expense": NaN,
        "Interest Expense Non Operating": NaN,
        "Operating Income": NaN,
        "Operating Expense": NaN,
        "Other Operating Expenses": NaN,
        "Depreciation Amortization Depletion Income Statement": NaN,
        "Depreciation And Amortization In Income Statement": NaN,
        "Selling General And Administration": NaN,
        "Selling And Marketing Expense": NaN,
        "General And Administrative Expense": NaN,
        "Other Gand A": NaN,
        "Gross Profit": NaN,
        "Cost Of Revenue": NaN,
        "Total Revenue": NaN,
        "Operating Revenue": NaN
    },
    "2022-09-30": {
        "Tax Effect Of Unusual Items": NaN,
        "Tax Rate For Calcs": NaN,
        "Normalized EBITDA": NaN,
        "Total Unusual Items": NaN,
        "Total Unusual Items Excluding Goodwill": NaN,
        "Net Income From Continuing Operation Net Minority Interest": NaN,
        "Reconciled Depreciation": NaN,
        "Reconciled Cost Of Revenue": NaN,
        "EBITDA": NaN,
        "EBIT": NaN,
        "Net Interest Income": NaN,
        "Interest Expense": NaN,
        "Normalized Income": NaN,
        "Net Income From Continuing And Discontinued Operation": NaN,
        "Total Expenses": NaN,
        "Total Operating Income As Reported": NaN,
        "Diluted Average Shares": NaN,
        "Basic Average Shares": NaN,
        "Diluted EPS": NaN,
        "Basic EPS": NaN,
        "Diluted NI Availto Com Stockholders": NaN,
        "Net Income Common Stockholders": NaN,
        "Net Income": NaN,
        "Minority Interests": NaN,
        "Net Income Including Noncontrolling Interests": NaN,
        "Net Income Continuous Operations": NaN,
        "Tax Provision": NaN,
        "Pretax Income": NaN,
        "Other Income Expense": NaN,
        "Other Non Operating Income Expenses": NaN,
        "Special Income Charges": 0.0,
        "Other Special Charges": NaN,
        "Gain On Sale Of Security": NaN,
        "Net Non Operating Interest Income Expense": NaN,
        "Interest Expense Non Operating": NaN,
        "Operating Income": NaN,
        "Operating Expense": NaN,
        "Other Operating Expenses": NaN,
        "Depreciation Amortization Depletion Income Statement": NaN,
        "Depreciation And Amortization In Income Statement": NaN,
        "Selling General And Administration": NaN,
        "Selling And Marketing Expense": NaN,
        "General And Administrative Expense": NaN,
        "Other Gand A": NaN,
        "Gross Profit": NaN,
        "Cost Of Revenue": NaN,
        "Total Revenue": NaN,
        "Operating Revenue": NaN
    },
    "2024-06-30": {
        "Tax Effect Of Unusual Items": 0.0,
        "Tax Rate For Calcs": 0.247,
        "Normalized EBITDA": 513221000.0,
        "Total Unusual Items": 0.0,
        "Total Unusual Items Excluding Goodwill": 0.0,
        "Net Income From Continuing Operation Net Minority Interest": 251625000.0,
        "Reconciled Depreciation": 84342000.0,
        "Reconciled Cost Of Revenue": 209199000.0,
        "EBITDA": 513221000.0,
        "EBIT": 428879000.0,
        "Net Interest Income": -94677000.0,
        "Interest Expense": 94677000.0,
        "Normalized Income": 251625000.0,
        "Net Income From Continuing And Discontinued Operation": 251625000.0,
        "Total Expenses": 542371000.0,
        "Total Operating Income As Reported": 433339000.0,
        "Diluted Average Shares": 71497000.0,
        "Basic Average Shares": 70107000.0,
        "Diluted EPS": 3.52,
        "Basic EPS": 3.59,
        "Diluted NI Availto Com Stockholders": 251625000.0,
        "Net Income Common Stockholders": 251625000.0,
        "Net Income": 251625000.0,
        "Minority Interests": -38000.0,
        "Net Income Including Noncontrolling Interests": 251663000.0,
        "Net Income Continuous Operations": 251663000.0,
        "Tax Provision": 82539000.0,
        "Pretax Income": 334202000.0,
        "Other Income Expense": -4460000.0,
        "Other Non Operating Income Expenses": -4460000.0,
        "Special Income Charges": 0.0,
        "Other Special Charges": NaN,
        "Gain On Sale Of Security": 36000.0,
        "Net Non Operating Interest Income Expense": -94677000.0,
        "Interest Expense Non Operating": 94677000.0,
        "Operating Income": 433339000.0,
        "Operating Expense": 333172000.0,
        "Other Operating Expenses": 9000.0,
        "Depreciation Amortization Depletion Income Statement": 84342000.0,
        "Depreciation And Amortization In Income Statement": 84342000.0,
        "Selling General And Administration": 248821000.0,
        "Selling And Marketing Expense": 95044000.0,
        "General And Administrative Expense": 153777000.0,
        "Other Gand A": 153777000.0,
        "Gross Profit": 766511000.0,
        "Cost Of Revenue": 209199000.0,
        "Total Revenue": 975710000.0,
        "Operating Revenue": 975710000.0
    },
    "2024-09-30": {
        "Tax Effect Of Unusual Items": -1261561.0,
        "Tax Rate For Calcs": 0.229,
        "Normalized EBITDA": 557779000.0,
        "Total Unusual Items": -5509000.0,
        "Total Unusual Items Excluding Goodwill": -5509000.0,
        "Net Income From Continuing Operation Net Minority Interest": 276397000.0,
        "Reconciled Depreciation": 89546000.0,
        "Reconciled Cost Of Revenue": 223695000.0,
        "EBITDA": 552270000.0,
        "EBIT": 462724000.0,
        "Net Interest Income": -104441000.0,
        "Interest Expense": 104441000.0,
        "Normalized Income": 280644439.0,
        "Net Income From Continuing And Discontinued Operation": 276397000.0,
        "Total Expenses": 561065000.0,
        "Total Operating Income As Reported": 468132000.0,
        "Diluted Average Shares": 70901000.0,
        "Basic Average Shares": 69518000.0,
        "Diluted EPS": 3.9,
        "Basic EPS": 3.98,
        "Diluted NI Availto Com Stockholders": 276397000.0,
        "Net Income Common Stockholders": 276397000.0,
        "Net Income": 276397000.0,
        "Minority Interests": 135000.0,
        "Net Income Including Noncontrolling Interests": 276262000.0,
        "Net Income Continuous Operations": 276262000.0,
        "Tax Provision": 82021000.0,
        "Pretax Income": 358283000.0,
        "Other Income Expense": -5408000.0,
        "Other Non Operating Income Expenses": 101000.0,
        "Special Income Charges": -5040000.0,
        "Other Special Charges": 5040000.0,
        "Gain On Sale Of Security": -469000.0,
        "Net Non Operating Interest Income Expense": -104441000.0,
        "Interest Expense Non Operating": 104441000.0,
        "Operating Income": 468132000.0,
        "Operating Expense": 337370000.0,
        "Other Operating Expenses": 5000.0,
        "Depreciation Amortization Depletion Income Statement": 89546000.0,
        "Depreciation And Amortization In Income Statement": 89546000.0,
        "Selling General And Administration": 247819000.0,
        "Selling And Marketing Expense": 94160000.0,
        "General And Administrative Expense": 153659000.0,
        "Other Gand A": 153659000.0,
        "Gross Profit": 805502000.0,
        "Cost Of Revenue": 223695000.0,
        "Total Revenue": 1029197000.0,
        "Operating Revenue": 1029197000.0
    },
    "2024-12-31": {
        "Tax Effect Of Unusual Items": 11434415.311692,
        "Tax Rate For Calcs": 0.364885,
        "Normalized EBITDA": 543278000.0,
        "Total Unusual Items": 31337000.0,
        "Total Unusual Items Excluding Goodwill": 31337000.0,
        "Net Income From Continuing Operation Net Minority Interest": 245955000.0,
        "Reconciled Depreciation": 92440000.0,
        "Reconciled Cost Of Revenue": 228780000.0,
        "EBITDA": 574615000.0,
        "EBIT": 482175000.0,
        "Net Interest Income": -94837000.0,
        "Interest Expense": 94837000.0,
        "Normalized Income": 226052415.311692,
        "Net Income From Continuing And Discontinued Operation": 245955000.0,
        "Total Expenses": 577393000.0,
        "Total Operating Income As Reported": 488348000.0,
        "Diluted Average Shares": 71463000.0,
        "Basic Average Shares": 69946000.0,
        "Diluted EPS": 3.44,
        "Basic EPS": 3.52,
        "Diluted NI Availto Com Stockholders": 245955000.0,
        "Net Income Common Stockholders": 245955000.0,
        "Net Income": 245955000.0,
        "Minority Interests": -49000.0,
        "Net Income Including Noncontrolling Interests": 246004000.0,
        "Net Income Continuous Operations": 246004000.0,
        "Tax Provision": 141334000.0,
        "Pretax Income": 387338000.0,
        "Other Income Expense": 25137000.0,
        "Other Non Operating Income Expenses": -6200000.0,
        "Special Income Charges": 31310000.0,
        "Other Special Charges": 0.0,
        "Gain On Sale Of Security": 27000.0,
        "Net Non Operating Interest Income Expense": -94837000.0,
        "Interest Expense Non Operating": 94837000.0,
        "Operating Income": 457038000.0,
        "Operating Expense": 348613000.0,
        "Other Operating Expenses": 483000.0,
        "Depreciation Amortization Depletion Income Statement": 92440000.0,
        "Depreciation And Amortization In Income Statement": 92440000.0,
        "Selling General And Administration": 255690000.0,
        "Selling And Marketing Expense": 97514000.0,
        "General And Administrative Expense": 158176000.0,
        "Other Gand A": 158176000.0,
        "Gross Profit": 805651000.0,
        "Cost Of Revenue": 228780000.0,
        "Total Revenue": 1034431000.0,
        "Operating Revenue": 1034431000.0
    },
    "2025-03-31": {
        "Tax Effect Of Unusual Items": -406980.0,
        "Tax Rate For Calcs": 0.255,
        "Normalized EBITDA": 515217000.0,
        "Total Unusual Items": -1596000.0,
        "Total Unusual Items Excluding Goodwill": -1596000.0,
        "Net Income From Continuing Operation Net Minority Interest": 243233000.0,
        "Reconciled Depreciation": 92188000.0,
        "Reconciled Cost Of Revenue": 221844000.0,
        "EBITDA": 513621000.0,
        "EBIT": 421433000.0,
        "Net Interest Income": -93922000.0,
        "Interest Expense": 93922000.0,
        "Normalized Income": 244422020.0,
        "Net Income From Continuing And Discontinued Operation": 243233000.0,
        "Total Expenses": 578543000.0,
        "Total Operating Income As Reported": 427124000.0,
        "Diluted Average Shares": 71558000.0,
        "Basic Average Shares": 70316000.0,
        "Diluted EPS": 3.4,
        "Basic EPS": 3.46,
        "Diluted NI Availto Com Stockholders": 243233000.0,
        "Net Income Common Stockholders": 243233000.0,
        "Net Income": 243233000.0,
        "Minority Interests": -642000.0,
        "Net Income Including Noncontrolling Interests": 243875000.0,
        "Net Income Continuous Operations": 243875000.0,
        "Tax Provision": 83636000.0,
        "Pretax Income": 327511000.0,
        "Other Income Expense": -5691000.0,
        "Other Non Operating Income Expenses": -4095000.0,
        "Special Income Charges": -1596000.0,
        "Other Special Charges": 1596000.0,
        "Gain On Sale Of Security": NaN,
        "Net Non Operating Interest Income Expense": -93922000.0,
        "Interest Expense Non Operating": 93922000.0,
        "Operating Income": 427124000.0,
        "Operating Expense": 356699000.0,
        "Other Operating Expenses": -5000.0,
        "Depreciation Amortization Depletion Income Statement": 92188000.0,
        "Depreciation And Amortization In Income Statement": 92188000.0,
        "Selling General And Administration": 264516000.0,
        "Selling And Marketing Expense": 107557000.0,
        "General And Administrative Expense": 156959000.0,
        "Other Gand A": 156959000.0,
        "Gross Profit": 783823000.0,
        "Cost Of Revenue": 221844000.0,
        "Total Revenue": 1005667000.0,
        "Operating Revenue": 1005667000.0
    },
    "2025-06-30": {
        "Tax Effect Of Unusual Items": 0.0,
        "Tax Rate For Calcs": 0.277321,
        "Normalized EBITDA": 581312000.0,
        "Total Unusual Items": 0.0,
        "Total Unusual Items Excluding Goodwill": 0.0,
        "Net Income From Continuing Operation Net Minority Interest": 284168000.0,
        "Reconciled Depreciation": 91350000.0,
        "Reconciled Cost Of Revenue": 238517000.0,
        "EBITDA": 581312000.0,
        "EBIT": 489962000.0,
        "Net Interest Income": -96872000.0,
        "Interest Expense": 96872000.0,
        "Normalized Income": 284168000.0,
        "Net Income From Continuing And Discontinued Operation": 284168000.0,
        "Total Expenses": 622640000.0,
        "Total Operating Income As Reported": 479390000.0,
        "Diluted Average Shares": 71429000.0,
        "Basic Average Shares": 70546000.0,
        "Diluted EPS": 3.98,
        "Basic EPS": 4.03,
        "Diluted NI Availto Com Stockholders": 284168000.0,
        "Net Income Common Stockholders": 284168000.0,
        "Net Income": 284168000.0,
        "Minority Interests": 90000.0,
        "Net Income Including Noncontrolling Interests": 284078000.0,
        "Net Income Continuous Operations": 284078000.0,
        "Tax Provision": 109012000.0,
        "Pretax Income": 393090000.0,
        "Other Income Expense": 10572000.0,
        "Other Non Operating Income Expenses": 10572000.0,
        "Special Income Charges": 0.0,
        "Other Special Charges": NaN,
        "Gain On Sale Of Security": NaN,
        "Net Non Operating Interest Income Expense": -96872000.0,
        "Interest Expense Non Operating": 96872000.0,
        "Operating Income": 479390000.0,
        "Operating Expense": 384123000.0,
        "Other Operating Expenses": 2000.0,
        "Depreciation Amortization Depletion Income Statement": 91350000.0,
        "Depreciation And Amortization In Income Statement": 91350000.0,
        "Selling General And Administration": 292771000.0,
        "Selling And Marketing Expense": 115777000.0,
        "General And Administrative Expense": 176994000.0,
        "Other Gand A": 176994000.0,
        "Gross Profit": 863513000.0,
        "Cost Of Revenue": 238517000.0,
        "Total Revenue": 1102030000.0,
        "Operating Revenue": 1102030000.0
    }
}