{
    "2023-04-30": {
        "Tax Effect Of Unusual Items": NaN,
        "Tax Rate For Calcs": NaN,
        "Normalized EBITDA": NaN,
        "Total Unusual Items": NaN,
        "Total Unusual Items Excluding Goodwill": NaN,
        "Net Income From Continuing Operation Net Minority Interest": NaN,
        "Reconciled Depreciation": NaN,
        "Reconciled Cost Of Revenue": NaN,
        "EBITDA": NaN,
        "EBIT": NaN,
        "Net Interest Income": NaN,
        "Interest Expense": NaN,
        "Interest Income": NaN,
        "Normalized Income": NaN,
        "Net Income From Continuing And Discontinued Operation": NaN,
        "Total Expenses": NaN,
        "Diluted Average Shares": 301000000.0,
        "Basic Average Shares": 299000000.0,
        "Diluted EPS": 0.53,
        "Basic EPS": 0.54,
        "Diluted NI Availto Com Stockholders": NaN,
        "Net Income Common Stockholders": NaN,
        "Net Income": NaN,
        "Minority Interests": NaN,
        "Net Income Including Noncontrolling Interests": NaN,
        "Net Income Continuous Operations": NaN,
        "Tax Provision": NaN,
        "Pretax Income": NaN,
        "Other Income Expense": -19000000.0,
        "Other Non Operating Income Expenses": NaN,
        "Special Income Charges": NaN,
        "Restructuring And Mergern Acquisition": NaN,
        "Net Non Operating Interest Income Expense": NaN,
        "Interest Expense Non Operating": NaN,
        "Interest Income Non Operating": NaN,
        "Operating Income": NaN,
        "Operating Expense": NaN,
        "Depreciation Amortization Depletion Income Statement": NaN,
        "Depreciation And Amortization In Income Statement": NaN,
        "Amortization": NaN,
        "Amortization Of Intangibles Income Statement": NaN,
        "Research And Development": NaN,
        "Selling General And Administration": NaN,
        "Selling And Marketing Expense": NaN,
        "General And Administrative Expense": NaN,
        "Other Gand A": NaN,
        "Salaries And Wages": NaN,
        "Gross Profit": NaN,
        "Cost Of Revenue": NaN,
        "Total Revenue": NaN,
        "Operating Revenue": NaN
    },
    "2023-01-31": {
        "Tax Effect Of Unusual Items": NaN,
        "Tax Rate For Calcs": NaN,
        "Normalized EBITDA": NaN,
        "Total Unusual Items": NaN,
        "Total Unusual Items Excluding Goodwill": NaN,
        "Net Income From Continuing Operation Net Minority Interest": NaN,
        "Reconciled Depreciation": NaN,
        "Reconciled Cost Of Revenue": NaN,
        "EBITDA": NaN,
        "EBIT": NaN,
        "Net Interest Income": NaN,
        "Interest Expense": NaN,
        "Interest Income": NaN,
        "Normalized Income": NaN,
        "Net Income From Continuing And Discontinued Operation": NaN,
        "Total Expenses": NaN,
        "Diluted Average Shares": NaN,
        "Basic Average Shares": NaN,
        "Diluted EPS": NaN,
        "Basic EPS": NaN,
        "Diluted NI Availto Com Stockholders": NaN,
        "Net Income Common Stockholders": NaN,
        "Net Income": NaN,
        "Minority Interests": NaN,
        "Net Income Including Noncontrolling Interests": NaN,
        "Net Income Continuous Operations": NaN,
        "Tax Provision": NaN,
        "Pretax Income": NaN,
        "Other Income Expense": 1000000.0,
        "Other Non Operating Income Expenses": NaN,
        "Special Income Charges": NaN,
        "Restructuring And Mergern Acquisition": NaN,
        "Net Non Operating Interest Income Expense": NaN,
        "Interest Expense Non Operating": NaN,
        "Interest Income Non Operating": NaN,
        "Operating Income": NaN,
        "Operating Expense": NaN,
        "Depreciation Amortization Depletion Income Statement": NaN,
        "Depreciation And Amortization In Income Statement": NaN,
        "Amortization": NaN,
        "Amortization Of Intangibles Income Statement": NaN,
        "Research And Development": NaN,
        "Selling General And Administration": NaN,
        "Selling And Marketing Expense": NaN,
        "General And Administrative Expense": NaN,
        "Other Gand A": NaN,
        "Salaries And Wages": NaN,
        "Gross Profit": NaN,
        "Cost Of Revenue": NaN,
        "Total Revenue": NaN,
        "Operating Revenue": NaN
    },
    "2022-10-31": {
        "Tax Effect Of Unusual Items": NaN,
        "Tax Rate For Calcs": NaN,
        "Normalized EBITDA": NaN,
        "Total Unusual Items": NaN,
        "Total Unusual Items Excluding Goodwill": NaN,
        "Net Income From Continuing Operation Net Minority Interest": NaN,
        "Reconciled Depreciation": NaN,
        "Reconciled Cost Of Revenue": NaN,
        "EBITDA": NaN,
        "EBIT": NaN,
        "Net Interest Income": NaN,
        "Interest Expense": NaN,
        "Interest Income": NaN,
        "Normalized Income": NaN,
        "Net Income From Continuing And Discontinued Operation": NaN,
        "Total Expenses": NaN,
        "Diluted Average Shares": NaN,
        "Basic Average Shares": NaN,
        "Diluted EPS": NaN,
        "Basic EPS": NaN,
        "Diluted NI Availto Com Stockholders": NaN,
        "Net Income Common Stockholders": NaN,
        "Net Income": NaN,
        "Minority Interests": NaN,
        "Net Income Including Noncontrolling Interests": NaN,
        "Net Income Continuous Operations": NaN,
        "Tax Provision": NaN,
        "Pretax Income": NaN,
        "Other Income Expense": NaN,
        "Other Non Operating Income Expenses": NaN,
        "Special Income Charges": NaN,
        "Restructuring And Mergern Acquisition": NaN,
        "Net Non Operating Interest Income Expense": NaN,
        "Interest Expense Non Operating": NaN,
        "Interest Income Non Operating": NaN,
        "Operating Income": NaN,
        "Operating Expense": NaN,
        "Depreciation Amortization Depletion Income Statement": NaN,
        "Depreciation And Amortization In Income Statement": NaN,
        "Amortization": NaN,
        "Amortization Of Intangibles Income Statement": NaN,
        "Research And Development": NaN,
        "Selling General And Administration": NaN,
        "Selling And Marketing Expense": NaN,
        "General And Administrative Expense": NaN,
        "Other Gand A": NaN,
        "Salaries And Wages": 3000000.0,
        "Gross Profit": NaN,
        "Cost Of Revenue": NaN,
        "Total Revenue": NaN,
        "Operating Revenue": NaN
    },
    "2022-07-31": {
        "Tax Effect Of Unusual Items": -1160000.0,
        "Tax Rate For Calcs": 0.232,
        "Normalized EBITDA": 211000000.0,
        "Total Unusual Items": -5000000.0,
        "Total Unusual Items Excluding Goodwill": -5000000.0,
        "Net Income From Continuing Operation Net Minority Interest": 96000000.0,
        "Reconciled Depreciation": 86000000.0,
        "Reconciled Cost Of Revenue": 1416000000.0,
        "EBITDA": 206000000.0,
        "EBIT": 206000000.0,
        "Net Interest Income": -45000000.0,
        "Interest Expense": 45000000.0,
        "Interest Income": 0.0,
        "Normalized Income": 99840000.0,
        "Net Income From Continuing And Discontinued Operation": 96000000.0,
        "Total Expenses": 1781000000.0,
        "Diluted Average Shares": 299000000.0,
        "Basic Average Shares": 298000000.0,
        "Diluted EPS": 0.32,
        "Basic EPS": 0.32,
        "Diluted NI Availto Com Stockholders": 96000000.0,
        "Net Income Common Stockholders": 96000000.0,
        "Net Income": 96000000.0,
        "Minority Interests": 0.0,
        "Net Income Including Noncontrolling Interests": 96000000.0,
        "Net Income Discontinuous Operations": 0.0,
        "Net Income Continuous Operations": 96000000.0,
        "Tax Provision": 29000000.0,
        "Pretax Income": 125000000.0,
        "Other Income Expense": -36000000.0,
        "Other Non Operating Income Expenses": -31000000.0,
        "Special Income Charges": -5000000.0,
        "Restructuring And Mergern Acquisition": 5000000.0,
        "Net Non Operating Interest Income Expense": -45000000.0,
        "Total Other Finance Cost": 45000000.0,
        "Interest Expense Non Operating": 45000000.0,
        "Interest Income Non Operating": 0.0,
        "Operating Income": 206000000.0,
        "Operating Expense": 365000000.0,
        "Depreciation Amortization Depletion Income Statement": 10000000.0,
        "Depreciation And Amortization In Income Statement": 10000000.0,
        "Amortization": 10000000.0,
        "Amortization Of Intangibles Income Statement": 10000000.0,
        "Research And Development": 23000000.0,
        "Selling General And Administration": 342000000.0,
        "Selling And Marketing Expense": 179000000.0,
        "General And Administrative Expense": 163000000.0,
        "Other Gand A": 163000000.0,
        "Gross Profit": 571000000.0,
        "Cost Of Revenue": 1416000000.0,
        "Total Revenue": 1987000000.0,
        "Operating Revenue": 1987000000.0
    },
    "2022-04-30": {
        "Diluted EPS": 0.62,
        "Total Revenue": NaN,
        "Gross Profit": 665,
        "Operating Income": 294,
        "EBIT": 379,
        "Net Income": 188
    },
    "2022-01-31": {
        "Diluted EPS": 0.7,
        "Total Revenue": NaN,
        "Gross Profit": 669,
        "Operating Income": 323,
        "EBIT": 406,
        "Net Income": 212
    },
    "2021-10-31": {
        "Diluted EPS": 0.86,
        "Total Revenue": NaN,
        "Gross Profit": 722,
        "Operating Income": 376,
        "EBIT": 459,
        "Net Income": 261
    },
    "2021-07-31": {
        "Diluted EPS": 0.95,
        "Total Revenue": NaN,
        "Gross Profit": 587,
        "Operating Income": 411,
        "EBIT": 495,
        "Net Income": 288
    },
    "2021-04-30": {
        "Diluted EPS": 0.52,
        "Total Revenue": NaN,
        "Gross Profit": 628,
        "Operating Income": 272,
        "EBIT": 351,
        "Net Income": 160
    },
    "2021-01-31": {
        "Diluted EPS": 0.8,
        "Total Revenue": NaN,
        "Gross Profit": 783,
        "Operating Income": 401,
        "EBIT": 479,
        "Net Income": 245
    },
    "2020-10-31": {
        "Diluted EPS": 1.02,
        "Total Revenue": NaN,
        "Gross Profit": 813,
        "Operating Income": 461,
        "EBIT": 537,
        "Net Income": 309
    },
    "2020-07-31": {
        "Diluted EPS": 0.29,
        "Total Revenue": NaN,
        "Gross Profit": 747,
        "Operating Income": 167,
        "EBIT": 254,
        "Net Income": 86
    },
    "2020-04-30": {
        "Diluted EPS": 0.55,
        "Total Revenue": NaN,
        "Gross Profit": 772,
        "Operating Income": 273,
        "EBIT": 352,
        "Net Income": 168
    },
    "2020-01-31": {
        "Diluted EPS": 3.97,
        "Total Revenue": NaN,
        "Gross Profit": 742,
        "Operating Income": 350,
        "EBIT": 431,
        "Net Income": NaN
    },
    "2019-10-31": {
        "Diluted EPS": 0.55,
        "Total Revenue": NaN,
        "Gross Profit": 738,
        "Operating Income": 317,
        "EBIT": 398,
        "Net Income": 166
    },
    "2019-07-31": {
        "Diluted EPS": -0.02,
        "Total Revenue": NaN,
        "Gross Profit": 606,
        "Operating Income": 83,
        "EBIT": 180,
        "Net Income": -8
    },
    "2019-04-30": {
        "Diluted EPS": 0.28,
        "Total Revenue": NaN,
        "Gross Profit": 655,
        "Operating Income": 245,
        "EBIT": 353,
        "Net Income": 84
    },
    "2019-01-31": {
        "Diluted EPS": -0.2,
        "Total Revenue": NaN,
        "Gross Profit": 706,
        "Operating Income": 325,
        "EBIT": 444,
        "Net Income": -59
    },
    "2018-10-31": {
        "Diluted EPS": 0.64,
        "Total Revenue": NaN,
        "Gross Profit": 726,
        "Operating Income": 326,
        "EBIT": 448,
        "Net Income": 194
    },
    "2018-07-31": {
        "Diluted EPS": 0.31,
        "Total Revenue": NaN,
        "Gross Profit": 649,
        "Operating Income": 289,
        "EBIT": 422,
        "Net Income": 94
    },
    "2018-04-30": {
        "Diluted EPS": -1.31,
        "Total Revenue": NaN,
        "Gross Profit": 615,
        "Operating Income": 158,
        "EBIT": 300,
        "Net Income": -393
    },
    "2018-01-31": {
        "Diluted EPS": 0.95,
        "Total Revenue": NaN,
        "Gross Profit": 766,
        "Operating Income": 243,
        "EBIT": 322,
        "Net Income": 285
    },
    "2017-10-31": {
        "Diluted EPS": 0.91,
        "Total Revenue": NaN,
        "Gross Profit": 783,
        "Operating Income": 412,
        "EBIT": 494,
        "Net Income": 275
    },
    "2017-07-31": {
        "Diluted EPS": 1.04,
        "Total Revenue": NaN,
        "Gross Profit": 598,
        "Operating Income": 440,
        "EBIT": 524,
        "Net Income": 318
    },
    "2017-04-30": {
        "Diluted EPS": 0.58,
        "Total Revenue": NaN,
        "Gross Profit": 665,
        "Operating Income": 298,
        "EBIT": 378,
        "Net Income": 176
    },
    "2017-01-31": {
        "Diluted EPS": 0.33,
        "Total Revenue": NaN,
        "Gross Profit": 811,
        "Operating Income": 205,
        "EBIT": 282,
        "Net Income": 101
    },
    "2016-10-31": {
        "Diluted EPS": 0.94,
        "Total Revenue": NaN,
        "Gross Profit": 851,
        "Operating Income": 457,
        "EBIT": 534,
        "Net Income": 292
    },
    "2016-07-31": {
        "Diluted EPS": -0.26,
        "Total Revenue": NaN,
        "Gross Profit": 546,
        "Operating Income": -37,
        "EBIT": 43,
        "Net Income": -81
    },
    "2016-04-30": {
        "Diluted EPS": 0.59,
        "Total Revenue": NaN,
        "Gross Profit": 660,
        "Operating Income": 268,
        "EBIT": 344,
        "Net Income": 185
    },
    "2016-01-31": {
        "Diluted EPS": 0.85,
        "Total Revenue": NaN,
        "Gross Profit": 819,
        "Operating Income": 414,
        "EBIT": 492,
        "Net Income": 265
    },
    "2015-10-31": {
        "Diluted EPS": 0.62,
        "Total Revenue": NaN,
        "Gross Profit": 755,
        "Operating Income": 315,
        "EBIT": 389,
        "Net Income": 194
    },
    "2015-07-31": {
        "Diluted EPS": 0.07,
        "Total Revenue": NaN,
        "Gross Profit": 562,
        "Operating Income": 43,
        "EBIT": 123,
        "Net Income": 17
    },
    "2015-04-30": {
        "Diluted EPS": 0.57,
        "Total Revenue": NaN,
        "Gross Profit": 682,
        "Operating Income": 285,
        "EBIT": 359,
        "Net Income": 179
    },
    "2015-01-31": {
        "Diluted EPS": 0.71,
        "Total Revenue": NaN,
        "Gross Profit": 743,
        "Operating Income": 337,
        "EBIT": 411,
        "Net Income": 222
    },
    "2014-10-31": {
        "Diluted EPS": 0.78,
        "Total Revenue": NaN,
        "Gross Profit": 795,
        "Operating Income": 389,
        "EBIT": 464,
        "Net Income": 248
    },
    "2014-07-31": {
        "Diluted EPS": 0.59,
        "Total Revenue": NaN,
        "Gross Profit": 704,
        "Operating Income": 309,
        "EBIT": 392,
        "Net Income": 185
    },
    "2014-04-30": {
        "Diluted EPS": 0.58,
        "Total Revenue": NaN,
        "Gross Profit": 676,
        "Operating Income": 292,
        "EBIT": 366,
        "Net Income": 184
    },
    "2014-01-31": {
        "Diluted EPS": 1.03,
        "Total Revenue": NaN,
        "Gross Profit": 814,
        "Operating Income": 361,
        "EBIT": 435,
        "Net Income": 325
    },
    "2013-10-31": {
        "Diluted EPS": 0.54,
        "Total Revenue": NaN,
        "Gross Profit": 777,
        "Operating Income": 305,
        "EBIT": 379,
        "Net Income": 172
    },
    "2013-07-31": {
        "Diluted EPS": -0.51,
        "Total Revenue": NaN,
        "Gross Profit": 623,
        "Operating Income": 178,
        "EBIT": 267,
        "Net Income": -158
    },
    "2013-04-30": {
        "Diluted EPS": 0.57,
        "Total Revenue": NaN,
        "Gross Profit": 706,
        "Operating Income": 257,
        "EBIT": 356,
        "Net Income": 181
    },
    "2013-01-31": {
        "Diluted EPS": 0.6,
        "Total Revenue": NaN,
        "Gross Profit": 762,
        "Operating Income": 277,
        "EBIT": 398,
        "Net Income": 190
    },
    "2012-10-31": {
        "Diluted EPS": 0.78,
        "Total Revenue": NaN,
        "Gross Profit": 821,
        "Operating Income": 368,
        "EBIT": 466,
        "Net Income": 245
    },
    "2012-07-31": {
        "Diluted EPS": 0.4,
        "Total Revenue": NaN,
        "Gross Profit": 439,
        "Operating Income": 146,
        "EBIT": 219,
        "Net Income": 130
    },
    "2012-04-30": {
        "Diluted EPS": 0.55,
        "Total Revenue": NaN,
        "Gross Profit": 706,
        "Operating Income": 264,
        "EBIT": 329,
        "Net Income": 176
    },
    "2012-01-31": {
        "Diluted EPS": 0.64,
        "Total Revenue": NaN,
        "Gross Profit": 811,
        "Operating Income": 329,
        "EBIT": 390,
        "Net Income": 205
    },
    "2011-10-31": {
        "Diluted EPS": 0.82,
        "Total Revenue": NaN,
        "Gross Profit": 854,
        "Operating Income": 416,
        "EBIT": 479,
        "Net Income": 263
    },
    "2011-07-31": {
        "Diluted EPS": 0.32,
        "Total Revenue": NaN,
        "Gross Profit": 424,
        "Operating Income": 102,
        "EBIT": 176,
        "Net Income": 100
    },
    "2011-04-30": {
        "Diluted EPS": 0.57,
        "Total Revenue": NaN,
        "Gross Profit": 732,
        "Operating Income": 307,
        "EBIT": 372,
        "Net Income": 187
    },
    "2011-01-31": {
        "Diluted EPS": 0.71,
        "Total Revenue": NaN,
        "Gross Profit": 838,
        "Operating Income": 359,
        "EBIT": 423,
        "Net Income": 239
    },
    "2010-10-31": {
        "Diluted EPS": 0.82,
        "Total Revenue": NaN,
        "Gross Profit": 894,
        "Operating Income": 444,
        "EBIT": 509,
        "Net Income": 279
    },
    "2010-07-31": {
        "Diluted EPS": 0.32,
        "Total Revenue": NaN,
        "Gross Profit": 613,
        "Operating Income": 187,
        "EBIT": 253,
        "Net Income": 108
    },
    "2010-04-30": {
        "Diluted EPS": 0.49,
        "Total Revenue": NaN,
        "Gross Profit": 743,
        "Operating Income": 292,
        "EBIT": 355,
        "Net Income": 168
    },
    "2010-01-31": {
        "Diluted EPS": 0.74,
        "Total Revenue": NaN,
        "Gross Profit": 871,
        "Operating Income": 391,
        "EBIT": 453,
        "Net Income": 254
    },
    "2009-10-31": {
        "Diluted EPS": 0.87,
        "Total Revenue": NaN,
        "Gross Profit": 923,
        "Operating Income": 478,
        "EBIT": 538,
        "Net Income": 300
    },
    "2009-07-31": {
        "Diluted EPS": 0.22,
        "Total Revenue": NaN,
        "Gross Profit": 635,
        "Operating Income": 145,
        "EBIT": 214,
        "Net Income": 66
    },
    "2009-04-30": {
        "Diluted EPS": 0.49,
        "Total Revenue": NaN,
        "Gross Profit": 685,
        "Operating Income": 286,
        "EBIT": 348,
        "Net Income": 174
    },
    "2009-01-31": {
        "Diluted EPS": 0.64,
        "Total Revenue": NaN,
        "Gross Profit": 837,
        "Operating Income": 355,
        "EBIT": 422,
        "Net Income": 229
    },
    "2023-07-31": {
        "Tax Effect Of Unusual Items": NaN,
        "Tax Rate For Calcs": NaN,
        "Normalized EBITDA": NaN,
        "Total Unusual Items": NaN,
        "Total Unusual Items Excluding Goodwill": NaN,
        "Net Income From Continuing Operation Net Minority Interest": NaN,
        "Reconciled Depreciation": NaN,
        "Reconciled Cost Of Revenue": NaN,
        "EBITDA": NaN,
        "EBIT": NaN,
        "Net Interest Income": NaN,
        "Interest Expense": NaN,
        "Interest Income": NaN,
        "Normalized Income": NaN,
        "Net Income From Continuing And Discontinued Operation": NaN,
        "Total Expenses": NaN,
        "Diluted Average Shares": 299000000.0,
        "Basic Average Shares": 298000000.0,
        "Diluted EPS": 0.57,
        "Basic EPS": 0.57,
        "Diluted NI Availto Com Stockholders": NaN,
        "Net Income Common Stockholders": NaN,
        "Net Income": NaN,
        "Minority Interests": NaN,
        "Net Income Including Noncontrolling Interests": NaN,
        "Net Income Continuous Operations": NaN,
        "Tax Provision": NaN,
        "Pretax Income": NaN,
        "Other Income Expense": NaN,
        "Other Non Operating Income Expenses": NaN,
        "Special Income Charges": NaN,
        "Gain On Sale Of Business": NaN,
        "Restructuring And Mergern Acquisition": NaN,
        "Net Non Operating Interest Income Expense": NaN,
        "Interest Expense Non Operating": NaN,
        "Interest Income Non Operating": NaN,
        "Operating Income": NaN,
        "Operating Expense": NaN,
        "Depreciation Amortization Depletion Income Statement": NaN,
        "Depreciation And Amortization In Income Statement": NaN,
        "Amortization": NaN,
        "Amortization Of Intangibles Income Statement": NaN,
        "Research And Development": NaN,
        "Selling General And Administration": NaN,
        "Selling And Marketing Expense": NaN,
        "General And Administrative Expense": NaN,
        "Other Gand A": NaN,
        "Salaries And Wages": NaN,
        "Gross Profit": NaN,
        "Cost Of Revenue": NaN,
        "Total Revenue": NaN,
        "Operating Revenue": NaN
    },
    "2023-10-31": {
        "Tax Effect Of Unusual Items": NaN,
        "Tax Rate For Calcs": NaN,
        "Normalized EBITDA": NaN,
        "Total Unusual Items": NaN,
        "Total Unusual Items Excluding Goodwill": NaN,
        "Net Income From Continuing Operation Net Minority Interest": NaN,
        "Reconciled Depreciation": NaN,
        "Reconciled Cost Of Revenue": NaN,
        "EBITDA": NaN,
        "EBIT": NaN,
        "Net Interest Income": NaN,
        "Interest Expense": NaN,
        "Interest Income": NaN,
        "Normalized Income": NaN,
        "Net Income From Continuing And Discontinued Operation": NaN,
        "Total Expenses": NaN,
        "Diluted Average Shares": NaN,
        "Basic Average Shares": NaN,
        "Diluted EPS": NaN,
        "Basic EPS": NaN,
        "Diluted NI Availto Com Stockholders": NaN,
        "Net Income Common Stockholders": NaN,
        "Net Income": NaN,
        "Minority Interests": NaN,
        "Net Income Including Noncontrolling Interests": NaN,
        "Net Income Continuous Operations": NaN,
        "Tax Provision": NaN,
        "Pretax Income": NaN,
        "Other Income Expense": NaN,
        "Other Non Operating Income Expenses": NaN,
        "Special Income Charges": NaN,
        "Gain On Sale Of Business": NaN,
        "Impairment Of Capital Assets": NaN,
        "Restructuring And Mergern Acquisition": NaN,
        "Net Non Operating Interest Income Expense": NaN,
        "Interest Expense Non Operating": NaN,
        "Interest Income Non Operating": NaN,
        "Operating Income": NaN,
        "Operating Expense": NaN,
        "Depreciation Amortization Depletion Income Statement": NaN,
        "Depreciation And Amortization In Income Statement": NaN,
        "Amortization": NaN,
        "Amortization Of Intangibles Income Statement": NaN,
        "Research And Development": NaN,
        "Selling General And Administration": NaN,
        "Selling And Marketing Expense": NaN,
        "General And Administrative Expense": NaN,
        "Other Gand A": NaN,
        "Salaries And Wages": 8000000.0,
        "Gross Profit": NaN,
        "Cost Of Revenue": NaN,
        "Total Revenue": NaN,
        "Operating Revenue": NaN
    },
    "2024-01-31": {
        "Tax Effect Of Unusual Items": NaN,
        "Tax Rate For Calcs": NaN,
        "Normalized EBITDA": NaN,
        "Total Unusual Items": NaN,
        "Total Unusual Items Excluding Goodwill": NaN,
        "Net Income From Continuing Operation Net Minority Interest": NaN,
        "Reconciled Depreciation": NaN,
        "Reconciled Cost Of Revenue": NaN,
        "EBITDA": NaN,
        "EBIT": NaN,
        "Net Interest Income": NaN,
        "Interest Expense": NaN,
        "Interest Income": NaN,
        "Normalized Income": NaN,
        "Net Income From Continuing And Discontinued Operation": NaN,
        "Total Expenses": NaN,
        "Diluted Average Shares": NaN,
        "Basic Average Shares": NaN,
        "Diluted EPS": NaN,
        "Basic EPS": NaN,
        "Diluted NI Availto Com Stockholders": NaN,
        "Net Income Common Stockholders": NaN,
        "Net Income": NaN,
        "Minority Interests": NaN,
        "Net Income Including Noncontrolling Interests": NaN,
        "Net Income Continuous Operations": NaN,
        "Tax Provision": NaN,
        "Pretax Income": NaN,
        "Other Income Expense": NaN,
        "Other Non Operating Income Expenses": NaN,
        "Special Income Charges": NaN,
        "Gain On Sale Of Business": 0.0,
        "Impairment Of Capital Assets": 0.0,
        "Restructuring And Mergern Acquisition": NaN,
        "Net Non Operating Interest Income Expense": NaN,
        "Interest Expense Non Operating": NaN,
        "Interest Income Non Operating": NaN,
        "Operating Income": NaN,
        "Operating Expense": NaN,
        "Depreciation Amortization Depletion Income Statement": NaN,
        "Depreciation And Amortization In Income Statement": NaN,
        "Amortization": NaN,
        "Amortization Of Intangibles Income Statement": NaN,
        "Research And Development": NaN,
        "Selling General And Administration": NaN,
        "Selling And Marketing Expense": NaN,
        "General And Administrative Expense": NaN,
        "Other Gand A": NaN,
        "Gross Profit": NaN,
        "Cost Of Revenue": NaN,
        "Total Revenue": NaN,
        "Operating Revenue": NaN
    },
    "2024-04-30": {
        "Tax Effect Of Unusual Items": -7801000.0,
        "Tax Rate For Calcs": 0.269,
        "Normalized EBITDA": 387000000.0,
        "Total Unusual Items": -29000000.0,
        "Total Unusual Items Excluding Goodwill": -29000000.0,
        "Net Income From Continuing Operation Net Minority Interest": 133000000.0,
        "Reconciled Depreciation": 106000000.0,
        "Reconciled Cost Of Revenue": 1549000000.0,
        "EBITDA": 358000000.0,
        "EBIT": 252000000.0,
        "Net Interest Income": -66000000.0,
        "Interest Expense": 70000000.0,
        "Interest Income": 4000000.0,
        "Normalized Income": 154199000.0,
        "Net Income From Continuing And Discontinued Operation": 133000000.0,
        "Total Expenses": 2096000000.0,
        "Diluted Average Shares": 300000000.0,
        "Basic Average Shares": 298000000.0,
        "Diluted EPS": 0.44,
        "Basic EPS": 0.45,
        "Diluted NI Availto Com Stockholders": 133000000.0,
        "Net Income Common Stockholders": 133000000.0,
        "Net Income": 133000000.0,
        "Minority Interests": 0.0,
        "Net Income Including Noncontrolling Interests": 133000000.0,
        "Net Income Continuous Operations": 133000000.0,
        "Tax Provision": 49000000.0,
        "Pretax Income": 182000000.0,
        "Other Income Expense": -25000000.0,
        "Other Non Operating Income Expenses": 4000000.0,
        "Special Income Charges": -29000000.0,
        "Gain On Sale Of Business": 0.0,
        "Impairment Of Capital Assets": 0.0,
        "Restructuring And Mergern Acquisition": 29000000.0,
        "Net Non Operating Interest Income Expense": -66000000.0,
        "Interest Expense Non Operating": 70000000.0,
        "Interest Income Non Operating": 4000000.0,
        "Operating Income": 273000000.0,
        "Operating Expense": 459000000.0,
        "Depreciation Amortization Depletion Income Statement": 18000000.0,
        "Depreciation And Amortization In Income Statement": 18000000.0,
        "Amortization": 18000000.0,
        "Amortization Of Intangibles Income Statement": 18000000.0,
        "Research And Development": 27000000.0,
        "Selling General And Administration": 414000000.0,
        "Selling And Marketing Expense": 206000000.0,
        "General And Administrative Expense": 208000000.0,
        "Other Gand A": 208000000.0,
        "Gross Profit": 732000000.0,
        "Cost Of Revenue": 1637000000.0,
        "Total Revenue": 2369000000.0,
        "Operating Revenue": 2369000000.0
    },
    "2024-07-31": {
        "Tax Effect Of Unusual Items": -31500000.0,
        "Tax Rate For Calcs": 0.21,
        "Normalized EBITDA": 341000000.0,
        "Total Unusual Items": -150000000.0,
        "Total Unusual Items Excluding Goodwill": -150000000.0,
        "Net Income From Continuing Operation Net Minority Interest": -3000000.0,
        "Reconciled Depreciation": 113000000.0,
        "Reconciled Cost Of Revenue": 1526000000.0,
        "EBITDA": 191000000.0,
        "EBIT": 78000000.0,
        "Net Interest Income": -83000000.0,
        "Interest Expense": 84000000.0,
        "Interest Income": 1000000.0,
        "Normalized Income": 115500000.0,
        "Net Income From Continuing And Discontinued Operation": -3000000.0,
        "Total Expenses": 2035000000.0,
        "Diluted Average Shares": 298000000.0,
        "Basic Average Shares": 298000000.0,
        "Diluted EPS": -0.01,
        "Basic EPS": -0.01,
        "Diluted NI Availto Com Stockholders": -3000000.0,
        "Net Income Common Stockholders": -3000000.0,
        "Net Income": -3000000.0,
        "Minority Interests": 0.0,
        "Net Income Including Noncontrolling Interests": -3000000.0,
        "Net Income Continuous Operations": -3000000.0,
        "Tax Provision": -3000000.0,
        "Pretax Income": -6000000.0,
        "Other Income Expense": -181000000.0,
        "Other Non Operating Income Expenses": -31000000.0,
        "Special Income Charges": -150000000.0,
        "Gain On Sale Of Business": NaN,
        "Impairment Of Capital Assets": NaN,
        "Restructuring And Mergern Acquisition": 21000000.0,
        "Net Non Operating Interest Income Expense": -83000000.0,
        "Interest Expense Non Operating": 84000000.0,
        "Interest Income Non Operating": 1000000.0,
        "Operating Income": 258000000.0,
        "Operating Expense": 417000000.0,
        "Depreciation Amortization Depletion Income Statement": 21000000.0,
        "Depreciation And Amortization In Income Statement": 21000000.0,
        "Amortization": 21000000.0,
        "Amortization Of Intangibles Income Statement": 21000000.0,
        "Research And Development": 26000000.0,
        "Selling General And Administration": 370000000.0,
        "Selling And Marketing Expense": 188000000.0,
        "General And Administrative Expense": 182000000.0,
        "Other Gand A": 182000000.0,
        "Gross Profit": 675000000.0,
        "Cost Of Revenue": 1618000000.0,
        "Total Revenue": 2293000000.0,
        "Operating Revenue": 2293000000.0
    },
    "2024-10-31": {
        "Tax Effect Of Unusual Items": -7192000.0,
        "Tax Rate For Calcs": 0.232,
        "Normalized EBITDA": 511000000.0,
        "Total Unusual Items": -31000000.0,
        "Total Unusual Items Excluding Goodwill": -31000000.0,
        "Net Income From Continuing Operation Net Minority Interest": 218000000.0,
        "Reconciled Depreciation": 109000000.0,
        "Reconciled Cost Of Revenue": 1816000000.0,
        "EBITDA": 480000000.0,
        "EBIT": 371000000.0,
        "Net Interest Income": -83000000.0,
        "Interest Expense": 87000000.0,
        "Interest Income": 4000000.0,
        "Normalized Income": 241808000.0,
        "Net Income From Continuing And Discontinued Operation": 218000000.0,
        "Total Expenses": 2376000000.0,
        "Diluted Average Shares": 301000000.0,
        "Basic Average Shares": 298000000.0,
        "Diluted EPS": 0.72,
        "Basic EPS": 0.73,
        "Diluted NI Availto Com Stockholders": 218000000.0,
        "Net Income Common Stockholders": 218000000.0,
        "Net Income": 218000000.0,
        "Minority Interests": 0.0,
        "Net Income Including Noncontrolling Interests": 218000000.0,
        "Net Income Continuous Operations": 218000000.0,
        "Tax Provision": 66000000.0,
        "Pretax Income": 284000000.0,
        "Other Income Expense": -29000000.0,
        "Other Non Operating Income Expenses": 2000000.0,
        "Special Income Charges": -31000000.0,
        "Gain On Sale Of Business": -25000000.0,
        "Impairment Of Capital Assets": NaN,
        "Restructuring And Mergern Acquisition": 6000000.0,
        "Net Non Operating Interest Income Expense": -83000000.0,
        "Interest Expense Non Operating": 87000000.0,
        "Interest Income Non Operating": 4000000.0,
        "Operating Income": 396000000.0,
        "Operating Expense": 471000000.0,
        "Depreciation Amortization Depletion Income Statement": 20000000.0,
        "Depreciation And Amortization In Income Statement": 20000000.0,
        "Amortization": 20000000.0,
        "Amortization Of Intangibles Income Statement": 20000000.0,
        "Research And Development": 26000000.0,
        "Selling General And Administration": 425000000.0,
        "Selling And Marketing Expense": 250000000.0,
        "General And Administrative Expense": 175000000.0,
        "Other Gand A": 175000000.0,
        "Gross Profit": 867000000.0,
        "Cost Of Revenue": 1905000000.0,
        "Total Revenue": 2772000000.0,
        "Operating Revenue": 2772000000.0
    },
    "2025-01-31": {
        "Tax Effect Of Unusual Items": -9300000.0,
        "Tax Rate For Calcs": 0.3,
        "Normalized EBITDA": 476000000.0,
        "Total Unusual Items": -31000000.0,
        "Total Unusual Items Excluding Goodwill": -31000000.0,
        "Net Income From Continuing Operation Net Minority Interest": 173000000.0,
        "Reconciled Depreciation": 110000000.0,
        "Reconciled Cost Of Revenue": 1775000000.0,
        "EBITDA": 445000000.0,
        "EBIT": 335000000.0,
        "Net Interest Income": -80000000.0,
        "Interest Expense": 88000000.0,
        "Interest Income": 8000000.0,
        "Normalized Income": 194700000.0,
        "Net Income From Continuing And Discontinued Operation": 173000000.0,
        "Total Expenses": 2331000000.0,
        "Diluted Average Shares": 299000000.0,
        "Basic Average Shares": 298000000.0,
        "Diluted EPS": 0.58,
        "Basic EPS": 0.58,
        "Diluted NI Availto Com Stockholders": 173000000.0,
        "Net Income Common Stockholders": 173000000.0,
        "Net Income": 173000000.0,
        "Minority Interests": 0.0,
        "Net Income Including Noncontrolling Interests": 173000000.0,
        "Net Income Continuous Operations": 173000000.0,
        "Tax Provision": 74000000.0,
        "Pretax Income": 247000000.0,
        "Other Income Expense": -27000000.0,
        "Other Non Operating Income Expenses": 4000000.0,
        "Special Income Charges": -31000000.0,
        "Gain On Sale Of Business": 0.0,
        "Impairment Of Capital Assets": 26000000.0,
        "Restructuring And Mergern Acquisition": 5000000.0,
        "Net Non Operating Interest Income Expense": -80000000.0,
        "Interest Expense Non Operating": 88000000.0,
        "Interest Income Non Operating": 8000000.0,
        "Operating Income": 354000000.0,
        "Operating Expense": 465000000.0,
        "Depreciation Amortization Depletion Income Statement": 19000000.0,
        "Depreciation And Amortization In Income Statement": 19000000.0,
        "Amortization": 19000000.0,
        "Amortization Of Intangibles Income Statement": 19000000.0,
        "Research And Development": 25000000.0,
        "Selling General And Administration": 421000000.0,
        "Selling And Marketing Expense": 256000000.0,
        "General And Administrative Expense": 165000000.0,
        "Other Gand A": 165000000.0,
        "Gross Profit": 819000000.0,
        "Cost Of Revenue": 1866000000.0,
        "Total Revenue": 2685000000.0,
        "Operating Revenue": 2685000000.0
    },
    "2025-04-30": {
        "Tax Effect Of Unusual Items": -28860000.0,
        "Tax Rate For Calcs": 0.185,
        "Normalized EBITDA": 431000000.0,
        "Total Unusual Items": -156000000.0,
        "Total Unusual Items Excluding Goodwill": -156000000.0,
        "Net Income From Continuing Operation Net Minority Interest": 66000000.0,
        "Reconciled Depreciation": 109000000.0,
        "Reconciled Cost Of Revenue": 1657000000.0,
        "EBITDA": 275000000.0,
        "EBIT": 166000000.0,
        "Net Interest Income": -80000000.0,
        "Interest Expense": 85000000.0,
        "Interest Income": 5000000.0,
        "Normalized Income": 193140000.0,
        "Net Income From Continuing And Discontinued Operation": 66000000.0,
        "Total Expenses": 2167000000.0,
        "Diluted Average Shares": 299000000.0,
        "Basic Average Shares": 298000000.0,
        "Diluted EPS": 0.22,
        "Basic EPS": 0.22,
        "Diluted NI Availto Com Stockholders": 66000000.0,
        "Net Income Common Stockholders": 66000000.0,
        "Net Income": 66000000.0,
        "Minority Interests": 0.0,
        "Net Income Including Noncontrolling Interests": 66000000.0,
        "Net Income Continuous Operations": 66000000.0,
        "Tax Provision": 15000000.0,
        "Pretax Income": 81000000.0,
        "Other Income Expense": -147000000.0,
        "Other Non Operating Income Expenses": 9000000.0,
        "Special Income Charges": -156000000.0,
        "Gain On Sale Of Business": 0.0,
        "Impairment Of Capital Assets": 150000000.0,
        "Restructuring And Mergern Acquisition": 6000000.0,
        "Net Non Operating Interest Income Expense": -80000000.0,
        "Interest Expense Non Operating": 85000000.0,
        "Interest Income Non Operating": 5000000.0,
        "Operating Income": 308000000.0,
        "Operating Expense": 420000000.0,
        "Depreciation Amortization Depletion Income Statement": 19000000.0,
        "Depreciation And Amortization In Income Statement": 19000000.0,
        "Amortization": 19000000.0,
        "Amortization Of Intangibles Income Statement": 19000000.0,
        "Research And Development": 23000000.0,
        "Selling General And Administration": 378000000.0,
        "Selling And Marketing Expense": 216000000.0,
        "General And Administrative Expense": 162000000.0,
        "Other Gand A": 162000000.0,
        "Gross Profit": 728000000.0,
        "Cost Of Revenue": 1747000000.0,
        "Total Revenue": 2475000000.0,
        "Operating Revenue": 2475000000.0
    }
}