{
    "2023-03-31": {
        "Tax Effect Of Unusual Items": NaN,
        "Tax Rate For Calcs": NaN,
        "Normalized EBITDA": NaN,
        "Net Income From Continuing Operation Net Minority Interest": NaN,
        "Reconciled Depreciation": NaN,
        "Reconciled Cost Of Revenue": NaN,
        "EBITDA": NaN,
        "EBIT": NaN,
        "Net Interest Income": NaN,
        "Interest Expense": NaN,
        "Interest Income": NaN,
        "Normalized Income": NaN,
        "Net Income From Continuing And Discontinued Operation": NaN,
        "Total Expenses": NaN,
        "Total Operating Income As Reported": NaN,
        "Diluted Average Shares": NaN,
        "Basic Average Shares": NaN,
        "Diluted EPS": NaN,
        "Basic EPS": NaN,
        "Diluted NI Availto Com Stockholders": NaN,
        "Net Income Common Stockholders": NaN,
        "Net Income": NaN,
        "Minority Interests": NaN,
        "Net Income Including Noncontrolling Interests": NaN,
        "Net Income Continuous Operations": NaN,
        "Tax Provision": NaN,
        "Pretax Income": NaN,
        "Other Income Expense": NaN,
        "Other Non Operating Income Expenses": NaN,
        "Net Non Operating Interest Income Expense": NaN,
        "Interest Expense Non Operating": NaN,
        "Interest Income Non Operating": NaN,
        "Operating Income": NaN,
        "Operating Expense": NaN,
        "Other Operating Expenses": 1313152000.0,
        "Selling General And Administration": 1313000000.0,
        "General And Administrative Expense": 1313000000.0,
        "Other Gand A": 1313000000.0,
        "Gross Profit": NaN,
        "Cost Of Revenue": NaN,
        "Total Revenue": NaN,
        "Operating Revenue": NaN
    },
    "2022-12-31": {
        "Tax Effect Of Unusual Items": NaN,
        "Tax Rate For Calcs": NaN,
        "Normalized EBITDA": NaN,
        "Net Income From Continuing Operation Net Minority Interest": NaN,
        "Reconciled Depreciation": NaN,
        "Reconciled Cost Of Revenue": NaN,
        "EBITDA": NaN,
        "EBIT": NaN,
        "Net Interest Income": NaN,
        "Interest Expense": NaN,
        "Interest Income": NaN,
        "Normalized Income": NaN,
        "Net Income From Continuing And Discontinued Operation": NaN,
        "Total Expenses": NaN,
        "Total Operating Income As Reported": NaN,
        "Diluted Average Shares": NaN,
        "Basic Average Shares": NaN,
        "Diluted EPS": NaN,
        "Basic EPS": NaN,
        "Diluted NI Availto Com Stockholders": NaN,
        "Net Income Common Stockholders": NaN,
        "Net Income": NaN,
        "Minority Interests": NaN,
        "Net Income Including Noncontrolling Interests": NaN,
        "Net Income Continuous Operations": NaN,
        "Tax Provision": NaN,
        "Pretax Income": NaN,
        "Other Income Expense": NaN,
        "Other Non Operating Income Expenses": NaN,
        "Net Non Operating Interest Income Expense": NaN,
        "Interest Expense Non Operating": NaN,
        "Interest Income Non Operating": NaN,
        "Operating Income": NaN,
        "Operating Expense": NaN,
        "Other Operating Expenses": 1195377000.0,
        "Selling General And Administration": NaN,
        "General And Administrative Expense": NaN,
        "Other Gand A": NaN,
        "Gross Profit": NaN,
        "Cost Of Revenue": NaN,
        "Total Revenue": NaN,
        "Operating Revenue": NaN
    },
    "2022-09-30": {
        "Tax Effect Of Unusual Items": 0.0,
        "Tax Rate For Calcs": 0.07055,
        "Normalized EBITDA": 158471000.0,
        "Net Income From Continuing Operation Net Minority Interest": 90679000.0,
        "Reconciled Depreciation": 54424000.0,
        "Reconciled Cost Of Revenue": 3867446000.0,
        "EBITDA": 158471000.0,
        "EBIT": 104047000.0,
        "Net Interest Income": 8918000.0,
        "Interest Expense": 6485000.0,
        "Interest Income": 15403000.0,
        "Normalized Income": 90679000.0,
        "Net Income From Continuing And Discontinued Operation": 90679000.0,
        "Total Expenses": 5023914000.0,
        "Total Operating Income As Reported": 77420000.0,
        "Diluted Average Shares": 1790941000.0,
        "Basic Average Shares": 1767275000.0,
        "Diluted EPS": 0.05,
        "Basic EPS": 0.05,
        "Diluted NI Availto Com Stockholders": 90679000.0,
        "Net Income Common Stockholders": 90679000.0,
        "Net Income": 90679000.0,
        "Net Income Including Noncontrolling Interests": 90679000.0,
        "Net Income Continuous Operations": 90679000.0,
        "Tax Provision": 6883000.0,
        "Pretax Income": 97562000.0,
        "Other Income Expense": 11224000.0,
        "Other Non Operating Income Expenses": 11224000.0,
        "Net Non Operating Interest Income Expense": 8918000.0,
        "Interest Expense Non Operating": 6485000.0,
        "Interest Income Non Operating": 15403000.0,
        "Operating Income": 77420000.0,
        "Operating Expense": 1156468000.0,
        "Other Operating Expenses": 1156468000.0,
        "Selling General And Administration": 1156468000.0,
        "General And Administrative Expense": 1156468000.0,
        "Other Gand A": 1156468000.0,
        "Gross Profit": 1233888000.0,
        "Cost Of Revenue": 3867446000.0,
        "Total Revenue": 5101334000.0,
        "Operating Revenue": 4540393000.0
    },
    "2022-06-30": {
        "Tax Effect Of Unusual Items": 0.0,
        "Tax Rate For Calcs": 0.4,
        "Normalized EBITDA": -8609000.0,
        "Net Income From Continuing Operation Net Minority Interest": -75491000.0,
        "Reconciled Depreciation": 60399000.0,
        "Reconciled Cost Of Revenue": 3884028000.0,
        "EBITDA": -8609000.0,
        "EBIT": -69008000.0,
        "Net Interest Income": 1221000.0,
        "Interest Expense": 6143000.0,
        "Interest Income": 7364000.0,
        "Normalized Income": -75491000.0,
        "Net Income From Continuing And Discontinued Operation": -75491000.0,
        "Total Expenses": 5104964000.0,
        "Total Operating Income As Reported": -67143000.0,
        "Diluted Average Shares": 1763264000.0,
        "Basic Average Shares": 1763264000.0,
        "Diluted EPS": -0.04,
        "Basic EPS": -0.04,
        "Diluted NI Availto Com Stockholders": -75491000.0,
        "Net Income Common Stockholders": -75491000.0,
        "Net Income": -75491000.0,
        "Net Income Including Noncontrolling Interests": -75491000.0,
        "Net Income Continuous Operations": -75491000.0,
        "Tax Provision": 340000.0,
        "Pretax Income": -75151000.0,
        "Other Income Expense": -9229000.0,
        "Other Non Operating Income Expenses": -9229000.0,
        "Net Non Operating Interest Income Expense": 1221000.0,
        "Interest Expense Non Operating": 6143000.0,
        "Interest Income Non Operating": 7364000.0,
        "Operating Income": -67143000.0,
        "Operating Expense": 1220936000.0,
        "Other Operating Expenses": 1220936000.0,
        "Selling General And Administration": 1220936000.0,
        "General And Administrative Expense": 1220936000.0,
        "Other Gand A": 1220936000.0,
        "Gross Profit": 1153793000.0,
        "Cost Of Revenue": 3884028000.0,
        "Total Revenue": 5037821000.0,
        "Operating Revenue": 4481165000.0
    },
    "2022-03-31": {
        "Diluted EPS": -0.12,
        "Total Revenue": NaN,
        "Gross Profit": NaN,
        "Operating Income": -206,
        "EBIT": -146,
        "Net Income": -209
    },
    "2021-12-31": {
        "Diluted EPS": 0.09,
        "Total Revenue": NaN,
        "Gross Profit": 806,
        "Operating Income": -397,
        "EBIT": -341,
        "Net Income": -405
    },
    "2021-09-30": {
        "Diluted EPS": -0.19,
        "Total Revenue": NaN,
        "Gross Profit": 755,
        "Operating Income": -315,
        "EBIT": -264,
        "Net Income": -324
    },
    "2021-06-30": {
        "Diluted EPS": -0.3,
        "Total Revenue": NaN,
        "Gross Profit": 658,
        "Operating Income": -515,
        "EBIT": -468,
        "Net Income": -519
    },
    "2021-03-31": {
        "Diluted EPS": -0.68,
        "Total Revenue": NaN,
        "Gross Profit": 733,
        "Operating Income": -267,
        "EBIT": -220,
        "Net Income": -295
    },
    "2020-12-31": {
        "Diluted EPS": -1.7,
        "Total Revenue": NaN,
        "Gross Profit": 649,
        "Operating Income": -131,
        "EBIT": -89,
        "Net Income": -83
    },
    "2020-09-30": {
        "Diluted EPS": -5.91,
        "Total Revenue": NaN,
        "Gross Profit": 467,
        "Operating Income": -216,
        "EBIT": -184,
        "Net Income": -173
    },
    "2020-06-30": {
        "Diluted EPS": -5.81,
        "Total Revenue": NaN,
        "Gross Profit": 440,
        "Operating Income": -95,
        "EBIT": -67,
        "Net Income": -160
    },
    "2020-03-31": {
        "Diluted EPS": -5.74,
        "Total Revenue": NaN,
        "Gross Profit": 430,
        "Operating Income": -74,
        "EBIT": -48,
        "Net Income": -140
    },
    "2019-12-31": {
        "Diluted EPS": 0.0,
        "Total Revenue": NaN,
        "Gross Profit": NaN,
        "Operating Income": NaN,
        "EBIT": NaN,
        "Net Income": NaN
    },
    "2023-06-30": {
        "Tax Effect Of Unusual Items": NaN,
        "Tax Rate For Calcs": NaN,
        "Normalized EBITDA": NaN,
        "Net Income From Continuing Operation Net Minority Interest": NaN,
        "Reconciled Depreciation": NaN,
        "Reconciled Cost Of Revenue": NaN,
        "EBITDA": NaN,
        "EBIT": NaN,
        "Net Interest Income": NaN,
        "Interest Expense": NaN,
        "Interest Income": NaN,
        "Normalized Income": NaN,
        "Net Income From Continuing And Discontinued Operation": NaN,
        "Total Expenses": NaN,
        "Total Operating Income As Reported": NaN,
        "Diluted Average Shares": NaN,
        "Basic Average Shares": NaN,
        "Diluted EPS": NaN,
        "Basic EPS": NaN,
        "Diluted NI Availto Com Stockholders": NaN,
        "Net Income Common Stockholders": NaN,
        "Net Income": NaN,
        "Minority Interests": NaN,
        "Net Income Including Noncontrolling Interests": NaN,
        "Net Income Continuous Operations": NaN,
        "Tax Provision": NaN,
        "Pretax Income": NaN,
        "Other Income Expense": NaN,
        "Other Non Operating Income Expenses": NaN,
        "Net Non Operating Interest Income Expense": NaN,
        "Interest Expense Non Operating": NaN,
        "Interest Income Non Operating": NaN,
        "Operating Income": NaN,
        "Operating Expense": NaN,
        "Other Operating Expenses": 1376146000.0,
        "Selling General And Administration": 1376146000.0,
        "General And Administrative Expense": 1376146000.0,
        "Other Gand A": 1376146000.0,
        "Gross Profit": NaN,
        "Cost Of Revenue": NaN,
        "Total Revenue": NaN,
        "Operating Revenue": NaN
    },
    "2023-09-30": {
        "Tax Effect Of Unusual Items": NaN,
        "Tax Rate For Calcs": NaN,
        "Normalized EBITDA": NaN,
        "Net Income From Continuing Operation Net Minority Interest": NaN,
        "Reconciled Depreciation": NaN,
        "Reconciled Cost Of Revenue": NaN,
        "EBITDA": NaN,
        "EBIT": NaN,
        "Net Interest Income": NaN,
        "Interest Expense": NaN,
        "Interest Income": NaN,
        "Normalized Income": NaN,
        "Net Income From Continuing And Discontinued Operation": NaN,
        "Total Expenses": NaN,
        "Total Operating Income As Reported": NaN,
        "Diluted Average Shares": NaN,
        "Basic Average Shares": NaN,
        "Diluted EPS": NaN,
        "Basic EPS": NaN,
        "Diluted NI Availto Com Stockholders": NaN,
        "Net Income Common Stockholders": NaN,
        "Net Income": NaN,
        "Minority Interests": NaN,
        "Net Income Including Noncontrolling Interests": NaN,
        "Net Income Continuous Operations": NaN,
        "Tax Provision": NaN,
        "Pretax Income": NaN,
        "Other Income Expense": NaN,
        "Other Non Operating Income Expenses": NaN,
        "Net Non Operating Interest Income Expense": NaN,
        "Interest Expense Non Operating": NaN,
        "Interest Income Non Operating": NaN,
        "Operating Income": NaN,
        "Operating Expense": NaN,
        "Other Operating Expenses": 1478303000.0,
        "Selling General And Administration": 1478303000.0,
        "General And Administrative Expense": 1478303000.0,
        "Other Gand A": 1478303000.0,
        "Gross Profit": NaN,
        "Cost Of Revenue": NaN,
        "Total Revenue": NaN,
        "Operating Revenue": NaN
    },
    "2023-12-31": {
        "Tax Effect Of Unusual Items": NaN,
        "Tax Rate For Calcs": NaN,
        "Normalized EBITDA": NaN,
        "Net Income From Continuing Operation Net Minority Interest": NaN,
        "Reconciled Depreciation": NaN,
        "Reconciled Cost Of Revenue": NaN,
        "EBITDA": NaN,
        "EBIT": NaN,
        "Net Interest Income": NaN,
        "Interest Expense": NaN,
        "Interest Income": NaN,
        "Normalized Income": NaN,
        "Net Income From Continuing And Discontinued Operation": NaN,
        "Total Expenses": NaN,
        "Total Operating Income As Reported": NaN,
        "Diluted Average Shares": NaN,
        "Basic Average Shares": NaN,
        "Diluted EPS": NaN,
        "Basic EPS": NaN,
        "Diluted NI Availto Com Stockholders": NaN,
        "Net Income Common Stockholders": NaN,
        "Net Income": NaN,
        "Minority Interests": NaN,
        "Net Income Including Noncontrolling Interests": NaN,
        "Net Income Continuous Operations": NaN,
        "Tax Provision": NaN,
        "Pretax Income": NaN,
        "Other Income Expense": NaN,
        "Other Non Operating Income Expenses": NaN,
        "Net Non Operating Interest Income Expense": NaN,
        "Interest Expense Non Operating": NaN,
        "Interest Income Non Operating": NaN,
        "Operating Income": NaN,
        "Operating Expense": NaN,
        "Other Operating Expenses": 1549399000.0,
        "Selling General And Administration": 1549399000.0,
        "General And Administrative Expense": 1549399000.0,
        "Other Gand A": 1549399000.0,
        "Gross Profit": NaN,
        "Cost Of Revenue": NaN,
        "Total Revenue": NaN,
        "Operating Revenue": NaN
    },
    "2024-03-31": {
        "Tax Effect Of Unusual Items": 0.0,
        "Tax Rate For Calcs": 0.21,
        "Normalized EBITDA": 181000000.0,
        "Net Income From Continuing Operation Net Minority Interest": 5000000.0,
        "Reconciled Depreciation": 95000000.0,
        "Reconciled Cost Of Revenue": 5185000000.0,
        "EBITDA": 181000000.0,
        "EBIT": 86000000.0,
        "Net Interest Income": 28000000.0,
        "Interest Expense": 27000000.0,
        "Interest Income": 55000000.0,
        "Normalized Income": 5000000.0,
        "Net Income From Continuing And Discontinued Operation": 5000000.0,
        "Total Expenses": 7074000000.0,
        "Total Operating Income As Reported": 40000000.0,
        "Diluted Average Shares": 1815000000.0,
        "Basic Average Shares": 1794000000.0,
        "Diluted EPS": 0.0,
        "Basic EPS": 0.0,
        "Diluted NI Availto Com Stockholders": 5000000.0,
        "Net Income Common Stockholders": 5000000.0,
        "Net Income": 5000000.0,
        "Minority Interests": 29000000.0,
        "Net Income Including Noncontrolling Interests": -24000000.0,
        "Net Income Continuous Operations": -24000000.0,
        "Tax Provision": 83000000.0,
        "Pretax Income": 59000000.0,
        "Other Income Expense": -9000000.0,
        "Other Non Operating Income Expenses": -9000000.0,
        "Net Non Operating Interest Income Expense": 28000000.0,
        "Interest Expense Non Operating": 27000000.0,
        "Interest Income Non Operating": 55000000.0,
        "Operating Income": 40000000.0,
        "Operating Expense": 1889000000.0,
        "Other Operating Expenses": NaN,
        "Selling General And Administration": 1889000000.0,
        "General And Administrative Expense": 1889000000.0,
        "Other Gand A": 1889000000.0,
        "Gross Profit": 1929000000.0,
        "Cost Of Revenue": 5185000000.0,
        "Total Revenue": 7114000000.0,
        "Operating Revenue": 5895000000.0
    },
    "2024-06-30": {
        "Tax Effect Of Unusual Items": 0.0,
        "Tax Rate For Calcs": 0.21,
        "Normalized EBITDA": 146000000.0,
        "Net Income From Continuing Operation Net Minority Interest": -77000000.0,
        "Reconciled Depreciation": 106000000.0,
        "Reconciled Cost Of Revenue": 5181000000.0,
        "EBITDA": 146000000.0,
        "EBIT": 40000000.0,
        "Net Interest Income": 16000000.0,
        "Interest Expense": 37000000.0,
        "Interest Income": 53000000.0,
        "Normalized Income": -77000000.0,
        "Net Income From Continuing And Discontinued Operation": -77000000.0,
        "Total Expenses": 7348000000.0,
        "Total Operating Income As Reported": -25000000.0,
        "Diluted Average Shares": 1789000000.0,
        "Basic Average Shares": 1789000000.0,
        "Diluted EPS": -0.04,
        "Basic EPS": -0.04,
        "Diluted NI Availto Com Stockholders": -77000000.0,
        "Net Income Common Stockholders": -77000000.0,
        "Net Income": -77000000.0,
        "Minority Interests": 28000000.0,
        "Net Income Including Noncontrolling Interests": -105000000.0,
        "Net Income Continuous Operations": -105000000.0,
        "Tax Provision": 108000000.0,
        "Pretax Income": 3000000.0,
        "Other Income Expense": 12000000.0,
        "Other Non Operating Income Expenses": 12000000.0,
        "Net Non Operating Interest Income Expense": 16000000.0,
        "Interest Expense Non Operating": 37000000.0,
        "Interest Income Non Operating": 53000000.0,
        "Operating Income": -25000000.0,
        "Operating Expense": 2167000000.0,
        "Other Operating Expenses": NaN,
        "Selling General And Administration": NaN,
        "General And Administrative Expense": NaN,
        "Other Gand A": NaN,
        "Gross Profit": 2142000000.0,
        "Cost Of Revenue": 5181000000.0,
        "Total Revenue": 7323000000.0,
        "Operating Revenue": 5779000000.0
    },
    "2024-09-30": {
        "Tax Effect Of Unusual Items": 0.0,
        "Tax Rate For Calcs": 0.21,
        "Normalized EBITDA": 280000000.0,
        "Net Income From Continuing Operation Net Minority Interest": 70000000.0,
        "Reconciled Depreciation": 112000000.0,
        "Reconciled Cost Of Revenue": 5597000000.0,
        "EBITDA": 280000000.0,
        "EBIT": 168000000.0,
        "Net Interest Income": 19000000.0,
        "Interest Expense": 36000000.0,
        "Interest Income": 55000000.0,
        "Normalized Income": 70000000.0,
        "Net Income From Continuing And Discontinued Operation": 70000000.0,
        "Total Expenses": 7757000000.0,
        "Total Operating Income As Reported": 109000000.0,
        "Diluted Average Shares": 1829000000.0,
        "Basic Average Shares": 1795000000.0,
        "Diluted EPS": 0.04,
        "Basic EPS": 0.04,
        "Diluted NI Availto Com Stockholders": 70000000.0,
        "Net Income Common Stockholders": 70000000.0,
        "Net Income": 70000000.0,
        "Minority Interests": 6000000.0,
        "Net Income Including Noncontrolling Interests": 64000000.0,
        "Net Income Continuous Operations": 64000000.0,
        "Tax Provision": 68000000.0,
        "Pretax Income": 132000000.0,
        "Other Income Expense": 4000000.0,
        "Other Non Operating Income Expenses": 4000000.0,
        "Net Non Operating Interest Income Expense": 19000000.0,
        "Interest Expense Non Operating": 36000000.0,
        "Interest Income Non Operating": 55000000.0,
        "Operating Income": 109000000.0,
        "Operating Expense": 2160000000.0,
        "Other Operating Expenses": NaN,
        "Selling General And Administration": NaN,
        "General And Administrative Expense": NaN,
        "Other Gand A": NaN,
        "Gross Profit": 2269000000.0,
        "Cost Of Revenue": 5597000000.0,
        "Total Revenue": 7866000000.0,
        "Operating Revenue": 6140000000.0
    },
    "2024-12-31": {
        "Tax Effect Of Unusual Items": 0.0,
        "Tax Rate For Calcs": 0.21,
        "Normalized EBITDA": 439000000.0,
        "Net Income From Continuing Operation Net Minority Interest": 156000000.0,
        "Reconciled Depreciation": 120000000.0,
        "Reconciled Cost Of Revenue": 5474000000.0,
        "EBITDA": 439000000.0,
        "EBIT": 319000000.0,
        "Net Interest Income": 13000000.0,
        "Interest Expense": 40000000.0,
        "Interest Income": 53000000.0,
        "Normalized Income": 156000000.0,
        "Net Income From Continuing And Discontinued Operation": 156000000.0,
        "Total Expenses": 7653000000.0,
        "Total Operating Income As Reported": 312000000.0,
        "Diluted Average Shares": 1837000000.0,
        "Basic Average Shares": 1800000000.0,
        "Diluted EPS": 0.08,
        "Basic EPS": 0.09,
        "Diluted NI Availto Com Stockholders": 156000000.0,
        "Net Income Common Stockholders": 156000000.0,
        "Net Income": 156000000.0,
        "Minority Interests": 25000000.0,
        "Net Income Including Noncontrolling Interests": 131000000.0,
        "Net Income Continuous Operations": 131000000.0,
        "Tax Provision": 148000000.0,
        "Pretax Income": 279000000.0,
        "Other Income Expense": -46000000.0,
        "Other Non Operating Income Expenses": -46000000.0,
        "Net Non Operating Interest Income Expense": 13000000.0,
        "Interest Expense Non Operating": 40000000.0,
        "Interest Income Non Operating": 53000000.0,
        "Operating Income": 312000000.0,
        "Operating Expense": 2179000000.0,
        "Other Operating Expenses": NaN,
        "Selling General And Administration": NaN,
        "General And Administrative Expense": NaN,
        "Other Gand A": NaN,
        "Gross Profit": 2491000000.0,
        "Cost Of Revenue": 5474000000.0,
        "Total Revenue": 7965000000.0,
        "Operating Revenue": 6052000000.0
    },
    "2025-03-31": {
        "Tax Effect Of Unusual Items": 0.0,
        "Tax Rate For Calcs": 0.4,
        "Normalized EBITDA": 361000000.0,
        "Net Income From Continuing Operation Net Minority Interest": 107000000.0,
        "Reconciled Depreciation": 122000000.0,
        "Reconciled Cost Of Revenue": 5592000000.0,
        "EBITDA": 361000000.0,
        "EBIT": 239000000.0,
        "Net Interest Income": 26000000.0,
        "Interest Expense": 23000000.0,
        "Interest Income": 49000000.0,
        "Normalized Income": 107000000.0,
        "Net Income From Continuing And Discontinued Operation": 107000000.0,
        "Total Expenses": 7754000000.0,
        "Total Operating Income As Reported": 154000000.0,
        "Diluted Average Shares": 1840000000.0,
        "Basic Average Shares": 1806000000.0,
        "Diluted EPS": 0.06,
        "Basic EPS": 0.06,
        "Diluted NI Availto Com Stockholders": 107000000.0,
        "Net Income Common Stockholders": 107000000.0,
        "Net Income": 107000000.0,
        "Minority Interests": -7000000.0,
        "Net Income Including Noncontrolling Interests": 114000000.0,
        "Net Income Continuous Operations": 114000000.0,
        "Tax Provision": 102000000.0,
        "Pretax Income": 216000000.0,
        "Other Income Expense": 36000000.0,
        "Other Non Operating Income Expenses": 36000000.0,
        "Net Non Operating Interest Income Expense": 26000000.0,
        "Interest Expense Non Operating": 23000000.0,
        "Interest Income Non Operating": 49000000.0,
        "Operating Income": 154000000.0,
        "Operating Expense": 2162000000.0,
        "Other Operating Expenses": NaN,
        "Selling General And Administration": NaN,
        "General And Administrative Expense": NaN,
        "Other Gand A": NaN,
        "Gross Profit": 2316000000.0,
        "Cost Of Revenue": 5592000000.0,
        "Total Revenue": 7908000000.0,
        "Operating Revenue": 6088000000.0
    }
}