{
    "2023-03-31": {
        "Tax Effect Of Unusual Items": NaN,
        "Tax Rate For Calcs": NaN,
        "Normalized EBITDA": NaN,
        "Total Unusual Items": NaN,
        "Total Unusual Items Excluding Goodwill": NaN,
        "Net Income From Continuing Operation Net Minority Interest": NaN,
        "Reconciled Depreciation": NaN,
        "Reconciled Cost Of Revenue": NaN,
        "EBITDA": NaN,
        "EBIT": NaN,
        "Net Interest Income": NaN,
        "Normalized Income": NaN,
        "Net Income From Continuing And Discontinued Operation": NaN,
        "Total Expenses": NaN,
        "Total Operating Income As Reported": NaN,
        "Diluted Average Shares": NaN,
        "Basic Average Shares": NaN,
        "Diluted EPS": NaN,
        "Basic EPS": NaN,
        "Diluted NI Availto Com Stockholders": NaN,
        "Net Income Common Stockholders": NaN,
        "Net Income": NaN,
        "Net Income Including Noncontrolling Interests": NaN,
        "Net Income Continuous Operations": NaN,
        "Tax Provision": NaN,
        "Pretax Income": NaN,
        "Other Income Expense": NaN,
        "Other Non Operating Income Expenses": 1704000.0,
        "Gain On Sale Of Security": NaN,
        "Net Non Operating Interest Income Expense": NaN,
        "Total Other Finance Cost": NaN,
        "Operating Income": NaN,
        "Operating Expense": NaN,
        "Depreciation Amortization Depletion Income Statement": NaN,
        "Depreciation And Amortization In Income Statement": NaN,
        "Amortization": NaN,
        "Amortization Of Intangibles Income Statement": NaN,
        "Research And Development": NaN,
        "Selling General And Administration": NaN,
        "Selling And Marketing Expense": NaN,
        "General And Administrative Expense": NaN,
        "Other Gand A": NaN,
        "Salaries And Wages": NaN,
        "Gross Profit": NaN,
        "Cost Of Revenue": NaN,
        "Total Revenue": NaN,
        "Operating Revenue": NaN
    },
    "2022-12-31": {
        "Tax Effect Of Unusual Items": NaN,
        "Tax Rate For Calcs": NaN,
        "Normalized EBITDA": NaN,
        "Net Income From Continuing Operation Net Minority Interest": NaN,
        "Reconciled Depreciation": NaN,
        "Reconciled Cost Of Revenue": NaN,
        "EBITDA": NaN,
        "EBIT": NaN,
        "Normalized Income": NaN,
        "Net Income From Continuing And Discontinued Operation": NaN,
        "Total Expenses": NaN,
        "Total Operating Income As Reported": NaN,
        "Diluted Average Shares": 113531124.0,
        "Basic Average Shares": 104583296.0,
        "Diluted EPS": 0.22,
        "Basic EPS": 0.24,
        "Diluted NI Availto Com Stockholders": NaN,
        "Net Income Common Stockholders": NaN,
        "Net Income": NaN,
        "Net Income Including Noncontrolling Interests": NaN,
        "Net Income Continuous Operations": NaN,
        "Tax Provision": NaN,
        "Pretax Income": NaN,
        "Other Income Expense": NaN,
        "Other Non Operating Income Expenses": NaN,
        "Operating Income": NaN,
        "Operating Expense": NaN,
        "Depreciation Amortization Depletion Income Statement": NaN,
        "Depreciation And Amortization In Income Statement": NaN,
        "Amortization": NaN,
        "Amortization Of Intangibles Income Statement": NaN,
        "Research And Development": NaN,
        "Selling General And Administration": NaN,
        "Selling And Marketing Expense": NaN,
        "General And Administrative Expense": NaN,
        "Other Gand A": NaN,
        "Salaries And Wages": NaN,
        "Gross Profit": NaN,
        "Cost Of Revenue": NaN,
        "Total Revenue": NaN,
        "Operating Revenue": NaN
    },
    "2022-09-30": {
        "Tax Effect Of Unusual Items": 0.0,
        "Tax Rate For Calcs": 0.125312,
        "Normalized EBITDA": 25655000.0,
        "Net Income From Continuing Operation Net Minority Interest": 22748000.0,
        "Reconciled Depreciation": 553000.0,
        "Reconciled Cost Of Revenue": 9665000.0,
        "EBITDA": 25655000.0,
        "EBIT": 25102000.0,
        "Normalized Income": 22748000.0,
        "Net Income From Continuing And Discontinued Operation": 22748000.0,
        "Total Expenses": 32142000.0,
        "Total Operating Income As Reported": 25102000.0,
        "Diluted Average Shares": 111986025.0,
        "Basic Average Shares": 103318572.0,
        "Diluted EPS": 0.2,
        "Basic EPS": 0.22,
        "Diluted NI Availto Com Stockholders": 22748000.0,
        "Net Income Common Stockholders": 22748000.0,
        "Net Income": 22748000.0,
        "Net Income Including Noncontrolling Interests": 22748000.0,
        "Net Income Continuous Operations": 22748000.0,
        "Tax Provision": 3259000.0,
        "Pretax Income": 26007000.0,
        "Other Income Expense": 905000.0,
        "Other Non Operating Income Expenses": 905000.0,
        "Operating Income": 25102000.0,
        "Operating Expense": 22477000.0,
        "Depreciation Amortization Depletion Income Statement": NaN,
        "Depreciation And Amortization In Income Statement": NaN,
        "Amortization": NaN,
        "Amortization Of Intangibles Income Statement": NaN,
        "Research And Development": 8310000.0,
        "Selling General And Administration": 14167000.0,
        "Selling And Marketing Expense": 7584000.0,
        "General And Administrative Expense": 6583000.0,
        "Other Gand A": 4978000.0,
        "Salaries And Wages": 1605000.0,
        "Gross Profit": 47579000.0,
        "Cost Of Revenue": 9665000.0,
        "Total Revenue": 57244000.0,
        "Operating Revenue": 57244000.0
    },
    "2022-06-30": {
        "Tax Effect Of Unusual Items": 0.0,
        "Tax Rate For Calcs": 0.23459,
        "Normalized EBITDA": 28606000.0,
        "Net Income From Continuing Operation Net Minority Interest": 21619000.0,
        "Reconciled Depreciation": 37000.0,
        "Reconciled Cost Of Revenue": 7643000.0,
        "EBITDA": 28606000.0,
        "EBIT": 28569000.0,
        "Normalized Income": 21619000.0,
        "Net Income From Continuing And Discontinued Operation": 21619000.0,
        "Total Expenses": 24544000.0,
        "Total Operating Income As Reported": 28569000.0,
        "Diluted Average Shares": 109264730.0,
        "Basic Average Shares": 102795600.0,
        "Diluted EPS": 0.2,
        "Basic EPS": 0.21,
        "Diluted NI Availto Com Stockholders": 21619000.0,
        "Net Income Common Stockholders": 21619000.0,
        "Net Income": 21619000.0,
        "Net Income Including Noncontrolling Interests": 21619000.0,
        "Net Income Continuous Operations": 21619000.0,
        "Tax Provision": 6626000.0,
        "Pretax Income": 28245000.0,
        "Other Income Expense": -324000.0,
        "Other Non Operating Income Expenses": -324000.0,
        "Operating Income": 28569000.0,
        "Operating Expense": 16901000.0,
        "Depreciation Amortization Depletion Income Statement": NaN,
        "Depreciation And Amortization In Income Statement": NaN,
        "Amortization": NaN,
        "Amortization Of Intangibles Income Statement": NaN,
        "Research And Development": 3983000.0,
        "Selling General And Administration": 12918000.0,
        "Selling And Marketing Expense": 7268000.0,
        "General And Administrative Expense": 5650000.0,
        "Other Gand A": 4052000.0,
        "Salaries And Wages": 1598000.0,
        "Gross Profit": 45470000.0,
        "Cost Of Revenue": 7643000.0,
        "Total Revenue": 53113000.0,
        "Operating Revenue": 53113000.0
    },
    "2022-03-31": {
        "Diluted EPS": 0.12,
        "Total Revenue": 43,
        "Gross Profit": 37,
        "Operating Income": 17,
        "EBIT": 17,
        "Net Income": 13
    },
    "2021-12-31": {
        "Diluted EPS": 0.09,
        "Total Revenue": 38,
        "Gross Profit": 31,
        "Operating Income": 13,
        "EBIT": 13,
        "Net Income": 9
    },
    "2021-09-30": {
        "Diluted EPS": 0.1,
        "Total Revenue": 36,
        "Gross Profit": 31,
        "Operating Income": 14,
        "EBIT": 14,
        "Net Income": 10
    },
    "2021-06-30": {
        "Diluted EPS": 0.11,
        "Total Revenue": 36,
        "Gross Profit": 32,
        "Operating Income": 16,
        "EBIT": 16,
        "Net Income": 12
    },
    "2021-03-31": {
        "Diluted EPS": 0.07,
        "Total Revenue": 30,
        "Gross Profit": 26,
        "Operating Income": 10,
        "EBIT": 10,
        "Net Income": 8
    },
    "2020-12-31": {
        "Diluted EPS": 0.11,
        "Total Revenue": 31,
        "Gross Profit": 26,
        "Operating Income": 9,
        "EBIT": 9,
        "Net Income": 11
    },
    "2020-09-30": {
        "Diluted EPS": 0.41,
        "Total Revenue": 29,
        "Gross Profit": 25,
        "Operating Income": 12,
        "EBIT": 12,
        "Net Income": 43
    },
    "2020-06-30": {
        "Diluted EPS": 0.09,
        "Total Revenue": 30,
        "Gross Profit": 25,
        "Operating Income": 10,
        "EBIT": 10,
        "Net Income": 10
    },
    "2020-03-31": {
        "Diluted EPS": 0.1,
        "Total Revenue": 29,
        "Gross Profit": 25,
        "Operating Income": 11,
        "EBIT": 11,
        "Net Income": 10
    },
    "2019-12-31": {
        "Diluted EPS": 0.08,
        "Total Revenue": 30,
        "Gross Profit": 26,
        "Operating Income": 8,
        "EBIT": 8,
        "Net Income": 8
    },
    "2019-09-30": {
        "Diluted EPS": 0.13,
        "Total Revenue": 31,
        "Gross Profit": 27,
        "Operating Income": 14,
        "EBIT": 14,
        "Net Income": 14
    },
    "2019-06-30": {
        "Diluted EPS": 0.1,
        "Total Revenue": 29,
        "Gross Profit": 25,
        "Operating Income": 11,
        "EBIT": 11,
        "Net Income": 11
    },
    "2019-03-31": {
        "Diluted EPS": -0.01,
        "Total Revenue": 12,
        "Gross Profit": 11,
        "Operating Income": -1,
        "EBIT": -1,
        "Net Income": -1
    },
    "2018-12-31": {
        "Diluted EPS": -0.13,
        "Total Revenue": NaN,
        "Gross Profit": NaN,
        "Operating Income": -15,
        "EBIT": -15,
        "Net Income": -15
    },
    "2018-09-30": {
        "Diluted EPS": -0.08,
        "Total Revenue": NaN,
        "Gross Profit": NaN,
        "Operating Income": -8,
        "EBIT": -8,
        "Net Income": -8
    },
    "2018-06-30": {
        "Diluted EPS": -0.06,
        "Total Revenue": NaN,
        "Gross Profit": NaN,
        "Operating Income": -6,
        "EBIT": -6,
        "Net Income": -6
    },
    "2018-03-31": {
        "Diluted EPS": -0.06,
        "Total Revenue": NaN,
        "Gross Profit": NaN,
        "Operating Income": -6,
        "EBIT": -6,
        "Net Income": -6
    },
    "2017-12-31": {
        "Diluted EPS": -0.05,
        "Total Revenue": NaN,
        "Gross Profit": NaN,
        "Operating Income": -6,
        "EBIT": -6,
        "Net Income": -5
    },
    "2017-09-30": {
        "Diluted EPS": -0.05,
        "Total Revenue": NaN,
        "Gross Profit": NaN,
        "Operating Income": -4,
        "EBIT": -4,
        "Net Income": -4
    },
    "2017-06-30": {
        "Diluted EPS": -0.05,
        "Total Revenue": NaN,
        "Gross Profit": NaN,
        "Operating Income": -4,
        "EBIT": -4,
        "Net Income": -4
    },
    "2017-03-31": {
        "Diluted EPS": -0.06,
        "Total Revenue": NaN,
        "Gross Profit": NaN,
        "Operating Income": -5,
        "EBIT": -5,
        "Net Income": -5
    },
    "2016-12-31": {
        "Diluted EPS": -0.04,
        "Total Revenue": NaN,
        "Gross Profit": NaN,
        "Operating Income": -4,
        "EBIT": -4,
        "Net Income": -4
    },
    "2016-09-30": {
        "Diluted EPS": -0.05,
        "Total Revenue": NaN,
        "Gross Profit": NaN,
        "Operating Income": -4,
        "EBIT": -4,
        "Net Income": -4
    },
    "2016-06-30": {
        "Diluted EPS": -0.06,
        "Total Revenue": NaN,
        "Gross Profit": NaN,
        "Operating Income": -5,
        "EBIT": -5,
        "Net Income": -5
    },
    "2016-03-31": {
        "Diluted EPS": -0.07,
        "Total Revenue": NaN,
        "Gross Profit": NaN,
        "Operating Income": -6,
        "EBIT": -6,
        "Net Income": -5
    },
    "2015-12-31": {
        "Diluted EPS": -0.07,
        "Total Revenue": NaN,
        "Gross Profit": NaN,
        "Operating Income": -6,
        "EBIT": -6,
        "Net Income": -6
    },
    "2015-09-30": {
        "Diluted EPS": -0.05,
        "Total Revenue": NaN,
        "Gross Profit": NaN,
        "Operating Income": -5,
        "EBIT": -5,
        "Net Income": -4
    },
    "2015-06-30": {
        "Diluted EPS": -0.06,
        "Total Revenue": NaN,
        "Gross Profit": NaN,
        "Operating Income": -5,
        "EBIT": -5,
        "Net Income": -5
    },
    "2015-03-31": {
        "Diluted EPS": -0.07,
        "Total Revenue": NaN,
        "Gross Profit": NaN,
        "Operating Income": -4,
        "EBIT": -4,
        "Net Income": -5
    },
    "2014-12-31": {
        "Diluted EPS": -0.05,
        "Total Revenue": NaN,
        "Gross Profit": NaN,
        "Operating Income": -4,
        "EBIT": -4,
        "Net Income": -3
    },
    "2014-09-30": {
        "Diluted EPS": -0.07,
        "Total Revenue": NaN,
        "Gross Profit": NaN,
        "Operating Income": -4,
        "EBIT": -4,
        "Net Income": -5
    },
    "2014-06-30": {
        "Diluted EPS": -0.05,
        "Total Revenue": NaN,
        "Gross Profit": NaN,
        "Operating Income": -3,
        "EBIT": -3,
        "Net Income": -3
    },
    "2014-03-31": {
        "Diluted EPS": -0.07,
        "Total Revenue": NaN,
        "Gross Profit": NaN,
        "Operating Income": -4,
        "EBIT": -4,
        "Net Income": -4
    },
    "2013-12-31": {
        "Diluted EPS": -0.02,
        "Total Revenue": NaN,
        "Gross Profit": NaN,
        "Operating Income": -3,
        "EBIT": -3,
        "Net Income": -1
    },
    "2013-09-30": {
        "Diluted EPS": -0.13,
        "Total Revenue": NaN,
        "Gross Profit": NaN,
        "Operating Income": -3,
        "EBIT": -3,
        "Net Income": -6
    },
    "2013-06-30": {
        "Diluted EPS": -0.08,
        "Total Revenue": NaN,
        "Gross Profit": NaN,
        "Operating Income": -3,
        "EBIT": -3,
        "Net Income": -3
    },
    "2013-03-31": {
        "Diluted EPS": -0.04,
        "Total Revenue": NaN,
        "Gross Profit": NaN,
        "Operating Income": -2,
        "EBIT": -2,
        "Net Income": -2
    },
    "2012-12-31": {
        "Diluted EPS": -0.01,
        "Total Revenue": NaN,
        "Gross Profit": NaN,
        "Operating Income": -2,
        "EBIT": -2,
        "Net Income": 0
    },
    "2012-09-30": {
        "Diluted EPS": -0.08,
        "Total Revenue": NaN,
        "Gross Profit": NaN,
        "Operating Income": -1,
        "EBIT": -1,
        "Net Income": -3
    },
    "2012-06-30": {
        "Diluted EPS": -0.01,
        "Total Revenue": NaN,
        "Gross Profit": NaN,
        "Operating Income": -1,
        "EBIT": -1,
        "Net Income": 0
    },
    "2012-03-31": {
        "Diluted EPS": -0.04,
        "Total Revenue": NaN,
        "Gross Profit": NaN,
        "Operating Income": -1,
        "EBIT": -1,
        "Net Income": -1
    },
    "2011-12-31": {
        "Diluted EPS": -0.1,
        "Total Revenue": NaN,
        "Gross Profit": NaN,
        "Operating Income": -2,
        "EBIT": -2,
        "Net Income": -2
    },
    "2011-09-30": {
        "Diluted EPS": -0.05,
        "Total Revenue": NaN,
        "Gross Profit": NaN,
        "Operating Income": -1,
        "EBIT": -1,
        "Net Income": -1
    },
    "2011-06-30": {
        "Diluted EPS": -0.06,
        "Total Revenue": NaN,
        "Gross Profit": NaN,
        "Operating Income": -1,
        "EBIT": -1,
        "Net Income": -1
    },
    "2011-03-31": {
        "Diluted EPS": -0.08,
        "Total Revenue": NaN,
        "Gross Profit": NaN,
        "Operating Income": -2,
        "EBIT": -2,
        "Net Income": -2
    },
    "2010-12-31": {
        "Diluted EPS": -0.04,
        "Total Revenue": NaN,
        "Gross Profit": NaN,
        "Operating Income": -1,
        "EBIT": -1,
        "Net Income": -1
    },
    "2010-09-30": {
        "Diluted EPS": -0.05,
        "Total Revenue": NaN,
        "Gross Profit": NaN,
        "Operating Income": -1,
        "EBIT": -1,
        "Net Income": -1
    },
    "2010-06-30": {
        "Diluted EPS": -0.07,
        "Total Revenue": NaN,
        "Gross Profit": NaN,
        "Operating Income": -1,
        "EBIT": -1,
        "Net Income": -1
    },
    "2010-03-31": {
        "Diluted EPS": -0.06,
        "Total Revenue": NaN,
        "Gross Profit": NaN,
        "Operating Income": -1,
        "EBIT": -1,
        "Net Income": -1
    },
    "2009-12-31": {
        "Diluted EPS": -0.04,
        "Total Revenue": NaN,
        "Gross Profit": NaN,
        "Operating Income": -1,
        "EBIT": -1,
        "Net Income": -1
    },
    "2009-09-30": {
        "Diluted EPS": -0.09,
        "Total Revenue": NaN,
        "Gross Profit": NaN,
        "Operating Income": -1,
        "EBIT": -1,
        "Net Income": -1
    },
    "2009-06-30": {
        "Diluted EPS": -0.13,
        "Total Revenue": NaN,
        "Gross Profit": NaN,
        "Operating Income": -2,
        "EBIT": -2,
        "Net Income": -2
    },
    "2009-03-31": {
        "Diluted EPS": -0.22,
        "Total Revenue": NaN,
        "Gross Profit": NaN,
        "Operating Income": -3,
        "EBIT": -3,
        "Net Income": -3
    },
    "2023-06-30": {
        "Tax Effect Of Unusual Items": NaN,
        "Tax Rate For Calcs": NaN,
        "Normalized EBITDA": NaN,
        "Total Unusual Items": NaN,
        "Total Unusual Items Excluding Goodwill": NaN,
        "Net Income From Continuing Operation Net Minority Interest": NaN,
        "Reconciled Depreciation": NaN,
        "Reconciled Cost Of Revenue": NaN,
        "EBITDA": NaN,
        "EBIT": NaN,
        "Net Interest Income": 1813000.0,
        "Normalized Income": NaN,
        "Net Income From Continuing And Discontinued Operation": NaN,
        "Total Expenses": NaN,
        "Total Operating Income As Reported": NaN,
        "Diluted Average Shares": NaN,
        "Basic Average Shares": NaN,
        "Diluted EPS": NaN,
        "Basic EPS": NaN,
        "Diluted NI Availto Com Stockholders": NaN,
        "Net Income Common Stockholders": NaN,
        "Net Income": NaN,
        "Net Income Including Noncontrolling Interests": NaN,
        "Net Income Continuous Operations": NaN,
        "Tax Provision": NaN,
        "Pretax Income": NaN,
        "Other Income Expense": NaN,
        "Other Non Operating Income Expenses": 1813000.0,
        "Gain On Sale Of Security": NaN,
        "Net Non Operating Interest Income Expense": 1813000.0,
        "Total Other Finance Cost": -1813000.0,
        "Operating Income": NaN,
        "Operating Expense": NaN,
        "Depreciation Amortization Depletion Income Statement": NaN,
        "Depreciation And Amortization In Income Statement": NaN,
        "Amortization": NaN,
        "Amortization Of Intangibles Income Statement": NaN,
        "Research And Development": NaN,
        "Selling General And Administration": NaN,
        "Selling And Marketing Expense": NaN,
        "General And Administrative Expense": NaN,
        "Other Gand A": NaN,
        "Salaries And Wages": NaN,
        "Gross Profit": NaN,
        "Cost Of Revenue": NaN,
        "Total Revenue": NaN,
        "Operating Revenue": NaN
    },
    "2023-09-30": {
        "Tax Effect Of Unusual Items": NaN,
        "Tax Rate For Calcs": NaN,
        "Normalized EBITDA": NaN,
        "Total Unusual Items": NaN,
        "Total Unusual Items Excluding Goodwill": NaN,
        "Net Income From Continuing Operation Net Minority Interest": NaN,
        "Reconciled Depreciation": NaN,
        "Reconciled Cost Of Revenue": NaN,
        "EBITDA": NaN,
        "EBIT": NaN,
        "Net Interest Income": NaN,
        "Interest Income": NaN,
        "Normalized Income": NaN,
        "Net Income From Continuing And Discontinued Operation": NaN,
        "Total Expenses": NaN,
        "Total Operating Income As Reported": NaN,
        "Diluted Average Shares": NaN,
        "Basic Average Shares": NaN,
        "Diluted EPS": NaN,
        "Basic EPS": NaN,
        "Diluted NI Availto Com Stockholders": NaN,
        "Net Income Common Stockholders": NaN,
        "Net Income": NaN,
        "Net Income Including Noncontrolling Interests": NaN,
        "Net Income Continuous Operations": NaN,
        "Tax Provision": NaN,
        "Pretax Income": NaN,
        "Other Income Expense": NaN,
        "Other Non Operating Income Expenses": -833000.0,
        "Gain On Sale Of Security": NaN,
        "Net Non Operating Interest Income Expense": NaN,
        "Total Other Finance Cost": 265000.0,
        "Interest Income Non Operating": NaN,
        "Operating Income": NaN,
        "Operating Expense": NaN,
        "Depreciation Amortization Depletion Income Statement": NaN,
        "Depreciation And Amortization In Income Statement": NaN,
        "Amortization": NaN,
        "Amortization Of Intangibles Income Statement": NaN,
        "Research And Development": NaN,
        "Selling General And Administration": NaN,
        "Selling And Marketing Expense": NaN,
        "General And Administrative Expense": NaN,
        "Other Gand A": NaN,
        "Salaries And Wages": NaN,
        "Gross Profit": NaN,
        "Cost Of Revenue": NaN,
        "Total Revenue": NaN,
        "Operating Revenue": NaN
    },
    "2023-12-31": {
        "Tax Effect Of Unusual Items": NaN,
        "Tax Rate For Calcs": NaN,
        "Normalized EBITDA": NaN,
        "Total Unusual Items": NaN,
        "Total Unusual Items Excluding Goodwill": NaN,
        "Net Income From Continuing Operation Net Minority Interest": NaN,
        "Reconciled Depreciation": NaN,
        "Reconciled Cost Of Revenue": NaN,
        "EBITDA": NaN,
        "EBIT": NaN,
        "Net Interest Income": NaN,
        "Interest Income": NaN,
        "Normalized Income": NaN,
        "Net Income From Continuing And Discontinued Operation": NaN,
        "Total Expenses": NaN,
        "Total Operating Income As Reported": NaN,
        "Diluted Average Shares": NaN,
        "Basic Average Shares": NaN,
        "Diluted EPS": NaN,
        "Basic EPS": NaN,
        "Diluted NI Availto Com Stockholders": NaN,
        "Net Income Common Stockholders": NaN,
        "Net Income": NaN,
        "Net Income Including Noncontrolling Interests": NaN,
        "Net Income Continuous Operations": NaN,
        "Tax Provision": NaN,
        "Pretax Income": NaN,
        "Other Income Expense": NaN,
        "Other Non Operating Income Expenses": 5015000.0,
        "Gain On Sale Of Security": NaN,
        "Net Non Operating Interest Income Expense": NaN,
        "Total Other Finance Cost": NaN,
        "Interest Income Non Operating": NaN,
        "Operating Income": NaN,
        "Operating Expense": NaN,
        "Depreciation Amortization Depletion Income Statement": NaN,
        "Depreciation And Amortization In Income Statement": NaN,
        "Amortization": NaN,
        "Amortization Of Intangibles Income Statement": NaN,
        "Research And Development": NaN,
        "Selling General And Administration": NaN,
        "Selling And Marketing Expense": NaN,
        "General And Administrative Expense": NaN,
        "Other Gand A": NaN,
        "Salaries And Wages": NaN,
        "Gross Profit": NaN,
        "Cost Of Revenue": NaN,
        "Total Revenue": NaN,
        "Operating Revenue": NaN
    },
    "2024-03-31": {
        "Tax Effect Of Unusual Items": NaN,
        "Tax Rate For Calcs": NaN,
        "Normalized EBITDA": NaN,
        "Total Unusual Items": NaN,
        "Total Unusual Items Excluding Goodwill": NaN,
        "Net Income From Continuing Operation Net Minority Interest": NaN,
        "Reconciled Depreciation": NaN,
        "Reconciled Cost Of Revenue": NaN,
        "EBITDA": NaN,
        "EBIT": NaN,
        "Net Interest Income": NaN,
        "Interest Income": 3107000.0,
        "Normalized Income": NaN,
        "Net Income From Continuing And Discontinued Operation": NaN,
        "Total Expenses": NaN,
        "Total Operating Income As Reported": NaN,
        "Diluted Average Shares": NaN,
        "Basic Average Shares": NaN,
        "Diluted EPS": NaN,
        "Basic EPS": NaN,
        "Diluted NI Availto Com Stockholders": NaN,
        "Net Income Common Stockholders": NaN,
        "Net Income": NaN,
        "Net Income Including Noncontrolling Interests": NaN,
        "Net Income Continuous Operations": NaN,
        "Tax Provision": NaN,
        "Pretax Income": NaN,
        "Other Income Expense": NaN,
        "Other Non Operating Income Expenses": 1963000.0,
        "Gain On Sale Of Security": NaN,
        "Net Non Operating Interest Income Expense": NaN,
        "Total Other Finance Cost": NaN,
        "Interest Income Non Operating": 3107000.0,
        "Operating Income": NaN,
        "Operating Expense": NaN,
        "Depreciation Amortization Depletion Income Statement": NaN,
        "Depreciation And Amortization In Income Statement": NaN,
        "Amortization": NaN,
        "Amortization Of Intangibles Income Statement": NaN,
        "Research And Development": NaN,
        "Selling General And Administration": NaN,
        "Selling And Marketing Expense": NaN,
        "General And Administrative Expense": NaN,
        "Other Gand A": NaN,
        "Salaries And Wages": NaN,
        "Gross Profit": NaN,
        "Cost Of Revenue": NaN,
        "Total Revenue": NaN,
        "Operating Revenue": NaN
    },
    "2024-06-30": {
        "Tax Effect Of Unusual Items": NaN,
        "Tax Rate For Calcs": NaN,
        "Normalized EBITDA": NaN,
        "Total Unusual Items": NaN,
        "Total Unusual Items Excluding Goodwill": NaN,
        "Net Income From Continuing Operation Net Minority Interest": NaN,
        "Reconciled Depreciation": NaN,
        "Reconciled Cost Of Revenue": NaN,
        "EBITDA": NaN,
        "EBIT": NaN,
        "Net Interest Income": NaN,
        "Interest Income": 3804000.0,
        "Normalized Income": NaN,
        "Net Income From Continuing And Discontinued Operation": NaN,
        "Total Expenses": NaN,
        "Total Operating Income As Reported": NaN,
        "Diluted Average Shares": NaN,
        "Basic Average Shares": NaN,
        "Diluted EPS": NaN,
        "Basic EPS": NaN,
        "Diluted NI Availto Com Stockholders": NaN,
        "Net Income Common Stockholders": NaN,
        "Net Income": NaN,
        "Net Income Including Noncontrolling Interests": NaN,
        "Net Income Continuous Operations": NaN,
        "Tax Provision": NaN,
        "Pretax Income": NaN,
        "Other Income Expense": NaN,
        "Gain On Sale Of Security": NaN,
        "Net Non Operating Interest Income Expense": NaN,
        "Total Other Finance Cost": -3804000.0,
        "Interest Income Non Operating": 3804000.0,
        "Operating Income": NaN,
        "Operating Expense": NaN,
        "Depreciation Amortization Depletion Income Statement": NaN,
        "Depreciation And Amortization In Income Statement": NaN,
        "Amortization": NaN,
        "Amortization Of Intangibles Income Statement": NaN,
        "Research And Development": NaN,
        "Selling General And Administration": NaN,
        "Selling And Marketing Expense": NaN,
        "General And Administrative Expense": NaN,
        "Other Gand A": NaN,
        "Salaries And Wages": NaN,
        "Gross Profit": NaN,
        "Cost Of Revenue": NaN,
        "Total Revenue": NaN,
        "Operating Revenue": NaN
    },
    "2024-09-30": {
        "Tax Effect Of Unusual Items": 409608.233546,
        "Tax Rate For Calcs": 0.232864,
        "Normalized EBITDA": 58601000.0,
        "Total Unusual Items": 1759000.0,
        "Total Unusual Items Excluding Goodwill": 1759000.0,
        "Net Income From Continuing Operation Net Minority Interest": 43884000.0,
        "Reconciled Depreciation": 9451000.0,
        "Reconciled Cost Of Revenue": 19171000.0,
        "EBITDA": 60360000.0,
        "EBIT": 50909000.0,
        "Net Interest Income": 4537000.0,
        "Interest Income": NaN,
        "Normalized Income": 42534608.233546,
        "Net Income From Continuing And Discontinued Operation": 43884000.0,
        "Total Expenses": 77786000.0,
        "Total Operating Income As Reported": 50909000.0,
        "Diluted Average Shares": 125407279.0,
        "Basic Average Shares": 118931153.0,
        "Diluted EPS": 0.35,
        "Basic EPS": 0.37,
        "Diluted NI Availto Com Stockholders": 43884000.0,
        "Net Income Common Stockholders": 43884000.0,
        "Net Income": 43884000.0,
        "Net Income Including Noncontrolling Interests": 43884000.0,
        "Net Income Continuous Operations": 43884000.0,
        "Tax Provision": 13321000.0,
        "Pretax Income": 57205000.0,
        "Other Income Expense": 1759000.0,
        "Gain On Sale Of Security": 1759000.0,
        "Net Non Operating Interest Income Expense": 4537000.0,
        "Total Other Finance Cost": -4537000.0,
        "Interest Income Non Operating": NaN,
        "Operating Income": 50909000.0,
        "Operating Expense": 58509000.0,
        "Depreciation Amortization Depletion Income Statement": 9345000.0,
        "Depreciation And Amortization In Income Statement": 9345000.0,
        "Amortization": 9345000.0,
        "Amortization Of Intangibles Income Statement": 9345000.0,
        "Research And Development": 3284000.0,
        "Selling General And Administration": 45880000.0,
        "Selling And Marketing Expense": 29105000.0,
        "General And Administrative Expense": 16775000.0,
        "Other Gand A": 12753000.0,
        "Salaries And Wages": 4022000.0,
        "Gross Profit": 109418000.0,
        "Cost Of Revenue": 19277000.0,
        "Total Revenue": 128695000.0,
        "Operating Revenue": 128695000.0
    },
    "2024-12-31": {
        "Tax Effect Of Unusual Items": 1653292.487295,
        "Tax Rate For Calcs": 0.245952,
        "Normalized EBITDA": 65579000.0,
        "Total Unusual Items": 6722000.0,
        "Total Unusual Items Excluding Goodwill": 6722000.0,
        "Net Income From Continuing Operation Net Minority Interest": 55936000.0,
        "Reconciled Depreciation": 9458000.0,
        "Reconciled Cost Of Revenue": 21529000.0,
        "EBITDA": 72301000.0,
        "EBIT": 62843000.0,
        "Net Interest Income": 4616000.0,
        "Interest Income": NaN,
        "Normalized Income": 50867292.487295,
        "Net Income From Continuing And Discontinued Operation": 55936000.0,
        "Total Expenses": 78977000.0,
        "Total Operating Income As Reported": 62843000.0,
        "Diluted Average Shares": 126280116.0,
        "Basic Average Shares": 119892062.0,
        "Diluted EPS": 0.44,
        "Basic EPS": 0.47,
        "Diluted NI Availto Com Stockholders": 55936000.0,
        "Net Income Common Stockholders": 55936000.0,
        "Net Income": 55936000.0,
        "Net Income Including Noncontrolling Interests": 55936000.0,
        "Net Income Continuous Operations": 55936000.0,
        "Tax Provision": 18245000.0,
        "Pretax Income": 74181000.0,
        "Other Income Expense": 6722000.0,
        "Gain On Sale Of Security": 6722000.0,
        "Net Non Operating Interest Income Expense": 4616000.0,
        "Total Other Finance Cost": -4616000.0,
        "Interest Income Non Operating": NaN,
        "Operating Income": 62843000.0,
        "Operating Expense": 57334000.0,
        "Depreciation Amortization Depletion Income Statement": 9344000.0,
        "Depreciation And Amortization In Income Statement": 9344000.0,
        "Amortization": 9344000.0,
        "Amortization Of Intangibles Income Statement": 9344000.0,
        "Research And Development": 3798000.0,
        "Selling General And Administration": 44192000.0,
        "Selling And Marketing Expense": 30671000.0,
        "General And Administrative Expense": 13521000.0,
        "Other Gand A": 8815000.0,
        "Salaries And Wages": 4706000.0,
        "Gross Profit": 120177000.0,
        "Cost Of Revenue": 21643000.0,
        "Total Revenue": 141820000.0,
        "Operating Revenue": 141820000.0
    },
    "2025-03-31": {
        "Tax Effect Of Unusual Items": 539376.0,
        "Tax Rate For Calcs": 0.204,
        "Normalized EBITDA": 70183000.0,
        "Total Unusual Items": 2644000.0,
        "Total Unusual Items Excluding Goodwill": 2644000.0,
        "Net Income From Continuing Operation Net Minority Interest": 56737000.0,
        "Reconciled Depreciation": 9460000.0,
        "Reconciled Cost Of Revenue": 17796000.0,
        "EBITDA": 72827000.0,
        "EBIT": 63367000.0,
        "Net Interest Income": 5275000.0,
        "Interest Income": 5275000.0,
        "Normalized Income": 54632376.0,
        "Net Income From Continuing And Discontinued Operation": 56737000.0,
        "Total Expenses": 78054000.0,
        "Total Operating Income As Reported": 63367000.0,
        "Diluted Average Shares": 126957982.0,
        "Basic Average Shares": 121472468.0,
        "Diluted EPS": 0.45,
        "Basic EPS": 0.47,
        "Diluted NI Availto Com Stockholders": 56737000.0,
        "Net Income Common Stockholders": 56737000.0,
        "Net Income": 56737000.0,
        "Net Income Including Noncontrolling Interests": 56737000.0,
        "Net Income Continuous Operations": 56737000.0,
        "Tax Provision": 14549000.0,
        "Pretax Income": 71286000.0,
        "Other Income Expense": 2644000.0,
        "Gain On Sale Of Security": 2644000.0,
        "Net Non Operating Interest Income Expense": 5275000.0,
        "Total Other Finance Cost": NaN,
        "Interest Income Non Operating": 5275000.0,
        "Operating Income": 63367000.0,
        "Operating Expense": 60143000.0,
        "Depreciation Amortization Depletion Income Statement": 9345000.0,
        "Depreciation And Amortization In Income Statement": 9345000.0,
        "Amortization": 9345000.0,
        "Amortization Of Intangibles Income Statement": 9345000.0,
        "Research And Development": 3887000.0,
        "Selling General And Administration": 46911000.0,
        "Selling And Marketing Expense": 29901000.0,
        "General And Administrative Expense": 17010000.0,
        "Other Gand A": 11585000.0,
        "Salaries And Wages": 5425000.0,
        "Gross Profit": 123510000.0,
        "Cost Of Revenue": 17911000.0,
        "Total Revenue": 141421000.0,
        "Operating Revenue": 141421000.0
    },
    "2025-06-30": {
        "Tax Effect Of Unusual Items": -732110.314173,
        "Tax Rate For Calcs": 0.248005,
        "Normalized EBITDA": 78710000.0,
        "Total Unusual Items": -2952000.0,
        "Total Unusual Items Excluding Goodwill": -2952000.0,
        "Net Income From Continuing Operation Net Minority Interest": 52108000.0,
        "Reconciled Depreciation": 9460000.0,
        "Reconciled Cost Of Revenue": 20498000.0,
        "EBITDA": 75758000.0,
        "EBIT": 66298000.0,
        "Net Interest Income": 5947000.0,
        "Interest Income": 5947000.0,
        "Normalized Income": 54327889.685827,
        "Net Income From Continuing And Discontinued Operation": 52108000.0,
        "Total Expenses": 80265000.0,
        "Total Operating Income As Reported": 66298000.0,
        "Diluted Average Shares": 127543284.0,
        "Basic Average Shares": 122163212.0,
        "Diluted EPS": 0.41,
        "Basic EPS": 0.43,
        "Diluted NI Availto Com Stockholders": 52108000.0,
        "Net Income Common Stockholders": 52108000.0,
        "Net Income": 52108000.0,
        "Net Income Including Noncontrolling Interests": 52108000.0,
        "Net Income Continuous Operations": 52108000.0,
        "Tax Provision": 17185000.0,
        "Pretax Income": 69293000.0,
        "Other Income Expense": -2952000.0,
        "Gain On Sale Of Security": -2952000.0,
        "Net Non Operating Interest Income Expense": 5947000.0,
        "Total Other Finance Cost": NaN,
        "Interest Income Non Operating": 5947000.0,
        "Operating Income": 66298000.0,
        "Operating Expense": 59651000.0,
        "Depreciation Amortization Depletion Income Statement": 9344000.0,
        "Depreciation And Amortization In Income Statement": 9344000.0,
        "Amortization": 9344000.0,
        "Amortization Of Intangibles Income Statement": 9344000.0,
        "Research And Development": 4358000.0,
        "Selling General And Administration": 45949000.0,
        "Selling And Marketing Expense": 28284000.0,
        "General And Administrative Expense": 17665000.0,
        "Other Gand A": 10972000.0,
        "Salaries And Wages": 6693000.0,
        "Gross Profit": 125949000.0,
        "Cost Of Revenue": 20614000.0,
        "Total Revenue": 146563000.0,
        "Operating Revenue": 146563000.0
    },
    "2025-09-30": {
        "Tax Effect Of Unusual Items": -536755.514887,
        "Tax Rate For Calcs": 0.256944,
        "Normalized EBITDA": 77772000.0,
        "Total Unusual Items": -2089000.0,
        "Total Unusual Items Excluding Goodwill": -2089000.0,
        "Net Income From Continuing Operation Net Minority Interest": 52783000.0,
        "Reconciled Depreciation": 9416000.0,
        "Reconciled Cost Of Revenue": 22582000.0,
        "EBITDA": 75683000.0,
        "EBIT": 66267000.0,
        "Net Interest Income": 6857000.0,
        "Interest Income": 6857000.0,
        "Normalized Income": 54335244.485113,
        "Net Income From Continuing And Discontinued Operation": 52783000.0,
        "Total Expenses": 82125000.0,
        "Total Operating Income As Reported": 66267000.0,
        "Diluted Average Shares": 127090194.0,
        "Basic Average Shares": 122600730.0,
        "Diluted EPS": 0.42,
        "Basic EPS": 0.43,
        "Diluted NI Availto Com Stockholders": 52783000.0,
        "Net Income Common Stockholders": 52783000.0,
        "Net Income": 52783000.0,
        "Net Income Including Noncontrolling Interests": 52783000.0,
        "Net Income Continuous Operations": 52783000.0,
        "Tax Provision": 18252000.0,
        "Pretax Income": 71035000.0,
        "Other Income Expense": -2089000.0,
        "Gain On Sale Of Security": -2089000.0,
        "Net Non Operating Interest Income Expense": 6857000.0,
        "Total Other Finance Cost": NaN,
        "Interest Income Non Operating": 6857000.0,
        "Operating Income": 66267000.0,
        "Operating Expense": 59471000.0,
        "Depreciation Amortization Depletion Income Statement": 9344000.0,
        "Depreciation And Amortization In Income Statement": 9344000.0,
        "Amortization": 9344000.0,
        "Amortization Of Intangibles Income Statement": 9344000.0,
        "Research And Development": 2657000.0,
        "Selling General And Administration": 47470000.0,
        "Selling And Marketing Expense": 30457000.0,
        "General And Administrative Expense": 17013000.0,
        "Other Gand A": 11753000.0,
        "Salaries And Wages": 5260000.0,
        "Gross Profit": 125738000.0,
        "Cost Of Revenue": 22654000.0,
        "Total Revenue": 148392000.0,
        "Operating Revenue": 148392000.0
    }
}