{
    "2023-06-30": {
        "Tax Effect Of Unusual Items": NaN,
        "Tax Rate For Calcs": NaN,
        "Normalized EBITDA": NaN,
        "Total Unusual Items": 0.0,
        "Total Unusual Items Excluding Goodwill": 0.0,
        "Net Income From Continuing Operation Net Minority Interest": NaN,
        "Reconciled Depreciation": NaN,
        "Reconciled Cost Of Revenue": NaN,
        "EBITDA": NaN,
        "EBIT": NaN,
        "Net Interest Income": NaN,
        "Interest Expense": NaN,
        "Interest Income": NaN,
        "Normalized Income": NaN,
        "Net Income From Continuing And Discontinued Operation": NaN,
        "Total Expenses": NaN,
        "Total Operating Income As Reported": NaN,
        "Diluted Average Shares": NaN,
        "Basic Average Shares": NaN,
        "Diluted EPS": NaN,
        "Basic EPS": NaN,
        "Diluted NI Availto Com Stockholders": NaN,
        "Net Income Common Stockholders": NaN,
        "Net Income": NaN,
        "Net Income Including Noncontrolling Interests": NaN,
        "Net Income Discontinuous Operations": NaN,
        "Net Income Continuous Operations": NaN,
        "Tax Provision": NaN,
        "Pretax Income": NaN,
        "Other Income Expense": NaN,
        "Other Non Operating Income Expenses": NaN,
        "Special Income Charges": 0.0,
        "Gain On Sale Of Ppe": NaN,
        "Gain On Sale Of Business": 0.0,
        "Net Non Operating Interest Income Expense": NaN,
        "Interest Expense Non Operating": NaN,
        "Interest Income Non Operating": NaN,
        "Operating Income": NaN,
        "Operating Expense": NaN,
        "Selling General And Administration": NaN,
        "Gross Profit": NaN,
        "Cost Of Revenue": NaN,
        "Total Revenue": NaN,
        "Operating Revenue": NaN
    },
    "2023-03-31": {
        "Tax Effect Of Unusual Items": 0.0,
        "Tax Rate For Calcs": 0.216,
        "Normalized EBITDA": 87100000.0,
        "Total Unusual Items": NaN,
        "Total Unusual Items Excluding Goodwill": NaN,
        "Net Income From Continuing Operation Net Minority Interest": 55900000.0,
        "Reconciled Depreciation": 9200000.0,
        "Reconciled Cost Of Revenue": 306900000.0,
        "EBITDA": 87100000.0,
        "EBIT": 77900000.0,
        "Net Interest Income": -5700000.0,
        "Interest Expense": 6600000.0,
        "Interest Income": 900000.0,
        "Normalized Income": 55900000.0,
        "Net Income From Continuing And Discontinued Operation": 105700000.0,
        "Total Expenses": 436300000.0,
        "Total Operating Income As Reported": 77500000.0,
        "Diluted Average Shares": 57300000.0,
        "Basic Average Shares": 56500000.0,
        "Diluted EPS": 1.84,
        "Basic EPS": 1.87,
        "Diluted NI Availto Com Stockholders": 105700000.0,
        "Net Income Common Stockholders": 105700000.0,
        "Net Income": 105700000.0,
        "Net Income Including Noncontrolling Interests": 105700000.0,
        "Net Income Discontinuous Operations": 49800000.0,
        "Net Income Continuous Operations": 55900000.0,
        "Tax Provision": 15400000.0,
        "Pretax Income": 71300000.0,
        "Other Income Expense": -500000.0,
        "Other Non Operating Income Expenses": -500000.0,
        "Special Income Charges": NaN,
        "Gain On Sale Of Ppe": NaN,
        "Gain On Sale Of Business": NaN,
        "Restructuring And Mergern Acquisition": NaN,
        "Net Non Operating Interest Income Expense": -5700000.0,
        "Interest Expense Non Operating": 6600000.0,
        "Interest Income Non Operating": 900000.0,
        "Operating Income": 77500000.0,
        "Operating Expense": 129400000.0,
        "Selling General And Administration": 129400000.0,
        "Gross Profit": 206900000.0,
        "Cost Of Revenue": 306900000.0,
        "Total Revenue": 513800000.0,
        "Operating Revenue": 513800000.0
    },
    "2022-12-31": {
        "Tax Effect Of Unusual Items": NaN,
        "Tax Rate For Calcs": NaN,
        "Normalized EBITDA": NaN,
        "Total Unusual Items": -10400000.0,
        "Total Unusual Items Excluding Goodwill": -10400000.0,
        "Net Income From Continuing Operation Net Minority Interest": NaN,
        "Reconciled Depreciation": NaN,
        "Reconciled Cost Of Revenue": NaN,
        "EBITDA": NaN,
        "EBIT": NaN,
        "Net Interest Income": NaN,
        "Interest Expense": NaN,
        "Interest Income": NaN,
        "Normalized Income": NaN,
        "Net Income From Continuing And Discontinued Operation": NaN,
        "Total Expenses": NaN,
        "Total Operating Income As Reported": NaN,
        "Diluted Average Shares": NaN,
        "Basic Average Shares": NaN,
        "Diluted EPS": NaN,
        "Basic EPS": NaN,
        "Diluted NI Availto Com Stockholders": NaN,
        "Net Income Common Stockholders": NaN,
        "Net Income": NaN,
        "Net Income Including Noncontrolling Interests": NaN,
        "Net Income Discontinuous Operations": NaN,
        "Net Income Continuous Operations": NaN,
        "Tax Provision": NaN,
        "Pretax Income": NaN,
        "Other Income Expense": NaN,
        "Other Non Operating Income Expenses": NaN,
        "Special Income Charges": -10400000.0,
        "Gain On Sale Of Ppe": 0.0,
        "Gain On Sale Of Business": 0.0,
        "Restructuring And Mergern Acquisition": 10400000.0,
        "Net Non Operating Interest Income Expense": NaN,
        "Interest Expense Non Operating": NaN,
        "Interest Income Non Operating": NaN,
        "Operating Income": NaN,
        "Operating Expense": NaN,
        "Selling General And Administration": NaN,
        "Gross Profit": NaN,
        "Cost Of Revenue": NaN,
        "Total Revenue": NaN,
        "Operating Revenue": NaN
    },
    "2022-09-30": {
        "Tax Effect Of Unusual Items": NaN,
        "Tax Rate For Calcs": NaN,
        "Normalized EBITDA": NaN,
        "Total Unusual Items": -158600000.0,
        "Total Unusual Items Excluding Goodwill": -158600000.0,
        "Net Income From Continuing Operation Net Minority Interest": NaN,
        "Reconciled Depreciation": NaN,
        "Reconciled Cost Of Revenue": NaN,
        "EBITDA": NaN,
        "EBIT": NaN,
        "Net Interest Income": NaN,
        "Interest Expense": NaN,
        "Interest Income": NaN,
        "Normalized Income": NaN,
        "Net Income From Continuing And Discontinued Operation": NaN,
        "Total Expenses": NaN,
        "Total Operating Income As Reported": NaN,
        "Diluted Average Shares": NaN,
        "Basic Average Shares": NaN,
        "Diluted EPS": NaN,
        "Basic EPS": NaN,
        "Diluted NI Availto Com Stockholders": NaN,
        "Net Income Common Stockholders": NaN,
        "Net Income": NaN,
        "Net Income Including Noncontrolling Interests": NaN,
        "Net Income Discontinuous Operations": NaN,
        "Net Income Continuous Operations": NaN,
        "Tax Provision": NaN,
        "Pretax Income": NaN,
        "Other Income Expense": NaN,
        "Other Non Operating Income Expenses": NaN,
        "Special Income Charges": -158600000.0,
        "Gain On Sale Of Ppe": -162400000.0,
        "Gain On Sale Of Business": 3800000.0,
        "Restructuring And Mergern Acquisition": 0.0,
        "Net Non Operating Interest Income Expense": NaN,
        "Interest Expense Non Operating": NaN,
        "Interest Income Non Operating": NaN,
        "Operating Income": NaN,
        "Operating Expense": NaN,
        "Selling General And Administration": NaN,
        "Gross Profit": NaN,
        "Cost Of Revenue": NaN,
        "Total Revenue": NaN,
        "Operating Revenue": NaN
    },
    "2022-06-30": {
        "Tax Effect Of Unusual Items": 65429362.150764,
        "Tax Rate For Calcs": 0.260675,
        "Normalized EBITDA": 172200000.0,
        "Total Unusual Items": 251000000.0,
        "Total Unusual Items Excluding Goodwill": 251000000.0,
        "Net Income From Continuing Operation Net Minority Interest": 280500000.0,
        "Reconciled Depreciation": 32400000.0,
        "Reconciled Cost Of Revenue": 535700000.0,
        "EBITDA": 423200000.0,
        "EBIT": 390800000.0,
        "Net Interest Income": -10800000.0,
        "Interest Expense": 11400000.0,
        "Interest Income": 600000.0,
        "Normalized Income": 94929362.150764,
        "Net Income From Continuing And Discontinued Operation": 280500000.0,
        "Total Expenses": 739900000.0,
        "Total Operating Income As Reported": 124400000.0,
        "Diluted Average Shares": 56900000.0,
        "Basic Average Shares": 56100000.0,
        "Diluted EPS": 4.54,
        "Basic EPS": 4.6,
        "Diluted NI Availto Com Stockholders": 280500000.0,
        "Net Income Common Stockholders": 280500000.0,
        "Net Income": 280500000.0,
        "Net Income Including Noncontrolling Interests": 280500000.0,
        "Net Income Discontinuous Operations": NaN,
        "Net Income Continuous Operations": 280500000.0,
        "Tax Provision": 98900000.0,
        "Pretax Income": 379400000.0,
        "Other Income Expense": 265800000.0,
        "Other Non Operating Income Expenses": 14800000.0,
        "Special Income Charges": 251000000.0,
        "Gain On Sale Of Ppe": NaN,
        "Gain On Sale Of Business": 251000000.0,
        "Restructuring And Mergern Acquisition": 0.0,
        "Net Non Operating Interest Income Expense": -10800000.0,
        "Interest Expense Non Operating": 11400000.0,
        "Interest Income Non Operating": 600000.0,
        "Operating Income": 124400000.0,
        "Operating Expense": 204200000.0,
        "Selling General And Administration": 204200000.0,
        "Gross Profit": 328600000.0,
        "Cost Of Revenue": 535700000.0,
        "Total Revenue": 864300000.0,
        "Operating Revenue": 864300000.0
    },
    "2023-09-30": {
        "Tax Effect Of Unusual Items": NaN,
        "Tax Rate For Calcs": NaN,
        "Normalized EBITDA": NaN,
        "Total Unusual Items": 0.0,
        "Total Unusual Items Excluding Goodwill": 0.0,
        "Net Income From Continuing Operation Net Minority Interest": NaN,
        "Reconciled Depreciation": NaN,
        "Reconciled Cost Of Revenue": NaN,
        "EBITDA": NaN,
        "EBIT": NaN,
        "Net Interest Income": NaN,
        "Interest Expense": NaN,
        "Interest Income": NaN,
        "Normalized Income": NaN,
        "Net Income From Continuing And Discontinued Operation": NaN,
        "Total Expenses": NaN,
        "Total Operating Income As Reported": NaN,
        "Diluted Average Shares": NaN,
        "Basic Average Shares": NaN,
        "Diluted EPS": NaN,
        "Basic EPS": NaN,
        "Diluted NI Availto Com Stockholders": NaN,
        "Net Income Common Stockholders": NaN,
        "Net Income": NaN,
        "Net Income Including Noncontrolling Interests": NaN,
        "Net Income Discontinuous Operations": NaN,
        "Net Income Continuous Operations": NaN,
        "Tax Provision": NaN,
        "Pretax Income": NaN,
        "Other Income Expense": NaN,
        "Other Non Operating Income Expenses": NaN,
        "Special Income Charges": 0.0,
        "Gain On Sale Of Ppe": 0.0,
        "Gain On Sale Of Business": 0.0,
        "Net Non Operating Interest Income Expense": NaN,
        "Interest Expense Non Operating": NaN,
        "Interest Income Non Operating": NaN,
        "Operating Income": NaN,
        "Operating Expense": NaN,
        "Selling General And Administration": NaN,
        "Gross Profit": NaN,
        "Cost Of Revenue": NaN,
        "Total Revenue": NaN,
        "Operating Revenue": NaN
    },
    "2023-12-31": {
        "Tax Effect Of Unusual Items": NaN,
        "Tax Rate For Calcs": NaN,
        "Normalized EBITDA": NaN,
        "Total Unusual Items": 0.0,
        "Total Unusual Items Excluding Goodwill": 0.0,
        "Net Income From Continuing Operation Net Minority Interest": NaN,
        "Reconciled Depreciation": NaN,
        "Reconciled Cost Of Revenue": NaN,
        "EBITDA": NaN,
        "EBIT": NaN,
        "Net Interest Income": NaN,
        "Interest Expense": NaN,
        "Interest Income": NaN,
        "Normalized Income": NaN,
        "Net Income From Continuing And Discontinued Operation": NaN,
        "Total Expenses": NaN,
        "Total Operating Income As Reported": NaN,
        "Diluted Average Shares": NaN,
        "Basic Average Shares": NaN,
        "Diluted EPS": NaN,
        "Basic EPS": NaN,
        "Diluted NI Availto Com Stockholders": NaN,
        "Net Income Common Stockholders": NaN,
        "Net Income": NaN,
        "Net Income Including Noncontrolling Interests": NaN,
        "Net Income Discontinuous Operations": NaN,
        "Net Income Continuous Operations": NaN,
        "Tax Provision": NaN,
        "Pretax Income": NaN,
        "Other Income Expense": NaN,
        "Other Non Operating Income Expenses": NaN,
        "Special Income Charges": 0.0,
        "Gain On Sale Of Ppe": 0.0,
        "Gain On Sale Of Business": 0.0,
        "Net Non Operating Interest Income Expense": NaN,
        "Interest Expense Non Operating": NaN,
        "Interest Income Non Operating": NaN,
        "Operating Income": NaN,
        "Operating Expense": NaN,
        "Selling General And Administration": NaN,
        "Gross Profit": NaN,
        "Cost Of Revenue": NaN,
        "Total Revenue": NaN,
        "Operating Revenue": NaN
    },
    "2024-03-31": {
        "Tax Effect Of Unusual Items": 0.0,
        "Tax Rate For Calcs": 0.21,
        "Normalized EBITDA": 102200000.0,
        "Total Unusual Items": NaN,
        "Total Unusual Items Excluding Goodwill": NaN,
        "Net Income From Continuing Operation Net Minority Interest": 64800000.0,
        "Reconciled Depreciation": 12900000.0,
        "Reconciled Cost Of Revenue": 344800000.0,
        "EBITDA": 102200000.0,
        "EBIT": 89300000.0,
        "Net Interest Income": -6000000.0,
        "Interest Expense": 7200000.0,
        "Interest Income": 1200000.0,
        "Normalized Income": 64800000.0,
        "Net Income From Continuing And Discontinued Operation": 64800000.0,
        "Total Expenses": 475900000.0,
        "Total Operating Income As Reported": 89400000.0,
        "Diluted Average Shares": 58100000.0,
        "Basic Average Shares": 57000000.0,
        "Diluted EPS": 1.12,
        "Basic EPS": 1.14,
        "Diluted NI Availto Com Stockholders": 64800000.0,
        "Net Income Common Stockholders": 64800000.0,
        "Net Income": 64800000.0,
        "Net Income Including Noncontrolling Interests": 64800000.0,
        "Net Income Discontinuous Operations": 0.0,
        "Net Income Continuous Operations": 64800000.0,
        "Tax Provision": 17300000.0,
        "Pretax Income": 82100000.0,
        "Other Income Expense": -1300000.0,
        "Other Non Operating Income Expenses": -1300000.0,
        "Special Income Charges": NaN,
        "Gain On Sale Of Ppe": NaN,
        "Gain On Sale Of Business": NaN,
        "Net Non Operating Interest Income Expense": -6000000.0,
        "Interest Expense Non Operating": 7200000.0,
        "Interest Income Non Operating": 1200000.0,
        "Operating Income": 89400000.0,
        "Operating Expense": 131100000.0,
        "Selling General And Administration": 131100000.0,
        "Gross Profit": 220500000.0,
        "Cost Of Revenue": 344800000.0,
        "Total Revenue": 565300000.0,
        "Operating Revenue": 565300000.0
    },
    "2024-06-30": {
        "Tax Effect Of Unusual Items": 0.0,
        "Tax Rate For Calcs": 0.216,
        "Normalized EBITDA": 104700000.0,
        "Net Income From Continuing Operation Net Minority Interest": 66300000.0,
        "Reconciled Depreciation": 12800000.0,
        "Reconciled Cost Of Revenue": 317100000.0,
        "EBITDA": 104700000.0,
        "EBIT": 91900000.0,
        "Net Interest Income": -6100000.0,
        "Interest Expense": 7400000.0,
        "Interest Income": 1300000.0,
        "Normalized Income": 66300000.0,
        "Net Income From Continuing And Discontinued Operation": 71600000.0,
        "Total Expenses": 439300000.0,
        "Total Operating Income As Reported": 89300000.0,
        "Diluted Average Shares": 58300000.0,
        "Basic Average Shares": 57200000.0,
        "Diluted EPS": 1.23,
        "Basic EPS": 1.251748,
        "Diluted NI Availto Com Stockholders": 71600000.0,
        "Net Income Common Stockholders": 71600000.0,
        "Net Income": 71600000.0,
        "Net Income Including Noncontrolling Interests": 71600000.0,
        "Net Income Discontinuous Operations": 5300000.0,
        "Net Income Continuous Operations": 66300000.0,
        "Tax Provision": 18200000.0,
        "Pretax Income": 84500000.0,
        "Other Income Expense": 1300000.0,
        "Other Non Operating Income Expenses": 1300000.0,
        "Net Non Operating Interest Income Expense": -6100000.0,
        "Interest Expense Non Operating": 7400000.0,
        "Interest Income Non Operating": 1300000.0,
        "Operating Income": 89300000.0,
        "Operating Expense": 122200000.0,
        "Selling General And Administration": 122200000.0,
        "Gross Profit": 211500000.0,
        "Cost Of Revenue": 317100000.0,
        "Total Revenue": 528600000.0,
        "Operating Revenue": 528600000.0
    },
    "2024-09-30": {
        "Tax Effect Of Unusual Items": 0.0,
        "Tax Rate For Calcs": 0.226,
        "Normalized EBITDA": 114100000.0,
        "Net Income From Continuing Operation Net Minority Interest": 72800000.0,
        "Reconciled Depreciation": 12800000.0,
        "Reconciled Cost Of Revenue": 321300000.0,
        "EBITDA": 114100000.0,
        "EBIT": 101300000.0,
        "Net Interest Income": -5800000.0,
        "Interest Expense": 7300000.0,
        "Interest Income": 1500000.0,
        "Normalized Income": 72800000.0,
        "Net Income From Continuing And Discontinued Operation": 77300000.0,
        "Total Expenses": 449300000.0,
        "Total Operating Income As Reported": 99000000.0,
        "Diluted Average Shares": 58300000.0,
        "Basic Average Shares": 57200000.0,
        "Diluted EPS": 1.33,
        "Basic EPS": 1.351399,
        "Diluted NI Availto Com Stockholders": 77300000.0,
        "Net Income Common Stockholders": 77300000.0,
        "Net Income": 77300000.0,
        "Net Income Including Noncontrolling Interests": 77300000.0,
        "Net Income Discontinuous Operations": 4500000.0,
        "Net Income Continuous Operations": 72800000.0,
        "Tax Provision": 21200000.0,
        "Pretax Income": 94000000.0,
        "Other Income Expense": 800000.0,
        "Other Non Operating Income Expenses": 800000.0,
        "Net Non Operating Interest Income Expense": -5800000.0,
        "Interest Expense Non Operating": 7300000.0,
        "Interest Income Non Operating": 1500000.0,
        "Operating Income": 99000000.0,
        "Operating Expense": 128000000.0,
        "Selling General And Administration": 128000000.0,
        "Gross Profit": 227000000.0,
        "Cost Of Revenue": 321300000.0,
        "Total Revenue": 548300000.0,
        "Operating Revenue": 548300000.0
    },
    "2024-12-31": {
        "Tax Effect Of Unusual Items": 0.0,
        "Tax Rate For Calcs": 0.157651,
        "Normalized EBITDA": 80400000.0,
        "Net Income From Continuing Operation Net Minority Interest": 54500000.0,
        "Reconciled Depreciation": 10400000.0,
        "Reconciled Cost Of Revenue": 202100000.0,
        "EBITDA": 80400000.0,
        "EBIT": 70000000.0,
        "Net Interest Income": -3800000.0,
        "Interest Expense": 5300000.0,
        "Interest Income": 1500000.0,
        "Normalized Income": 54500000.0,
        "Net Income From Continuing And Discontinued Operation": 81000000.0,
        "Total Expenses": 322900000.0,
        "Total Operating Income As Reported": 64600000.0,
        "Diluted Average Shares": 58400000.0,
        "Basic Average Shares": 57300000.0,
        "Diluted EPS": 1.38,
        "Basic EPS": 1.413613,
        "Diluted NI Availto Com Stockholders": 81000000.0,
        "Net Income Common Stockholders": 81000000.0,
        "Net Income": 81000000.0,
        "Net Income Including Noncontrolling Interests": 81000000.0,
        "Net Income Discontinuous Operations": 26500000.0,
        "Net Income Continuous Operations": 54500000.0,
        "Tax Provision": 10200000.0,
        "Pretax Income": 64700000.0,
        "Other Income Expense": 3900000.0,
        "Other Non Operating Income Expenses": 3900000.0,
        "Net Non Operating Interest Income Expense": -3800000.0,
        "Interest Expense Non Operating": 5300000.0,
        "Interest Income Non Operating": 1500000.0,
        "Operating Income": 64600000.0,
        "Operating Expense": 120800000.0,
        "Selling General And Administration": 120800000.0,
        "Gross Profit": 185400000.0,
        "Cost Of Revenue": 202100000.0,
        "Total Revenue": 387500000.0,
        "Operating Revenue": 387500000.0
    },
    "2025-03-31": {
        "Tax Effect Of Unusual Items": 0.0,
        "Tax Rate For Calcs": 0.208,
        "Normalized EBITDA": 115800000.0,
        "Net Income From Continuing Operation Net Minority Interest": 78300000.0,
        "Reconciled Depreciation": 12500000.0,
        "Reconciled Cost Of Revenue": 320000000.0,
        "EBITDA": 115800000.0,
        "EBIT": 103300000.0,
        "Net Interest Income": -1300000.0,
        "Interest Expense": 4500000.0,
        "Interest Income": 3200000.0,
        "Normalized Income": 78300000.0,
        "Net Income From Continuing And Discontinued Operation": 107100000.0,
        "Total Expenses": 456500000.0,
        "Total Operating Income As Reported": 101100000.0,
        "Diluted Average Shares": 58500000.0,
        "Basic Average Shares": 57400000.0,
        "Diluted EPS": 1.865854,
        "Basic EPS": 1.865854,
        "Diluted NI Availto Com Stockholders": 107100000.0,
        "Net Income Common Stockholders": 107100000.0,
        "Net Income": 107100000.0,
        "Net Income Including Noncontrolling Interests": 107100000.0,
        "Net Income Discontinuous Operations": 28800000.0,
        "Net Income Continuous Operations": 78300000.0,
        "Tax Provision": 20500000.0,
        "Pretax Income": 98800000.0,
        "Other Income Expense": -1000000.0,
        "Other Non Operating Income Expenses": -1000000.0,
        "Net Non Operating Interest Income Expense": -1300000.0,
        "Interest Expense Non Operating": 4500000.0,
        "Interest Income Non Operating": 3200000.0,
        "Operating Income": 101100000.0,
        "Operating Expense": 136500000.0,
        "Selling General And Administration": 136500000.0,
        "Gross Profit": 237600000.0,
        "Cost Of Revenue": 320000000.0,
        "Total Revenue": 557600000.0,
        "Operating Revenue": 557600000.0
    },
    "2025-06-30": {
        "Tax Effect Of Unusual Items": 0.0,
        "Tax Rate For Calcs": 0.232,
        "Normalized EBITDA": 122000000.0,
        "Net Income From Continuing Operation Net Minority Interest": 80300000.0,
        "Reconciled Depreciation": 13100000.0,
        "Reconciled Cost Of Revenue": 334900000.0,
        "EBITDA": 122000000.0,
        "EBIT": 108900000.0,
        "Net Interest Income": -1400000.0,
        "Interest Expense": 4300000.0,
        "Interest Income": 2900000.0,
        "Normalized Income": 80300000.0,
        "Net Income From Continuing And Discontinued Operation": 86400000.0,
        "Total Expenses": 474300000.0,
        "Total Operating Income As Reported": 102900000.0,
        "Diluted Average Shares": 58500000.0,
        "Basic Average Shares": 57500000.0,
        "Diluted EPS": 1.47,
        "Basic EPS": 1.502609,
        "Diluted NI Availto Com Stockholders": 86400000.0,
        "Net Income Common Stockholders": 86400000.0,
        "Net Income": 86400000.0,
        "Net Income Including Noncontrolling Interests": 86400000.0,
        "Net Income Discontinuous Operations": 6100000.0,
        "Net Income Continuous Operations": 80300000.0,
        "Tax Provision": 24300000.0,
        "Pretax Income": 104600000.0,
        "Other Income Expense": 3100000.0,
        "Other Non Operating Income Expenses": 3100000.0,
        "Net Non Operating Interest Income Expense": -1400000.0,
        "Interest Expense Non Operating": 4300000.0,
        "Interest Income Non Operating": 2900000.0,
        "Operating Income": 102900000.0,
        "Operating Expense": 139400000.0,
        "Selling General And Administration": 139400000.0,
        "Gross Profit": 242300000.0,
        "Cost Of Revenue": 334900000.0,
        "Total Revenue": 577200000.0,
        "Operating Revenue": 577200000.0
    },
    "2025-09-30": {
        "Tax Effect Of Unusual Items": 0.0,
        "Tax Rate For Calcs": 0.241,
        "Normalized EBITDA": 133600000.0,
        "Net Income From Continuing Operation Net Minority Interest": 91400000.0,
        "Reconciled Depreciation": 12200000.0,
        "Reconciled Cost Of Revenue": 337900000.0,
        "EBITDA": 133600000.0,
        "EBIT": 121400000.0,
        "Net Interest Income": 1200000.0,
        "Interest Expense": 1000000.0,
        "Interest Income": 2200000.0,
        "Normalized Income": 91400000.0,
        "Net Income From Continuing And Discontinued Operation": 91400000.0,
        "Total Expenses": 470800000.0,
        "Total Operating Income As Reported": 118400000.0,
        "Diluted Average Shares": 58600000.0,
        "Basic Average Shares": 57600000.0,
        "Diluted EPS": 1.56,
        "Basic EPS": 1.586806,
        "Diluted NI Availto Com Stockholders": 91400000.0,
        "Net Income Common Stockholders": 91400000.0,
        "Net Income": 91400000.0,
        "Net Income Including Noncontrolling Interests": 91400000.0,
        "Net Income Discontinuous Operations": 0.0,
        "Net Income Continuous Operations": 91400000.0,
        "Tax Provision": 29000000.0,
        "Pretax Income": 120400000.0,
        "Other Income Expense": 800000.0,
        "Other Non Operating Income Expenses": 800000.0,
        "Net Non Operating Interest Income Expense": 1200000.0,
        "Interest Expense Non Operating": 1000000.0,
        "Interest Income Non Operating": 2200000.0,
        "Operating Income": 118400000.0,
        "Operating Expense": 132900000.0,
        "Selling General And Administration": 132900000.0,
        "Gross Profit": 251300000.0,
        "Cost Of Revenue": 337900000.0,
        "Total Revenue": 589200000.0,
        "Operating Revenue": 589200000.0
    }
}