{
    "2023-03-31": {
        "Tax Effect Of Unusual Items": NaN,
        "Tax Rate For Calcs": NaN,
        "Normalized EBITDA": NaN,
        "Total Unusual Items": NaN,
        "Total Unusual Items Excluding Goodwill": NaN,
        "Net Income From Continuing Operation Net Minority Interest": NaN,
        "Reconciled Depreciation": NaN,
        "EBITDA": NaN,
        "EBIT": NaN,
        "Net Interest Income": NaN,
        "Interest Expense": NaN,
        "Interest Income": NaN,
        "Normalized Income": NaN,
        "Net Income From Continuing And Discontinued Operation": NaN,
        "Total Expenses": NaN,
        "Total Operating Income As Reported": NaN,
        "Diluted Average Shares": NaN,
        "Basic Average Shares": NaN,
        "Diluted EPS": NaN,
        "Basic EPS": NaN,
        "Diluted NI Availto Com Stockholders": NaN,
        "Net Income Common Stockholders": NaN,
        "Net Income": NaN,
        "Net Income Including Noncontrolling Interests": NaN,
        "Net Income Continuous Operations": NaN,
        "Pretax Income": NaN,
        "Other Income Expense": NaN,
        "Other Non Operating Income Expenses": NaN,
        "Special Income Charges": NaN,
        "Gain On Sale Of Security": NaN,
        "Net Non Operating Interest Income Expense": NaN,
        "Total Other Finance Cost": 678022.0,
        "Interest Expense Non Operating": NaN,
        "Interest Income Non Operating": NaN,
        "Operating Income": NaN,
        "Operating Expense": NaN,
        "Research And Development": NaN,
        "Selling General And Administration": NaN,
        "General And Administrative Expense": NaN,
        "Other Gand A": NaN,
        "Total Revenue": NaN,
        "Operating Revenue": NaN
    },
    "2022-12-31": {
        "Tax Effect Of Unusual Items": NaN,
        "Tax Rate For Calcs": NaN,
        "Normalized EBITDA": NaN,
        "Total Unusual Items": NaN,
        "Total Unusual Items Excluding Goodwill": NaN,
        "Net Income From Continuing Operation Net Minority Interest": NaN,
        "Reconciled Depreciation": NaN,
        "EBITDA": NaN,
        "EBIT": NaN,
        "Net Interest Income": NaN,
        "Interest Expense": NaN,
        "Interest Income": NaN,
        "Normalized Income": NaN,
        "Net Income From Continuing And Discontinued Operation": NaN,
        "Total Expenses": NaN,
        "Total Operating Income As Reported": NaN,
        "Diluted Average Shares": NaN,
        "Basic Average Shares": NaN,
        "Diluted EPS": NaN,
        "Basic EPS": NaN,
        "Diluted NI Availto Com Stockholders": NaN,
        "Net Income Common Stockholders": NaN,
        "Net Income": NaN,
        "Net Income Including Noncontrolling Interests": NaN,
        "Net Income Continuous Operations": NaN,
        "Pretax Income": NaN,
        "Other Income Expense": NaN,
        "Other Non Operating Income Expenses": NaN,
        "Special Income Charges": 0.0,
        "Other Special Charges": 0.0,
        "Gain On Sale Of Security": NaN,
        "Net Non Operating Interest Income Expense": NaN,
        "Total Other Finance Cost": 640954.0,
        "Interest Expense Non Operating": NaN,
        "Interest Income Non Operating": NaN,
        "Operating Income": NaN,
        "Operating Expense": NaN,
        "Research And Development": NaN,
        "Selling General And Administration": NaN,
        "General And Administrative Expense": NaN,
        "Other Gand A": NaN,
        "Total Revenue": NaN,
        "Operating Revenue": NaN
    },
    "2022-09-30": {
        "Tax Effect Of Unusual Items": NaN,
        "Tax Rate For Calcs": NaN,
        "Normalized EBITDA": NaN,
        "Total Unusual Items": NaN,
        "Total Unusual Items Excluding Goodwill": NaN,
        "Net Income From Continuing Operation Net Minority Interest": NaN,
        "Reconciled Depreciation": NaN,
        "EBITDA": NaN,
        "EBIT": NaN,
        "Net Interest Income": NaN,
        "Interest Expense": 541889.0,
        "Normalized Income": NaN,
        "Net Income From Continuing And Discontinued Operation": NaN,
        "Total Expenses": NaN,
        "Total Operating Income As Reported": NaN,
        "Diluted Average Shares": NaN,
        "Basic Average Shares": NaN,
        "Diluted EPS": NaN,
        "Basic EPS": NaN,
        "Diluted NI Availto Com Stockholders": NaN,
        "Net Income Common Stockholders": NaN,
        "Net Income": NaN,
        "Net Income Including Noncontrolling Interests": NaN,
        "Net Income Continuous Operations": NaN,
        "Pretax Income": NaN,
        "Other Income Expense": NaN,
        "Other Non Operating Income Expenses": NaN,
        "Special Income Charges": 0.0,
        "Other Special Charges": NaN,
        "Gain On Sale Of Security": NaN,
        "Net Non Operating Interest Income Expense": NaN,
        "Total Other Finance Cost": 541889.0,
        "Interest Expense Non Operating": 541889.0,
        "Operating Income": NaN,
        "Operating Expense": NaN,
        "Research And Development": NaN,
        "Selling General And Administration": NaN,
        "General And Administrative Expense": NaN,
        "Other Gand A": NaN,
        "Total Revenue": NaN,
        "Operating Revenue": NaN
    },
    "2022-06-30": {
        "Tax Effect Of Unusual Items": 0.0,
        "Tax Rate For Calcs": 0.0,
        "Normalized EBITDA": -1759771.0,
        "Total Unusual Items": -5209856.0,
        "Total Unusual Items Excluding Goodwill": -5209856.0,
        "Net Income From Continuing Operation Net Minority Interest": -13248888.0,
        "Reconciled Depreciation": 370383.0,
        "EBITDA": -6969627.0,
        "EBIT": -7340010.0,
        "Net Interest Income": -490339.0,
        "Normalized Income": -8039032.0,
        "Net Income From Continuing And Discontinued Operation": -13248888.0,
        "Total Expenses": 7340010.0,
        "Total Operating Income As Reported": -12340010.0,
        "Diluted Average Shares": 4170464.0,
        "Basic Average Shares": 4170464.0,
        "Diluted EPS": -3.18,
        "Basic EPS": -3.18,
        "Diluted NI Availto Com Stockholders": -13248888.0,
        "Net Income Common Stockholders": -13248888.0,
        "Net Income": -13248888.0,
        "Net Income Including Noncontrolling Interests": -13248888.0,
        "Net Income Continuous Operations": -13248888.0,
        "Pretax Income": -13248888.0,
        "Other Income Expense": -5418539.0,
        "Other Non Operating Income Expenses": -208683.0,
        "Special Income Charges": -5000000.0,
        "Other Special Charges": 5000000.0,
        "Gain On Sale Of Security": -209856.0,
        "Net Non Operating Interest Income Expense": -490339.0,
        "Total Other Finance Cost": 490339.0,
        "Operating Income": -7340010.0,
        "Operating Expense": 7340010.0,
        "Research And Development": 2499642.0,
        "Selling General And Administration": 4840368.0,
        "General And Administrative Expense": 4840368.0,
        "Other Gand A": 4840368.0,
        "Total Revenue": 0.0,
        "Operating Revenue": 0.0
    },
    "2022-03-31": {
        "Diluted EPS": -2.26,
        "Total Revenue": NaN,
        "Gross Profit": NaN,
        "Operating Income": -9,
        "EBIT": -8,
        "Net Income": -9
    },
    "2021-12-31": {
        "Diluted EPS": -1.84,
        "Total Revenue": NaN,
        "Gross Profit": NaN,
        "Operating Income": -10,
        "EBIT": -9,
        "Net Income": -10
    },
    "2021-09-30": {
        "Diluted EPS": -0.6,
        "Total Revenue": 0,
        "Gross Profit": 0,
        "Operating Income": -14,
        "EBIT": -13,
        "Net Income": -2
    },
    "2021-06-30": {
        "Diluted EPS": -4.51,
        "Total Revenue": 0,
        "Gross Profit": 0,
        "Operating Income": -17,
        "EBIT": -16,
        "Net Income": -17
    },
    "2021-03-31": {
        "Diluted EPS": -4.2,
        "Total Revenue": 1,
        "Gross Profit": 1,
        "Operating Income": -15,
        "EBIT": -15,
        "Net Income": -16
    },
    "2020-12-31": {
        "Diluted EPS": -1.2,
        "Total Revenue": 1,
        "Gross Profit": 1,
        "Operating Income": -21,
        "EBIT": -20,
        "Net Income": -9
    },
    "2020-09-30": {
        "Diluted EPS": -12.91,
        "Total Revenue": 1,
        "Gross Profit": 1,
        "Operating Income": -34,
        "EBIT": -34,
        "Net Income": -35
    },
    "2020-06-30": {
        "Diluted EPS": -15.62,
        "Total Revenue": 0,
        "Gross Profit": 0,
        "Operating Income": -38,
        "EBIT": -38,
        "Net Income": -38
    },
    "2020-03-31": {
        "Diluted EPS": -12.91,
        "Total Revenue": 2,
        "Gross Profit": 2,
        "Operating Income": -30,
        "EBIT": -29,
        "Net Income": -30
    },
    "2019-12-31": {
        "Diluted EPS": -12.01,
        "Total Revenue": 3,
        "Gross Profit": 3,
        "Operating Income": -27,
        "EBIT": -27,
        "Net Income": -27
    },
    "2019-09-30": {
        "Diluted EPS": -9.61,
        "Total Revenue": 3,
        "Gross Profit": 3,
        "Operating Income": -25,
        "EBIT": -25,
        "Net Income": -21
    },
    "2019-06-30": {
        "Diluted EPS": 0.9,
        "Total Revenue": 29,
        "Gross Profit": 29,
        "Operating Income": 2,
        "EBIT": 2,
        "Net Income": 2
    },
    "2019-03-31": {
        "Diluted EPS": -12.91,
        "Total Revenue": 2,
        "Gross Profit": 2,
        "Operating Income": -27,
        "EBIT": -26,
        "Net Income": -26
    },
    "2018-12-31": {
        "Diluted EPS": -9.01,
        "Total Revenue": 2,
        "Gross Profit": 2,
        "Operating Income": -18,
        "EBIT": -17,
        "Net Income": -17
    },
    "2018-09-30": {
        "Diluted EPS": -7.81,
        "Total Revenue": 1,
        "Gross Profit": 1,
        "Operating Income": -15,
        "EBIT": -15,
        "Net Income": -15
    },
    "2018-06-30": {
        "Diluted EPS": -6.31,
        "Total Revenue": 1,
        "Gross Profit": 1,
        "Operating Income": -12,
        "EBIT": -13,
        "Net Income": -12
    },
    "2018-03-31": {
        "Diluted EPS": -6.31,
        "Total Revenue": 1,
        "Gross Profit": 1,
        "Operating Income": -12,
        "EBIT": -11,
        "Net Income": -12
    },
    "2017-12-31": {
        "Diluted EPS": -6.01,
        "Total Revenue": 0,
        "Gross Profit": 0,
        "Operating Income": -11,
        "EBIT": -11,
        "Net Income": -11
    },
    "2017-09-30": {
        "Diluted EPS": -4.2,
        "Total Revenue": 1,
        "Gross Profit": 1,
        "Operating Income": -7,
        "EBIT": -7,
        "Net Income": -7
    },
    "2017-06-30": {
        "Diluted EPS": -4.51,
        "Total Revenue": 0,
        "Gross Profit": 0,
        "Operating Income": -7,
        "EBIT": -7,
        "Net Income": -7
    },
    "2017-03-31": {
        "Diluted EPS": -4.81,
        "Total Revenue": 1,
        "Gross Profit": 1,
        "Operating Income": -7,
        "EBIT": -7,
        "Net Income": -7
    },
    "2016-12-31": {
        "Diluted EPS": -5.41,
        "Total Revenue": 0,
        "Gross Profit": 0,
        "Operating Income": -8,
        "EBIT": -8,
        "Net Income": -8
    },
    "2016-09-30": {
        "Diluted EPS": -3.6,
        "Total Revenue": 1,
        "Gross Profit": 1,
        "Operating Income": -5,
        "EBIT": -5,
        "Net Income": -5
    },
    "2016-06-30": {
        "Diluted EPS": -3.3,
        "Total Revenue": 0,
        "Gross Profit": 0,
        "Operating Income": -4,
        "EBIT": -4,
        "Net Income": -4
    },
    "2016-03-31": {
        "Diluted EPS": -2.4,
        "Total Revenue": 0,
        "Gross Profit": 0,
        "Operating Income": -3,
        "EBIT": -3,
        "Net Income": -3
    },
    "2015-12-31": {
        "Diluted EPS": -1.8,
        "Total Revenue": 0,
        "Gross Profit": 0,
        "Operating Income": -3,
        "EBIT": -2,
        "Net Income": -2
    },
    "2015-09-30": {
        "Diluted EPS": -1.8,
        "Total Revenue": 0,
        "Gross Profit": 0,
        "Operating Income": -2,
        "EBIT": -2,
        "Net Income": -2
    },
    "2015-06-30": {
        "Diluted EPS": -3.0,
        "Total Revenue": 0,
        "Gross Profit": 0,
        "Operating Income": -3,
        "EBIT": -3,
        "Net Income": -3
    },
    "2015-03-31": {
        "Diluted EPS": -1.8,
        "Total Revenue": NaN,
        "Gross Profit": NaN,
        "Operating Income": -2,
        "EBIT": -2,
        "Net Income": -2
    },
    "2014-12-31": {
        "Diluted EPS": -1.8,
        "Total Revenue": NaN,
        "Gross Profit": NaN,
        "Operating Income": -1,
        "EBIT": -1,
        "Net Income": -1
    },
    "2014-09-30": {
        "Diluted EPS": -0.9,
        "Total Revenue": NaN,
        "Gross Profit": NaN,
        "Operating Income": -1,
        "EBIT": -1,
        "Net Income": -1
    },
    "2014-06-30": {
        "Diluted EPS": -0.6,
        "Total Revenue": NaN,
        "Gross Profit": NaN,
        "Operating Income": 0,
        "EBIT": 0,
        "Net Income": -1
    },
    "2014-03-31": {
        "Diluted EPS": -0.6,
        "Total Revenue": NaN,
        "Gross Profit": NaN,
        "Operating Income": 0,
        "EBIT": 0,
        "Net Income": 0
    },
    "2013-12-31": {
        "Diluted EPS": -1.2,
        "Total Revenue": NaN,
        "Gross Profit": NaN,
        "Operating Income": 0,
        "EBIT": 0,
        "Net Income": 0
    },
    "2013-09-30": {
        "Diluted EPS": -0.3,
        "Total Revenue": NaN,
        "Gross Profit": NaN,
        "Operating Income": 0,
        "EBIT": 0,
        "Net Income": 0
    },
    "2013-06-30": {
        "Diluted EPS": -0.9,
        "Total Revenue": NaN,
        "Gross Profit": NaN,
        "Operating Income": 0,
        "EBIT": 0,
        "Net Income": 0
    },
    "2013-03-31": {
        "Diluted EPS": -0.3,
        "Total Revenue": NaN,
        "Gross Profit": NaN,
        "Operating Income": 0,
        "EBIT": 0,
        "Net Income": 0
    },
    "2012-12-31": {
        "Diluted EPS": 0.0,
        "Total Revenue": NaN,
        "Gross Profit": NaN,
        "Operating Income": NaN,
        "EBIT": NaN,
        "Net Income": NaN
    },
    "2023-06-30": {
        "Tax Effect Of Unusual Items": NaN,
        "Tax Rate For Calcs": NaN,
        "Normalized EBITDA": NaN,
        "Total Unusual Items": NaN,
        "Total Unusual Items Excluding Goodwill": NaN,
        "Net Income From Continuing Operation Net Minority Interest": NaN,
        "Reconciled Depreciation": NaN,
        "EBITDA": NaN,
        "EBIT": NaN,
        "Net Interest Income": NaN,
        "Interest Expense": 1008000.0,
        "Interest Income": 232000.0,
        "Normalized Income": NaN,
        "Net Income From Continuing And Discontinued Operation": NaN,
        "Total Expenses": NaN,
        "Total Operating Income As Reported": NaN,
        "Diluted Average Shares": 4277701.0,
        "Basic Average Shares": 4277701.0,
        "Diluted EPS": -2.05,
        "Basic EPS": -2.05,
        "Diluted NI Availto Com Stockholders": NaN,
        "Net Income Common Stockholders": NaN,
        "Net Income": NaN,
        "Net Income Including Noncontrolling Interests": NaN,
        "Net Income Continuous Operations": NaN,
        "Pretax Income": NaN,
        "Other Income Expense": NaN,
        "Other Non Operating Income Expenses": NaN,
        "Special Income Charges": 0.0,
        "Gain On Sale Of Security": NaN,
        "Net Non Operating Interest Income Expense": NaN,
        "Total Other Finance Cost": 775586.0,
        "Interest Expense Non Operating": 1008000.0,
        "Interest Income Non Operating": 232000.0,
        "Operating Income": NaN,
        "Operating Expense": NaN,
        "Research And Development": NaN,
        "Selling General And Administration": NaN,
        "General And Administrative Expense": NaN,
        "Other Gand A": NaN,
        "Total Revenue": NaN,
        "Operating Revenue": NaN
    },
    "2023-09-30": {
        "Tax Effect Of Unusual Items": NaN,
        "Tax Rate For Calcs": NaN,
        "Normalized EBITDA": NaN,
        "Total Unusual Items": -20000.0,
        "Total Unusual Items Excluding Goodwill": -20000.0,
        "Net Income From Continuing Operation Net Minority Interest": NaN,
        "Reconciled Depreciation": NaN,
        "EBITDA": NaN,
        "EBIT": NaN,
        "Net Interest Income": NaN,
        "Interest Expense": NaN,
        "Interest Income": NaN,
        "Normalized Income": NaN,
        "Net Income From Continuing And Discontinued Operation": NaN,
        "Total Expenses": NaN,
        "Total Operating Income As Reported": NaN,
        "Diluted Average Shares": NaN,
        "Basic Average Shares": NaN,
        "Diluted EPS": NaN,
        "Basic EPS": NaN,
        "Diluted NI Availto Com Stockholders": NaN,
        "Net Income Common Stockholders": NaN,
        "Net Income": NaN,
        "Net Income Including Noncontrolling Interests": NaN,
        "Net Income Continuous Operations": NaN,
        "Pretax Income": NaN,
        "Other Income Expense": NaN,
        "Other Non Operating Income Expenses": NaN,
        "Special Income Charges": 0.0,
        "Gain On Sale Of Security": -20000.0,
        "Net Non Operating Interest Income Expense": NaN,
        "Total Other Finance Cost": NaN,
        "Interest Expense Non Operating": NaN,
        "Interest Income Non Operating": NaN,
        "Operating Income": NaN,
        "Operating Expense": NaN,
        "Research And Development": NaN,
        "Selling General And Administration": NaN,
        "General And Administrative Expense": NaN,
        "Other Gand A": NaN,
        "Total Revenue": NaN,
        "Operating Revenue": NaN
    },
    "2023-12-31": {
        "Tax Effect Of Unusual Items": NaN,
        "Tax Rate For Calcs": NaN,
        "Normalized EBITDA": NaN,
        "Total Unusual Items": 29232.0,
        "Total Unusual Items Excluding Goodwill": 29232.0,
        "Net Income From Continuing Operation Net Minority Interest": NaN,
        "Reconciled Depreciation": NaN,
        "EBITDA": NaN,
        "EBIT": NaN,
        "Net Interest Income": NaN,
        "Interest Expense": NaN,
        "Interest Income": NaN,
        "Normalized Income": NaN,
        "Net Income From Continuing And Discontinued Operation": NaN,
        "Total Expenses": NaN,
        "Total Operating Income As Reported": NaN,
        "Diluted Average Shares": NaN,
        "Basic Average Shares": NaN,
        "Diluted EPS": NaN,
        "Basic EPS": NaN,
        "Diluted NI Availto Com Stockholders": NaN,
        "Net Income Common Stockholders": NaN,
        "Net Income": NaN,
        "Net Income Including Noncontrolling Interests": NaN,
        "Net Income Continuous Operations": NaN,
        "Pretax Income": NaN,
        "Other Income Expense": NaN,
        "Other Non Operating Income Expenses": NaN,
        "Special Income Charges": 0.0,
        "Gain On Sale Of Security": 29232.0,
        "Net Non Operating Interest Income Expense": NaN,
        "Total Other Finance Cost": NaN,
        "Interest Expense Non Operating": NaN,
        "Interest Income Non Operating": NaN,
        "Operating Income": NaN,
        "Operating Expense": NaN,
        "Research And Development": NaN,
        "Selling General And Administration": NaN,
        "General And Administrative Expense": NaN,
        "Other Gand A": NaN,
        "Total Revenue": NaN,
        "Operating Revenue": NaN
    },
    "2024-03-31": {
        "Tax Effect Of Unusual Items": NaN,
        "Tax Rate For Calcs": NaN,
        "Normalized EBITDA": NaN,
        "Total Unusual Items": -8108.0,
        "Total Unusual Items Excluding Goodwill": -8108.0,
        "Net Income From Continuing Operation Net Minority Interest": NaN,
        "Reconciled Depreciation": NaN,
        "EBITDA": NaN,
        "EBIT": NaN,
        "Net Interest Income": NaN,
        "Interest Expense": NaN,
        "Interest Income": NaN,
        "Normalized Income": NaN,
        "Net Income From Continuing And Discontinued Operation": NaN,
        "Total Expenses": NaN,
        "Total Operating Income As Reported": NaN,
        "Diluted Average Shares": NaN,
        "Basic Average Shares": NaN,
        "Diluted EPS": NaN,
        "Basic EPS": NaN,
        "Diluted NI Availto Com Stockholders": NaN,
        "Net Income Common Stockholders": NaN,
        "Net Income": NaN,
        "Net Income Including Noncontrolling Interests": NaN,
        "Net Income Continuous Operations": NaN,
        "Pretax Income": NaN,
        "Other Income Expense": NaN,
        "Other Non Operating Income Expenses": NaN,
        "Gain On Sale Of Security": -8108.0,
        "Net Non Operating Interest Income Expense": NaN,
        "Total Other Finance Cost": 177015.0,
        "Interest Expense Non Operating": NaN,
        "Interest Income Non Operating": NaN,
        "Operating Income": NaN,
        "Operating Expense": NaN,
        "Research And Development": NaN,
        "Selling General And Administration": NaN,
        "General And Administrative Expense": NaN,
        "Other Gand A": NaN,
        "Total Revenue": NaN,
        "Operating Revenue": NaN
    },
    "2024-06-30": {
        "Tax Effect Of Unusual Items": 0.0,
        "Tax Rate For Calcs": 0.0,
        "Normalized EBITDA": -9195000.0,
        "Total Unusual Items": 42000.0,
        "Total Unusual Items Excluding Goodwill": 42000.0,
        "Net Income From Continuing Operation Net Minority Interest": -9997000.0,
        "Reconciled Depreciation": 150000.0,
        "EBITDA": -9195000.0,
        "EBIT": -9345000.0,
        "Net Interest Income": 948000.0,
        "Interest Expense": 652000.0,
        "Interest Income": 1600000.0,
        "Normalized Income": -9997000.0,
        "Net Income From Continuing And Discontinued Operation": -9997000.0,
        "Total Expenses": 10988000.0,
        "Total Operating Income As Reported": -10988000.0,
        "Diluted Average Shares": 11053241.0,
        "Basic Average Shares": 11053241.0,
        "Diluted EPS": -0.9,
        "Basic EPS": -0.9,
        "Diluted NI Availto Com Stockholders": -9997000.0,
        "Net Income Common Stockholders": -9997000.0,
        "Net Income": -9997000.0,
        "Net Income Including Noncontrolling Interests": -9997000.0,
        "Net Income Continuous Operations": -9997000.0,
        "Pretax Income": -9997000.0,
        "Other Income Expense": 43000.0,
        "Other Non Operating Income Expenses": 43000.0,
        "Gain On Sale Of Security": 42000.0,
        "Net Non Operating Interest Income Expense": 948000.0,
        "Total Other Finance Cost": NaN,
        "Interest Expense Non Operating": 652000.0,
        "Interest Income Non Operating": 1600000.0,
        "Operating Income": -10988000.0,
        "Operating Expense": 10988000.0,
        "Research And Development": 6865000.0,
        "Selling General And Administration": 4123000.0,
        "General And Administrative Expense": 4123000.0,
        "Other Gand A": 4123000.0,
        "Total Revenue": 0.0,
        "Operating Revenue": 0.0
    },
    "2024-09-30": {
        "Tax Effect Of Unusual Items": 0.0,
        "Tax Rate For Calcs": 0.0,
        "Normalized EBITDA": -13451000.0,
        "Total Unusual Items": 201000.0,
        "Total Unusual Items Excluding Goodwill": 201000.0,
        "Net Income From Continuing Operation Net Minority Interest": -13783000.0,
        "Reconciled Depreciation": 152000.0,
        "EBITDA": -13250000.0,
        "EBIT": -13402000.0,
        "Net Interest Income": 808000.0,
        "Interest Expense": 381000.0,
        "Interest Income": 1189000.0,
        "Normalized Income": -13984000.0,
        "Net Income From Continuing And Discontinued Operation": -13783000.0,
        "Total Expenses": 15505000.0,
        "Total Operating Income As Reported": -15505000.0,
        "Diluted Average Shares": 12014700.0,
        "Basic Average Shares": 12014700.0,
        "Diluted EPS": -1.15,
        "Basic EPS": -1.15,
        "Diluted NI Availto Com Stockholders": -13783000.0,
        "Net Income Common Stockholders": -13783000.0,
        "Net Income": -13783000.0,
        "Net Income Including Noncontrolling Interests": -13783000.0,
        "Net Income Continuous Operations": -13783000.0,
        "Pretax Income": -13783000.0,
        "Other Income Expense": 914000.0,
        "Other Non Operating Income Expenses": 713000.0,
        "Gain On Sale Of Security": 201000.0,
        "Net Non Operating Interest Income Expense": 808000.0,
        "Total Other Finance Cost": NaN,
        "Interest Expense Non Operating": 381000.0,
        "Interest Income Non Operating": 1189000.0,
        "Operating Income": -15505000.0,
        "Operating Expense": 15505000.0,
        "Research And Development": 10808000.0,
        "Selling General And Administration": 4697000.0,
        "General And Administrative Expense": 4697000.0,
        "Other Gand A": 4697000.0,
        "Total Revenue": 0.0,
        "Operating Revenue": 0.0
    },
    "2024-12-31": {
        "Tax Effect Of Unusual Items": 0.0,
        "Tax Rate For Calcs": 0.0,
        "Normalized EBITDA": -9396000.0,
        "Total Unusual Items": NaN,
        "Total Unusual Items Excluding Goodwill": NaN,
        "Net Income From Continuing Operation Net Minority Interest": -9530000.0,
        "Reconciled Depreciation": 134000.0,
        "EBITDA": -9396000.0,
        "EBIT": -9530000.0,
        "Net Interest Income": 3554000.0,
        "Interest Expense": 0.0,
        "Interest Income": 3554000.0,
        "Normalized Income": -9530000.0,
        "Net Income From Continuing And Discontinued Operation": -9530000.0,
        "Total Expenses": 12605000.0,
        "Total Operating Income As Reported": -12605000.0,
        "Diluted Average Shares": 12179482.0,
        "Basic Average Shares": 12179482.0,
        "Diluted EPS": -0.78,
        "Basic EPS": -0.78,
        "Diluted NI Availto Com Stockholders": -9530000.0,
        "Net Income Common Stockholders": -9530000.0,
        "Net Income": -9530000.0,
        "Net Income Including Noncontrolling Interests": -9530000.0,
        "Net Income Continuous Operations": -9530000.0,
        "Pretax Income": -9530000.0,
        "Other Income Expense": -479000.0,
        "Other Non Operating Income Expenses": -244000.0,
        "Gain On Sale Of Security": NaN,
        "Net Non Operating Interest Income Expense": 3554000.0,
        "Total Other Finance Cost": NaN,
        "Interest Expense Non Operating": 0.0,
        "Interest Income Non Operating": 3554000.0,
        "Operating Income": -12605000.0,
        "Operating Expense": 12605000.0,
        "Research And Development": 8787000.0,
        "Selling General And Administration": 3818000.0,
        "General And Administrative Expense": 3818000.0,
        "Other Gand A": 3818000.0,
        "Total Revenue": 0.0,
        "Operating Revenue": 0.0
    },
    "2025-03-31": {
        "Tax Effect Of Unusual Items": 0.0,
        "Tax Rate For Calcs": 0.0,
        "Normalized EBITDA": -16897000.0,
        "Total Unusual Items": NaN,
        "Total Unusual Items Excluding Goodwill": NaN,
        "Net Income From Continuing Operation Net Minority Interest": -16978000.0,
        "Reconciled Depreciation": 81000.0,
        "EBITDA": -16897000.0,
        "EBIT": -16978000.0,
        "Net Interest Income": 1681000.0,
        "Interest Expense": 0.0,
        "Interest Income": 1681000.0,
        "Normalized Income": -16978000.0,
        "Net Income From Continuing And Discontinued Operation": -16978000.0,
        "Total Expenses": 19775000.0,
        "Total Operating Income As Reported": -19775000.0,
        "Diluted Average Shares": 12202092.0,
        "Basic Average Shares": 12202092.0,
        "Diluted EPS": -1.39,
        "Basic EPS": -1.39,
        "Diluted NI Availto Com Stockholders": -16978000.0,
        "Net Income Common Stockholders": -16978000.0,
        "Net Income": -16978000.0,
        "Net Income Including Noncontrolling Interests": -16978000.0,
        "Net Income Continuous Operations": -16978000.0,
        "Pretax Income": -16978000.0,
        "Other Income Expense": 1116000.0,
        "Other Non Operating Income Expenses": 1116000.0,
        "Gain On Sale Of Security": NaN,
        "Net Non Operating Interest Income Expense": 1681000.0,
        "Total Other Finance Cost": NaN,
        "Interest Expense Non Operating": 0.0,
        "Interest Income Non Operating": 1681000.0,
        "Operating Income": -19775000.0,
        "Operating Expense": 19775000.0,
        "Research And Development": 15642000.0,
        "Selling General And Administration": 4133000.0,
        "General And Administrative Expense": 4133000.0,
        "Other Gand A": 4133000.0,
        "Total Revenue": 0.0,
        "Operating Revenue": 0.0
    },
    "2025-06-30": {
        "Tax Effect Of Unusual Items": 0.0,
        "Tax Rate For Calcs": 0.0,
        "Normalized EBITDA": -17609000.0,
        "Total Unusual Items": NaN,
        "Total Unusual Items Excluding Goodwill": NaN,
        "Net Income From Continuing Operation Net Minority Interest": -17662000.0,
        "Reconciled Depreciation": 53000.0,
        "EBITDA": -17609000.0,
        "EBIT": -17662000.0,
        "Net Interest Income": 1314000.0,
        "Interest Expense": 0.0,
        "Interest Income": 1314000.0,
        "Normalized Income": -17662000.0,
        "Net Income From Continuing And Discontinued Operation": -17662000.0,
        "Total Expenses": 19152000.0,
        "Total Operating Income As Reported": -19152000.0,
        "Diluted Average Shares": 12240443.0,
        "Basic Average Shares": 12240443.0,
        "Diluted EPS": -1.44,
        "Basic EPS": -1.44,
        "Diluted NI Availto Com Stockholders": -17662000.0,
        "Net Income Common Stockholders": -17662000.0,
        "Net Income": -17662000.0,
        "Net Income Including Noncontrolling Interests": -17662000.0,
        "Net Income Continuous Operations": -17662000.0,
        "Pretax Income": -17662000.0,
        "Other Income Expense": 176000.0,
        "Other Non Operating Income Expenses": 176000.0,
        "Gain On Sale Of Security": NaN,
        "Net Non Operating Interest Income Expense": 1314000.0,
        "Total Other Finance Cost": NaN,
        "Interest Expense Non Operating": 0.0,
        "Interest Income Non Operating": 1314000.0,
        "Operating Income": -19152000.0,
        "Operating Expense": 19152000.0,
        "Research And Development": 15187000.0,
        "Selling General And Administration": 3965000.0,
        "General And Administrative Expense": 3965000.0,
        "Other Gand A": 3965000.0,
        "Total Revenue": 0.0,
        "Operating Revenue": 0.0
    }
}