{
    "2023-03-31": {
        "Tax Effect Of Unusual Items": NaN,
        "Tax Rate For Calcs": NaN,
        "Normalized EBITDA": NaN,
        "Total Unusual Items": -15000.0,
        "Total Unusual Items Excluding Goodwill": -15000.0,
        "Net Income From Continuing Operation Net Minority Interest": NaN,
        "Reconciled Depreciation": NaN,
        "EBITDA": NaN,
        "EBIT": NaN,
        "Normalized Income": NaN,
        "Net Income From Continuing And Discontinued Operation": NaN,
        "Total Expenses": NaN,
        "Total Operating Income As Reported": NaN,
        "Diluted Average Shares": 61186514.0,
        "Basic Average Shares": 61186514.0,
        "Diluted EPS": -0.46,
        "Basic EPS": -0.46,
        "Diluted NI Availto Com Stockholders": NaN,
        "Net Income Common Stockholders": NaN,
        "Net Income": NaN,
        "Net Income Including Noncontrolling Interests": NaN,
        "Net Income Continuous Operations": NaN,
        "Pretax Income": NaN,
        "Other Income Expense": NaN,
        "Other Non Operating Income Expenses": NaN,
        "Gain On Sale Of Security": -15000.0,
        "Operating Income": NaN,
        "Operating Expense": NaN,
        "Research And Development": NaN,
        "Selling General And Administration": NaN,
        "General And Administrative Expense": NaN,
        "Other Gand A": NaN,
        "Total Revenue": NaN,
        "Operating Revenue": NaN
    },
    "2022-12-31": {
        "Tax Effect Of Unusual Items": NaN,
        "Tax Rate For Calcs": NaN,
        "Normalized EBITDA": NaN,
        "Total Unusual Items": NaN,
        "Total Unusual Items Excluding Goodwill": NaN,
        "Net Income From Continuing Operation Net Minority Interest": NaN,
        "Reconciled Depreciation": NaN,
        "EBITDA": NaN,
        "EBIT": NaN,
        "Normalized Income": NaN,
        "Net Income From Continuing And Discontinued Operation": NaN,
        "Total Expenses": NaN,
        "Total Operating Income As Reported": NaN,
        "Diluted Average Shares": NaN,
        "Basic Average Shares": NaN,
        "Diluted EPS": NaN,
        "Basic EPS": NaN,
        "Diluted NI Availto Com Stockholders": NaN,
        "Net Income Common Stockholders": NaN,
        "Net Income": NaN,
        "Net Income Including Noncontrolling Interests": NaN,
        "Net Income Continuous Operations": NaN,
        "Pretax Income": NaN,
        "Other Income Expense": NaN,
        "Other Non Operating Income Expenses": NaN,
        "Special Income Charges": 0.0,
        "Gain On Sale Of Security": NaN,
        "Operating Income": NaN,
        "Operating Expense": NaN,
        "Research And Development": NaN,
        "Selling General And Administration": NaN,
        "General And Administrative Expense": NaN,
        "Other Gand A": NaN,
        "Total Revenue": NaN,
        "Operating Revenue": NaN
    },
    "2022-09-30": {
        "Tax Effect Of Unusual Items": NaN,
        "Tax Rate For Calcs": NaN,
        "Normalized EBITDA": NaN,
        "Total Unusual Items": NaN,
        "Total Unusual Items Excluding Goodwill": NaN,
        "Net Income From Continuing Operation Net Minority Interest": NaN,
        "Reconciled Depreciation": NaN,
        "EBITDA": NaN,
        "EBIT": NaN,
        "Normalized Income": NaN,
        "Net Income From Continuing And Discontinued Operation": NaN,
        "Total Expenses": NaN,
        "Total Operating Income As Reported": NaN,
        "Diluted Average Shares": NaN,
        "Basic Average Shares": NaN,
        "Diluted EPS": NaN,
        "Basic EPS": NaN,
        "Diluted NI Availto Com Stockholders": NaN,
        "Net Income Common Stockholders": NaN,
        "Net Income": NaN,
        "Net Income Including Noncontrolling Interests": NaN,
        "Net Income Continuous Operations": NaN,
        "Pretax Income": NaN,
        "Other Income Expense": NaN,
        "Other Non Operating Income Expenses": NaN,
        "Special Income Charges": 0.0,
        "Gain On Sale Of Security": NaN,
        "Operating Income": NaN,
        "Operating Expense": NaN,
        "Research And Development": NaN,
        "Selling General And Administration": NaN,
        "General And Administrative Expense": NaN,
        "Other Gand A": NaN,
        "Total Revenue": NaN,
        "Operating Revenue": NaN
    },
    "2022-06-30": {
        "Tax Effect Of Unusual Items": 0.0,
        "Tax Rate For Calcs": 0.0,
        "Normalized EBITDA": -28057000.0,
        "Total Unusual Items": -16000.0,
        "Total Unusual Items Excluding Goodwill": -16000.0,
        "Net Income From Continuing Operation Net Minority Interest": -26697000.0,
        "Reconciled Depreciation": 358000.0,
        "EBITDA": -28073000.0,
        "EBIT": -28431000.0,
        "Normalized Income": -26681000.0,
        "Net Income From Continuing And Discontinued Operation": -26697000.0,
        "Total Expenses": 32623000.0,
        "Total Operating Income As Reported": -28431000.0,
        "Diluted Average Shares": 60757689.0,
        "Basic Average Shares": 60757689.0,
        "Diluted EPS": -0.44,
        "Basic EPS": -0.44,
        "Diluted NI Availto Com Stockholders": -26697000.0,
        "Net Income Common Stockholders": -26697000.0,
        "Net Income": -26697000.0,
        "Net Income Including Noncontrolling Interests": -26697000.0,
        "Net Income Continuous Operations": -26697000.0,
        "Tax Provision": NaN,
        "Pretax Income": -26697000.0,
        "Other Income Expense": 1734000.0,
        "Other Non Operating Income Expenses": 1750000.0,
        "Special Income Charges": 0.0,
        "Gain On Sale Of Security": -16000.0,
        "Operating Income": -28431000.0,
        "Operating Expense": 32623000.0,
        "Research And Development": 22579000.0,
        "Selling General And Administration": 10044000.0,
        "General And Administrative Expense": 10044000.0,
        "Other Gand A": 10044000.0,
        "Total Revenue": 4192000.0,
        "Operating Revenue": 4192000.0
    },
    "2022-03-31": {
        "Diluted EPS": -0.32,
        "Total Revenue": 3,
        "Gross Profit": 3,
        "Operating Income": -21,
        "EBIT": -20,
        "Net Income": -19
    },
    "2021-12-31": {
        "Diluted EPS": 1.13,
        "Total Revenue": 3,
        "Gross Profit": 3,
        "Operating Income": -19,
        "EBIT": -19,
        "Net Income": -18
    },
    "2021-09-30": {
        "Diluted EPS": -0.46,
        "Total Revenue": 4,
        "Gross Profit": 4,
        "Operating Income": -19,
        "EBIT": -18,
        "Net Income": -21
    },
    "2021-06-30": {
        "Diluted EPS": -1.39,
        "Total Revenue": 1,
        "Gross Profit": 1,
        "Operating Income": -16,
        "EBIT": -16,
        "Net Income": -14
    },
    "2021-03-31": {
        "Diluted EPS": -1.39,
        "Total Revenue": 2,
        "Gross Profit": 2,
        "Operating Income": -13,
        "EBIT": -13,
        "Net Income": -13
    },
    "2020-12-31": {
        "Diluted EPS": 0.0,
        "Total Revenue": NaN,
        "Gross Profit": NaN,
        "Operating Income": NaN,
        "EBIT": NaN,
        "Net Income": NaN
    },
    "2020-09-30": {
        "Diluted EPS": -0.93,
        "Total Revenue": 1,
        "Gross Profit": 1,
        "Operating Income": -8,
        "EBIT": -8,
        "Net Income": -8
    },
    "2020-06-30": {
        "Diluted EPS": -0.22,
        "Total Revenue": 8,
        "Gross Profit": 8,
        "Operating Income": -2,
        "EBIT": -2,
        "Net Income": -2
    },
    "2019-12-31": {
        "Diluted EPS": 0.0,
        "Total Revenue": NaN,
        "Gross Profit": NaN,
        "Operating Income": NaN,
        "EBIT": NaN,
        "Net Income": NaN
    },
    "2023-06-30": {
        "Tax Effect Of Unusual Items": NaN,
        "Tax Rate For Calcs": NaN,
        "Normalized EBITDA": NaN,
        "Total Unusual Items": 22000.0,
        "Total Unusual Items Excluding Goodwill": 22000.0,
        "Net Income From Continuing Operation Net Minority Interest": NaN,
        "Reconciled Depreciation": NaN,
        "EBITDA": NaN,
        "EBIT": NaN,
        "Normalized Income": NaN,
        "Net Income From Continuing And Discontinued Operation": NaN,
        "Total Expenses": NaN,
        "Total Operating Income As Reported": NaN,
        "Diluted Average Shares": 61417934.0,
        "Basic Average Shares": 61417934.0,
        "Diluted EPS": -0.48,
        "Basic EPS": -0.48,
        "Diluted NI Availto Com Stockholders": NaN,
        "Net Income Common Stockholders": NaN,
        "Net Income": NaN,
        "Net Income Including Noncontrolling Interests": NaN,
        "Net Income Continuous Operations": NaN,
        "Pretax Income": NaN,
        "Other Income Expense": NaN,
        "Other Non Operating Income Expenses": NaN,
        "Gain On Sale Of Security": 22000.0,
        "Operating Income": NaN,
        "Operating Expense": NaN,
        "Research And Development": NaN,
        "Selling General And Administration": NaN,
        "General And Administrative Expense": NaN,
        "Other Gand A": NaN,
        "Total Revenue": NaN,
        "Operating Revenue": NaN
    },
    "2023-09-30": {
        "Tax Effect Of Unusual Items": NaN,
        "Tax Rate For Calcs": NaN,
        "Normalized EBITDA": NaN,
        "Total Unusual Items": -4000.0,
        "Total Unusual Items Excluding Goodwill": -4000.0,
        "Net Income From Continuing Operation Net Minority Interest": NaN,
        "Reconciled Depreciation": NaN,
        "EBITDA": NaN,
        "EBIT": NaN,
        "Normalized Income": NaN,
        "Net Income From Continuing And Discontinued Operation": NaN,
        "Total Expenses": NaN,
        "Total Operating Income As Reported": NaN,
        "Diluted Average Shares": NaN,
        "Basic Average Shares": NaN,
        "Diluted EPS": NaN,
        "Basic EPS": NaN,
        "Diluted NI Availto Com Stockholders": NaN,
        "Net Income Common Stockholders": NaN,
        "Net Income": NaN,
        "Net Income Including Noncontrolling Interests": NaN,
        "Net Income Continuous Operations": NaN,
        "Pretax Income": NaN,
        "Other Income Expense": NaN,
        "Other Non Operating Income Expenses": NaN,
        "Gain On Sale Of Security": -4000.0,
        "Operating Income": NaN,
        "Operating Expense": NaN,
        "Research And Development": NaN,
        "Selling General And Administration": NaN,
        "General And Administrative Expense": NaN,
        "Other Gand A": NaN,
        "Total Revenue": NaN,
        "Operating Revenue": NaN
    },
    "2023-12-31": {
        "Tax Effect Of Unusual Items": NaN,
        "Tax Rate For Calcs": NaN,
        "Normalized EBITDA": NaN,
        "Total Unusual Items": -9000.0,
        "Total Unusual Items Excluding Goodwill": -9000.0,
        "Net Income From Continuing Operation Net Minority Interest": NaN,
        "Reconciled Depreciation": NaN,
        "EBITDA": NaN,
        "EBIT": NaN,
        "Normalized Income": NaN,
        "Net Income From Continuing And Discontinued Operation": NaN,
        "Total Expenses": NaN,
        "Total Operating Income As Reported": NaN,
        "Diluted Average Shares": NaN,
        "Basic Average Shares": NaN,
        "Diluted EPS": NaN,
        "Basic EPS": NaN,
        "Diluted NI Availto Com Stockholders": NaN,
        "Net Income Common Stockholders": NaN,
        "Net Income": NaN,
        "Net Income Including Noncontrolling Interests": NaN,
        "Net Income Continuous Operations": NaN,
        "Pretax Income": NaN,
        "Other Income Expense": NaN,
        "Other Non Operating Income Expenses": NaN,
        "Special Income Charges": NaN,
        "Write Off": NaN,
        "Gain On Sale Of Security": -9000.0,
        "Operating Income": NaN,
        "Operating Expense": NaN,
        "Research And Development": NaN,
        "Selling General And Administration": NaN,
        "General And Administrative Expense": NaN,
        "Other Gand A": NaN,
        "Total Revenue": NaN,
        "Operating Revenue": NaN
    },
    "2024-03-31": {
        "Tax Effect Of Unusual Items": 0.0,
        "Tax Rate For Calcs": 0.0,
        "Normalized EBITDA": -45292000.0,
        "Total Unusual Items": NaN,
        "Total Unusual Items Excluding Goodwill": NaN,
        "Net Income From Continuing Operation Net Minority Interest": -41234000.0,
        "Reconciled Depreciation": 710000.0,
        "EBITDA": -45292000.0,
        "EBIT": -46002000.0,
        "Normalized Income": -41234000.0,
        "Net Income From Continuing And Discontinued Operation": -41234000.0,
        "Total Expenses": 48431000.0,
        "Total Operating Income As Reported": -46002000.0,
        "Diluted Average Shares": 89302937.0,
        "Basic Average Shares": 89302937.0,
        "Diluted EPS": -0.46,
        "Basic EPS": -0.46,
        "Diluted NI Availto Com Stockholders": -41234000.0,
        "Net Income Common Stockholders": -41234000.0,
        "Net Income": -41234000.0,
        "Net Income Including Noncontrolling Interests": -41234000.0,
        "Net Income Continuous Operations": -41234000.0,
        "Pretax Income": -41234000.0,
        "Other Income Expense": 4768000.0,
        "Other Non Operating Income Expenses": 4768000.0,
        "Gain On Sale Of Security": NaN,
        "Operating Income": -46002000.0,
        "Operating Expense": 48431000.0,
        "Research And Development": 33788000.0,
        "Selling General And Administration": 14643000.0,
        "General And Administrative Expense": 14643000.0,
        "Other Gand A": 14643000.0,
        "Total Revenue": 2429000.0,
        "Operating Revenue": 2429000.0
    },
    "2024-06-30": {
        "Tax Effect Of Unusual Items": 0.0,
        "Tax Rate For Calcs": 0.0,
        "Normalized EBITDA": -42645000.0,
        "Total Unusual Items": 0.0,
        "Total Unusual Items Excluding Goodwill": 0.0,
        "Net Income From Continuing Operation Net Minority Interest": -37697000.0,
        "Reconciled Depreciation": 856000.0,
        "EBITDA": -42645000.0,
        "EBIT": -43501000.0,
        "Normalized Income": -37697000.0,
        "Net Income From Continuing And Discontinued Operation": -37697000.0,
        "Total Expenses": 46965000.0,
        "Total Operating Income As Reported": -43501000.0,
        "Diluted Average Shares": 90340932.0,
        "Basic Average Shares": 90340932.0,
        "Diluted EPS": -0.42,
        "Basic EPS": -0.42,
        "Diluted NI Availto Com Stockholders": -37697000.0,
        "Net Income Common Stockholders": -37697000.0,
        "Net Income": -37697000.0,
        "Net Income Including Noncontrolling Interests": -37697000.0,
        "Net Income Continuous Operations": -37697000.0,
        "Pretax Income": -37697000.0,
        "Other Income Expense": 5804000.0,
        "Other Non Operating Income Expenses": 5804000.0,
        "Special Income Charges": 0.0,
        "Write Off": 0.0,
        "Gain On Sale Of Security": -102000.0,
        "Operating Income": -43501000.0,
        "Operating Expense": 46965000.0,
        "Research And Development": 35480000.0,
        "Selling General And Administration": 11485000.0,
        "General And Administrative Expense": 11485000.0,
        "Other Gand A": 11485000.0,
        "Total Revenue": 3464000.0,
        "Operating Revenue": 3464000.0
    },
    "2024-09-30": {
        "Tax Effect Of Unusual Items": 0.0,
        "Tax Rate For Calcs": 0.0,
        "Normalized EBITDA": -37047000.0,
        "Total Unusual Items": -14000.0,
        "Total Unusual Items Excluding Goodwill": -14000.0,
        "Net Income From Continuing Operation Net Minority Interest": -34684000.0,
        "Reconciled Depreciation": 1177000.0,
        "EBITDA": -37061000.0,
        "EBIT": -38238000.0,
        "Normalized Income": -34670000.0,
        "Net Income From Continuing And Discontinued Operation": -34684000.0,
        "Total Expenses": 40262000.0,
        "Total Operating Income As Reported": -38238000.0,
        "Diluted Average Shares": 90455900.0,
        "Basic Average Shares": 90455900.0,
        "Diluted EPS": -0.38,
        "Basic EPS": -0.38,
        "Diluted NI Availto Com Stockholders": -34684000.0,
        "Net Income Common Stockholders": -34684000.0,
        "Net Income": -34684000.0,
        "Net Income Including Noncontrolling Interests": -34684000.0,
        "Net Income Continuous Operations": -34684000.0,
        "Pretax Income": -34684000.0,
        "Other Income Expense": 3554000.0,
        "Other Non Operating Income Expenses": 3568000.0,
        "Special Income Charges": NaN,
        "Write Off": NaN,
        "Gain On Sale Of Security": -14000.0,
        "Operating Income": -38238000.0,
        "Operating Expense": 40262000.0,
        "Research And Development": 30421000.0,
        "Selling General And Administration": 9841000.0,
        "General And Administrative Expense": 9841000.0,
        "Other Gand A": 9841000.0,
        "Total Revenue": 2024000.0,
        "Operating Revenue": 2024000.0
    },
    "2024-12-31": {
        "Tax Effect Of Unusual Items": 0.0,
        "Tax Rate For Calcs": 0.0,
        "Normalized EBITDA": -37691000.0,
        "Total Unusual Items": NaN,
        "Total Unusual Items Excluding Goodwill": NaN,
        "Net Income From Continuing Operation Net Minority Interest": -35490000.0,
        "Reconciled Depreciation": 1184000.0,
        "EBITDA": -37691000.0,
        "EBIT": -38875000.0,
        "Normalized Income": -35490000.0,
        "Net Income From Continuing And Discontinued Operation": -35490000.0,
        "Total Expenses": 40952000.0,
        "Total Operating Income As Reported": -38875000.0,
        "Diluted Average Shares": 91161148.0,
        "Basic Average Shares": 91161148.0,
        "Diluted EPS": -0.39,
        "Basic EPS": -0.39,
        "Diluted NI Availto Com Stockholders": -35490000.0,
        "Net Income Common Stockholders": -35490000.0,
        "Net Income": -35490000.0,
        "Net Income Including Noncontrolling Interests": -35490000.0,
        "Net Income Continuous Operations": -35490000.0,
        "Pretax Income": -35499000.0,
        "Other Income Expense": 3376000.0,
        "Other Non Operating Income Expenses": 3260000.0,
        "Special Income Charges": NaN,
        "Write Off": NaN,
        "Gain On Sale Of Security": NaN,
        "Operating Income": -38875000.0,
        "Operating Expense": 40952000.0,
        "Research And Development": 30464000.0,
        "Selling General And Administration": 10488000.0,
        "General And Administrative Expense": 10488000.0,
        "Other Gand A": 10488000.0,
        "Total Revenue": 2077000.0,
        "Operating Revenue": 2077000.0
    },
    "2025-03-31": {
        "Tax Effect Of Unusual Items": 0.0,
        "Tax Rate For Calcs": 0.0,
        "Normalized EBITDA": -41748000.0,
        "Total Unusual Items": NaN,
        "Total Unusual Items Excluding Goodwill": NaN,
        "Net Income From Continuing Operation Net Minority Interest": -39991000.0,
        "Reconciled Depreciation": 1165000.0,
        "EBITDA": -41748000.0,
        "EBIT": -42913000.0,
        "Normalized Income": -39991000.0,
        "Net Income From Continuing And Discontinued Operation": -39991000.0,
        "Total Expenses": 45266000.0,
        "Total Operating Income As Reported": -42913000.0,
        "Diluted Average Shares": 92679493.0,
        "Basic Average Shares": 92679493.0,
        "Diluted EPS": -0.43,
        "Basic EPS": -0.43,
        "Diluted NI Availto Com Stockholders": -39991000.0,
        "Net Income Common Stockholders": -39991000.0,
        "Net Income": -39991000.0,
        "Net Income Including Noncontrolling Interests": -39991000.0,
        "Net Income Continuous Operations": -39991000.0,
        "Pretax Income": -39991000.0,
        "Other Income Expense": 2922000.0,
        "Other Non Operating Income Expenses": 2922000.0,
        "Special Income Charges": NaN,
        "Write Off": NaN,
        "Gain On Sale Of Security": NaN,
        "Operating Income": -42913000.0,
        "Operating Expense": 45266000.0,
        "Research And Development": 35531000.0,
        "Selling General And Administration": 9735000.0,
        "General And Administrative Expense": 9735000.0,
        "Other Gand A": 9735000.0,
        "Total Revenue": 2353000.0,
        "Operating Revenue": 2353000.0
    },
    "2025-06-30": {
        "Tax Effect Of Unusual Items": 0.0,
        "Tax Rate For Calcs": 0.0,
        "Normalized EBITDA": -12953000.0,
        "Total Unusual Items": -21308000.0,
        "Total Unusual Items Excluding Goodwill": -21308000.0,
        "Net Income From Continuing Operation Net Minority Interest": -54098000.0,
        "Reconciled Depreciation": 1167000.0,
        "EBITDA": -34261000.0,
        "EBIT": -35428000.0,
        "Normalized Income": -32790000.0,
        "Net Income From Continuing And Discontinued Operation": -54098000.0,
        "Total Expenses": 38095000.0,
        "Total Operating Income As Reported": -47578000.0,
        "Diluted Average Shares": 93028698.0,
        "Basic Average Shares": 93028698.0,
        "Diluted EPS": -0.58,
        "Basic EPS": -0.58,
        "Diluted NI Availto Com Stockholders": -54098000.0,
        "Net Income Common Stockholders": -54098000.0,
        "Net Income": -54098000.0,
        "Net Income Including Noncontrolling Interests": -54098000.0,
        "Net Income Continuous Operations": -54098000.0,
        "Pretax Income": -54098000.0,
        "Other Income Expense": -18670000.0,
        "Other Non Operating Income Expenses": 2638000.0,
        "Special Income Charges": -21308000.0,
        "Write Off": 21308000.0,
        "Gain On Sale Of Security": NaN,
        "Operating Income": -35428000.0,
        "Operating Expense": 38095000.0,
        "Research And Development": 27692000.0,
        "Selling General And Administration": 10403000.0,
        "General And Administrative Expense": 10403000.0,
        "Other Gand A": 10403000.0,
        "Total Revenue": 2667000.0,
        "Operating Revenue": 2667000.0
    }
}