{
    "2023-03-31": {
        "Tax Effect Of Unusual Items": NaN,
        "Tax Rate For Calcs": NaN,
        "Normalized EBITDA": NaN,
        "Net Income From Continuing Operation Net Minority Interest": NaN,
        "Reconciled Depreciation": NaN,
        "EBITDA": NaN,
        "EBIT": NaN,
        "Net Interest Income": NaN,
        "Interest Income": NaN,
        "Normalized Income": NaN,
        "Net Income From Continuing And Discontinued Operation": NaN,
        "Total Expenses": NaN,
        "Total Operating Income As Reported": NaN,
        "Diluted Average Shares": 44677000.0,
        "Basic Average Shares": 44677000.0,
        "Diluted EPS": -0.25,
        "Basic EPS": -0.25,
        "Diluted NI Availto Com Stockholders": NaN,
        "Net Income Common Stockholders": NaN,
        "Preferred Stock Dividends": NaN,
        "Net Income": NaN,
        "Net Income Including Noncontrolling Interests": NaN,
        "Net Income Continuous Operations": NaN,
        "Pretax Income": NaN,
        "Other Income Expense": NaN,
        "Other Non Operating Income Expenses": NaN,
        "Net Non Operating Interest Income Expense": NaN,
        "Interest Income Non Operating": NaN,
        "Operating Income": NaN,
        "Operating Expense": NaN,
        "Research And Development": NaN,
        "Selling General And Administration": NaN,
        "Selling And Marketing Expense": NaN,
        "General And Administrative Expense": NaN,
        "Other Gand A": NaN,
        "Salaries And Wages": NaN,
        "Total Revenue": NaN,
        "Operating Revenue": NaN
    },
    "2022-12-31": {
        "Tax Effect Of Unusual Items": 0.0,
        "Tax Rate For Calcs": 0.0,
        "Normalized EBITDA": -9306000.0,
        "Net Income From Continuing Operation Net Minority Interest": -8697000.0,
        "Reconciled Depreciation": 86000.0,
        "EBITDA": -9306000.0,
        "EBIT": -9392000.0,
        "Net Interest Income": 740000.0,
        "Interest Income": 740000.0,
        "Normalized Income": -8697000.0,
        "Net Income From Continuing And Discontinued Operation": -8697000.0,
        "Total Expenses": 9520000.0,
        "Total Operating Income As Reported": -9392000.0,
        "Diluted Average Shares": NaN,
        "Basic Average Shares": NaN,
        "Diluted EPS": NaN,
        "Basic EPS": NaN,
        "Diluted NI Availto Com Stockholders": -8703000.0,
        "Net Income Common Stockholders": -8703000.0,
        "Preferred Stock Dividends": 6000.0,
        "Net Income": -8697000.0,
        "Net Income Including Noncontrolling Interests": -8697000.0,
        "Net Income Continuous Operations": -8697000.0,
        "Pretax Income": -8697000.0,
        "Other Income Expense": -45000.0,
        "Other Non Operating Income Expenses": -45000.0,
        "Net Non Operating Interest Income Expense": 740000.0,
        "Interest Income Non Operating": 740000.0,
        "Operating Income": -9392000.0,
        "Operating Expense": 9520000.0,
        "Research And Development": 6442000.0,
        "Selling General And Administration": 3078000.0,
        "General And Administrative Expense": 3078000.0,
        "Other Gand A": 1681000.0,
        "Salaries And Wages": 1397000.0,
        "Total Revenue": 128000.0,
        "Operating Revenue": 128000.0
    },
    "2022-09-30": {
        "Tax Effect Of Unusual Items": NaN,
        "Tax Rate For Calcs": NaN,
        "Normalized EBITDA": NaN,
        "Net Income From Continuing Operation Net Minority Interest": NaN,
        "Reconciled Depreciation": NaN,
        "EBITDA": NaN,
        "EBIT": NaN,
        "Net Interest Income": NaN,
        "Interest Income": NaN,
        "Normalized Income": NaN,
        "Net Income From Continuing And Discontinued Operation": NaN,
        "Total Expenses": NaN,
        "Total Operating Income As Reported": NaN,
        "Diluted Average Shares": 43333000.0,
        "Basic Average Shares": 43333000.0,
        "Diluted EPS": -0.2,
        "Basic EPS": -0.2,
        "Diluted NI Availto Com Stockholders": NaN,
        "Net Income Common Stockholders": NaN,
        "Preferred Stock Dividends": NaN,
        "Net Income": NaN,
        "Net Income Including Noncontrolling Interests": NaN,
        "Net Income Continuous Operations": NaN,
        "Pretax Income": NaN,
        "Other Income Expense": NaN,
        "Other Non Operating Income Expenses": NaN,
        "Net Non Operating Interest Income Expense": NaN,
        "Interest Income Non Operating": NaN,
        "Operating Income": NaN,
        "Operating Expense": NaN,
        "Research And Development": NaN,
        "Selling General And Administration": NaN,
        "General And Administrative Expense": NaN,
        "Other Gand A": NaN,
        "Salaries And Wages": NaN,
        "Total Revenue": NaN,
        "Operating Revenue": NaN
    },
    "2022-06-30": {
        "Tax Effect Of Unusual Items": 0.0,
        "Tax Rate For Calcs": 0.0,
        "Normalized EBITDA": -10405000.0,
        "Net Income From Continuing Operation Net Minority Interest": -10443000.0,
        "Reconciled Depreciation": 38000.0,
        "EBITDA": -10405000.0,
        "EBIT": -10443000.0,
        "Net Interest Income": 253000.0,
        "Interest Income": 253000.0,
        "Normalized Income": -10443000.0,
        "Net Income From Continuing And Discontinued Operation": -10443000.0,
        "Total Expenses": 10534000.0,
        "Total Operating Income As Reported": -10443000.0,
        "Diluted Average Shares": 43306000.0,
        "Basic Average Shares": 43306000.0,
        "Diluted EPS": -0.24,
        "Basic EPS": -0.24,
        "Diluted NI Availto Com Stockholders": -10449000.0,
        "Net Income Common Stockholders": -10449000.0,
        "Preferred Stock Dividends": 6000.0,
        "Net Income": -10443000.0,
        "Net Income Including Noncontrolling Interests": -10443000.0,
        "Net Income Continuous Operations": -10443000.0,
        "Pretax Income": -10443000.0,
        "Other Income Expense": -253000.0,
        "Other Non Operating Income Expenses": -253000.0,
        "Net Non Operating Interest Income Expense": 253000.0,
        "Interest Income Non Operating": 253000.0,
        "Operating Income": -10443000.0,
        "Operating Expense": 10534000.0,
        "Research And Development": 7448000.0,
        "Selling General And Administration": 3086000.0,
        "General And Administrative Expense": 3086000.0,
        "Other Gand A": 1365000.0,
        "Salaries And Wages": 1721000.0,
        "Total Revenue": 91000.0,
        "Operating Revenue": 91000.0
    },
    "2022-03-31": {
        "Diluted EPS": -0.25,
        "Total Revenue": 0,
        "Gross Profit": 0,
        "Operating Income": -11,
        "EBIT": -11,
        "Net Income": -11
    },
    "2021-12-31": {
        "Diluted EPS": -0.25,
        "Total Revenue": 0,
        "Gross Profit": 0,
        "Operating Income": -10,
        "EBIT": -9,
        "Net Income": -9
    },
    "2021-09-30": {
        "Diluted EPS": -0.17,
        "Total Revenue": 0,
        "Gross Profit": 0,
        "Operating Income": -7,
        "EBIT": -6,
        "Net Income": -7
    },
    "2021-06-30": {
        "Diluted EPS": -0.17,
        "Total Revenue": 0,
        "Gross Profit": 0,
        "Operating Income": -7,
        "EBIT": -6,
        "Net Income": -7
    },
    "2021-03-31": {
        "Diluted EPS": -0.14,
        "Total Revenue": 0,
        "Gross Profit": 0,
        "Operating Income": -5,
        "EBIT": -5,
        "Net Income": -5
    },
    "2020-12-31": {
        "Diluted EPS": 0.03,
        "Total Revenue": 0,
        "Gross Profit": 0,
        "Operating Income": -6,
        "EBIT": -6,
        "Net Income": -7
    },
    "2020-09-30": {
        "Diluted EPS": -0.19,
        "Total Revenue": 0,
        "Gross Profit": 0,
        "Operating Income": -4,
        "EBIT": -4,
        "Net Income": -5
    },
    "2020-06-30": {
        "Diluted EPS": -0.51,
        "Total Revenue": 0,
        "Gross Profit": 0,
        "Operating Income": -4,
        "EBIT": -4,
        "Net Income": -7
    },
    "2020-03-31": {
        "Diluted EPS": -0.41,
        "Total Revenue": 0,
        "Gross Profit": 0,
        "Operating Income": -4,
        "EBIT": -4,
        "Net Income": -4
    },
    "2019-12-31": {
        "Diluted EPS": -0.51,
        "Total Revenue": 0,
        "Gross Profit": 0,
        "Operating Income": -4,
        "EBIT": -4,
        "Net Income": -4
    },
    "2019-09-30": {
        "Diluted EPS": -0.69,
        "Total Revenue": 0,
        "Gross Profit": 0,
        "Operating Income": -4,
        "EBIT": -4,
        "Net Income": -4
    },
    "2019-06-30": {
        "Diluted EPS": -0.76,
        "Total Revenue": 0,
        "Gross Profit": 0,
        "Operating Income": -4,
        "EBIT": -4,
        "Net Income": -4
    },
    "2019-03-31": {
        "Diluted EPS": -1.02,
        "Total Revenue": 0,
        "Gross Profit": 0,
        "Operating Income": -4,
        "EBIT": -4,
        "Net Income": -4
    },
    "2018-12-31": {
        "Diluted EPS": -1.09,
        "Total Revenue": 0,
        "Gross Profit": 0,
        "Operating Income": -4,
        "EBIT": -4,
        "Net Income": -4
    },
    "2018-09-30": {
        "Diluted EPS": -1.1,
        "Total Revenue": 0,
        "Gross Profit": 0,
        "Operating Income": -4,
        "EBIT": -4,
        "Net Income": -4
    },
    "2018-06-30": {
        "Diluted EPS": -5.27,
        "Total Revenue": 0,
        "Gross Profit": 0,
        "Operating Income": -4,
        "EBIT": -4,
        "Net Income": -7
    },
    "2018-03-31": {
        "Diluted EPS": -6.23,
        "Total Revenue": 0,
        "Gross Profit": 0,
        "Operating Income": -5,
        "EBIT": -4,
        "Net Income": -5
    },
    "2017-12-31": {
        "Diluted EPS": -1.54,
        "Total Revenue": 0,
        "Gross Profit": 0,
        "Operating Income": -4,
        "EBIT": -3,
        "Net Income": -3
    },
    "2017-09-30": {
        "Diluted EPS": -8.46,
        "Total Revenue": 0,
        "Gross Profit": 0,
        "Operating Income": -6,
        "EBIT": -5,
        "Net Income": -4
    },
    "2017-06-30": {
        "Diluted EPS": -18.72,
        "Total Revenue": 0,
        "Gross Profit": 0,
        "Operating Income": -6,
        "EBIT": -6,
        "Net Income": -8
    },
    "2017-03-31": {
        "Diluted EPS": -23.05,
        "Total Revenue": 0,
        "Gross Profit": -1,
        "Operating Income": -10,
        "EBIT": -10,
        "Net Income": -10
    },
    "2016-12-31": {
        "Diluted EPS": -23.77,
        "Total Revenue": 0,
        "Gross Profit": -1,
        "Operating Income": -10,
        "EBIT": -9,
        "Net Income": -9
    },
    "2016-09-30": {
        "Diluted EPS": -24.49,
        "Total Revenue": 0,
        "Gross Profit": 0,
        "Operating Income": -10,
        "EBIT": -10,
        "Net Income": -10
    },
    "2016-06-30": {
        "Diluted EPS": -24.49,
        "Total Revenue": 0,
        "Gross Profit": 0,
        "Operating Income": -10,
        "EBIT": -10,
        "Net Income": -10
    },
    "2016-03-31": {
        "Diluted EPS": -25.93,
        "Total Revenue": 0,
        "Gross Profit": 0,
        "Operating Income": -10,
        "EBIT": -10,
        "Net Income": -10
    },
    "2015-12-31": {
        "Diluted EPS": -17.28,
        "Total Revenue": 0,
        "Gross Profit": 0,
        "Operating Income": -7,
        "EBIT": -7,
        "Net Income": -7
    },
    "2015-09-30": {
        "Diluted EPS": -16.56,
        "Total Revenue": 0,
        "Gross Profit": 0,
        "Operating Income": -6,
        "EBIT": -6,
        "Net Income": -3
    },
    "2015-06-30": {
        "Diluted EPS": -29.53,
        "Total Revenue": 0,
        "Gross Profit": 0,
        "Operating Income": -7,
        "EBIT": -6,
        "Net Income": -10
    },
    "2015-03-31": {
        "Diluted EPS": -23.77,
        "Total Revenue": 0,
        "Gross Profit": 0,
        "Operating Income": -5,
        "EBIT": -5,
        "Net Income": -7
    },
    "2014-12-31": {
        "Diluted EPS": -18.72,
        "Total Revenue": 0,
        "Gross Profit": 0,
        "Operating Income": -5,
        "EBIT": -4,
        "Net Income": -5
    },
    "2014-09-30": {
        "Diluted EPS": -20.16,
        "Total Revenue": 0,
        "Gross Profit": 0,
        "Operating Income": -4,
        "EBIT": -4,
        "Net Income": -5
    },
    "2014-06-30": {
        "Diluted EPS": -12.24,
        "Total Revenue": 0,
        "Gross Profit": 0,
        "Operating Income": -3,
        "EBIT": -3,
        "Net Income": -1
    },
    "2014-03-31": {
        "Diluted EPS": -12.24,
        "Total Revenue": 0,
        "Gross Profit": 0,
        "Operating Income": -3,
        "EBIT": -3,
        "Net Income": -3
    },
    "2013-12-31": {
        "Diluted EPS": -2.88,
        "Total Revenue": 0,
        "Gross Profit": 0,
        "Operating Income": -3,
        "EBIT": -3,
        "Net Income": -1
    },
    "2013-09-30": {
        "Diluted EPS": -18.0,
        "Total Revenue": 0,
        "Gross Profit": 0,
        "Operating Income": -3,
        "EBIT": -3,
        "Net Income": -4
    },
    "2013-06-30": {
        "Diluted EPS": -24.49,
        "Total Revenue": 0,
        "Gross Profit": 0,
        "Operating Income": -2,
        "EBIT": -2,
        "Net Income": -5
    },
    "2013-03-31": {
        "Diluted EPS": -5.04,
        "Total Revenue": 0,
        "Gross Profit": 0,
        "Operating Income": -2,
        "EBIT": -2,
        "Net Income": -1
    },
    "2012-12-31": {
        "Diluted EPS": -32.41,
        "Total Revenue": 0,
        "Gross Profit": 0,
        "Operating Income": -1,
        "EBIT": -1,
        "Net Income": -6
    },
    "2012-09-30": {
        "Diluted EPS": -3.6,
        "Total Revenue": 0,
        "Gross Profit": 0,
        "Operating Income": -1,
        "EBIT": -1,
        "Net Income": -1
    },
    "2012-06-30": {
        "Diluted EPS": -20.16,
        "Total Revenue": 0,
        "Gross Profit": 0,
        "Operating Income": -1,
        "EBIT": -1,
        "Net Income": -3
    },
    "2012-03-31": {
        "Diluted EPS": -7.92,
        "Total Revenue": 0,
        "Gross Profit": 0,
        "Operating Income": -1,
        "EBIT": -1,
        "Net Income": -1
    },
    "2011-12-31": {
        "Diluted EPS": -8.64,
        "Total Revenue": 0,
        "Gross Profit": 0,
        "Operating Income": -1,
        "EBIT": -1,
        "Net Income": -1
    },
    "2011-09-30": {
        "Diluted EPS": 0.0,
        "Total Revenue": 0,
        "Gross Profit": 0,
        "Operating Income": -1,
        "EBIT": -1,
        "Net Income": 0
    },
    "2011-06-30": {
        "Diluted EPS": -3.6,
        "Total Revenue": 0,
        "Gross Profit": 0,
        "Operating Income": -1,
        "EBIT": -1,
        "Net Income": 0
    },
    "2011-03-31": {
        "Diluted EPS": -4.32,
        "Total Revenue": 0,
        "Gross Profit": 0,
        "Operating Income": -1,
        "EBIT": -1,
        "Net Income": -1
    },
    "2023-06-30": {
        "Tax Effect Of Unusual Items": NaN,
        "Tax Rate For Calcs": NaN,
        "Normalized EBITDA": NaN,
        "Net Income From Continuing Operation Net Minority Interest": NaN,
        "Reconciled Depreciation": NaN,
        "EBITDA": NaN,
        "EBIT": NaN,
        "Net Interest Income": NaN,
        "Interest Income": NaN,
        "Normalized Income": NaN,
        "Net Income From Continuing And Discontinued Operation": NaN,
        "Total Expenses": NaN,
        "Total Operating Income As Reported": NaN,
        "Diluted Average Shares": 44677000.0,
        "Basic Average Shares": 44677000.0,
        "Diluted EPS": -0.25,
        "Basic EPS": -0.25,
        "Diluted NI Availto Com Stockholders": NaN,
        "Net Income Common Stockholders": NaN,
        "Preferred Stock Dividends": NaN,
        "Net Income": NaN,
        "Net Income Including Noncontrolling Interests": NaN,
        "Net Income Continuous Operations": NaN,
        "Pretax Income": NaN,
        "Other Income Expense": NaN,
        "Other Non Operating Income Expenses": NaN,
        "Net Non Operating Interest Income Expense": NaN,
        "Interest Income Non Operating": NaN,
        "Operating Income": NaN,
        "Operating Expense": NaN,
        "Research And Development": NaN,
        "Selling General And Administration": NaN,
        "Selling And Marketing Expense": 584000.0,
        "General And Administrative Expense": NaN,
        "Other Gand A": NaN,
        "Salaries And Wages": NaN,
        "Total Revenue": NaN,
        "Operating Revenue": NaN
    },
    "2023-09-30": {
        "Tax Effect Of Unusual Items": NaN,
        "Tax Rate For Calcs": NaN,
        "Normalized EBITDA": NaN,
        "Net Income From Continuing Operation Net Minority Interest": NaN,
        "Reconciled Depreciation": NaN,
        "EBITDA": NaN,
        "EBIT": NaN,
        "Net Interest Income": NaN,
        "Interest Income": NaN,
        "Normalized Income": NaN,
        "Net Income From Continuing And Discontinued Operation": NaN,
        "Total Expenses": NaN,
        "Total Operating Income As Reported": NaN,
        "Diluted Average Shares": 44677000.0,
        "Basic Average Shares": 44677000.0,
        "Diluted EPS": -0.22,
        "Basic EPS": -0.22,
        "Diluted NI Availto Com Stockholders": NaN,
        "Net Income Common Stockholders": NaN,
        "Preferred Stock Dividends": NaN,
        "Net Income": NaN,
        "Net Income Including Noncontrolling Interests": NaN,
        "Net Income Continuous Operations": NaN,
        "Pretax Income": NaN,
        "Other Income Expense": NaN,
        "Other Non Operating Income Expenses": NaN,
        "Net Non Operating Interest Income Expense": NaN,
        "Interest Income Non Operating": NaN,
        "Operating Income": NaN,
        "Operating Expense": NaN,
        "Research And Development": NaN,
        "Selling General And Administration": NaN,
        "Selling And Marketing Expense": 536000.0,
        "General And Administrative Expense": NaN,
        "Other Gand A": NaN,
        "Salaries And Wages": NaN,
        "Total Revenue": NaN,
        "Operating Revenue": NaN
    },
    "2023-12-31": {
        "Tax Effect Of Unusual Items": 0.0,
        "Tax Rate For Calcs": 0.0,
        "Normalized EBITDA": -10229000.0,
        "Net Income From Continuing Operation Net Minority Interest": -9337000.0,
        "Reconciled Depreciation": 103000.0,
        "EBITDA": -10229000.0,
        "EBIT": -10332000.0,
        "Net Interest Income": 1008000.0,
        "Interest Income": 1008000.0,
        "Normalized Income": -9337000.0,
        "Net Income From Continuing And Discontinued Operation": -9337000.0,
        "Total Expenses": 10488000.0,
        "Total Operating Income As Reported": -10332000.0,
        "Diluted Average Shares": NaN,
        "Basic Average Shares": NaN,
        "Diluted EPS": NaN,
        "Basic EPS": NaN,
        "Diluted NI Availto Com Stockholders": -9343000.0,
        "Net Income Common Stockholders": -9343000.0,
        "Preferred Stock Dividends": 6000.0,
        "Net Income": -9337000.0,
        "Net Income Including Noncontrolling Interests": -9337000.0,
        "Net Income Continuous Operations": -9337000.0,
        "Pretax Income": -9337000.0,
        "Other Income Expense": -13000.0,
        "Other Non Operating Income Expenses": -13000.0,
        "Net Non Operating Interest Income Expense": 1008000.0,
        "Interest Income Non Operating": 1008000.0,
        "Operating Income": -10332000.0,
        "Operating Expense": 10488000.0,
        "Research And Development": 7763000.0,
        "Selling General And Administration": 2725000.0,
        "Selling And Marketing Expense": NaN,
        "General And Administrative Expense": 4438000.0,
        "Other Gand A": 3180000.0,
        "Salaries And Wages": 1258000.0,
        "Total Revenue": 156000.0,
        "Operating Revenue": 156000.0
    },
    "2024-03-31": {
        "Tax Effect Of Unusual Items": 0.0,
        "Tax Rate For Calcs": 0.0,
        "Normalized EBITDA": -10831000.0,
        "Net Income From Continuing Operation Net Minority Interest": -10011000.0,
        "Reconciled Depreciation": 102000.0,
        "EBITDA": -10831000.0,
        "EBIT": -10933000.0,
        "Net Interest Income": 926000.0,
        "Interest Income": 926000.0,
        "Normalized Income": -10011000.0,
        "Net Income From Continuing And Discontinued Operation": -10011000.0,
        "Total Expenses": 11138000.0,
        "Total Operating Income As Reported": -10933000.0,
        "Diluted Average Shares": 44678000.0,
        "Basic Average Shares": 44678000.0,
        "Diluted EPS": -0.22,
        "Basic EPS": -0.22,
        "Diluted NI Availto Com Stockholders": -10017000.0,
        "Net Income Common Stockholders": -10017000.0,
        "Preferred Stock Dividends": 6000.0,
        "Net Income": -10011000.0,
        "Net Income Including Noncontrolling Interests": -10011000.0,
        "Net Income Continuous Operations": -10011000.0,
        "Pretax Income": -10011000.0,
        "Other Income Expense": -4000.0,
        "Other Non Operating Income Expenses": -4000.0,
        "Net Non Operating Interest Income Expense": 926000.0,
        "Interest Income Non Operating": 926000.0,
        "Operating Income": -10933000.0,
        "Operating Expense": 11138000.0,
        "Research And Development": 8008000.0,
        "Selling General And Administration": 3130000.0,
        "Selling And Marketing Expense": NaN,
        "General And Administrative Expense": 3130000.0,
        "Other Gand A": 1488000.0,
        "Salaries And Wages": 1642000.0,
        "Total Revenue": 205000.0,
        "Operating Revenue": 205000.0
    },
    "2024-06-30": {
        "Tax Effect Of Unusual Items": 0.0,
        "Tax Rate For Calcs": 0.0,
        "Normalized EBITDA": -12440000.0,
        "Net Income From Continuing Operation Net Minority Interest": -11778000.0,
        "Reconciled Depreciation": 105000.0,
        "EBITDA": -12440000.0,
        "EBIT": -12545000.0,
        "Net Interest Income": 805000.0,
        "Interest Income": 805000.0,
        "Normalized Income": -11778000.0,
        "Net Income From Continuing And Discontinued Operation": -11778000.0,
        "Total Expenses": 12708000.0,
        "Total Operating Income As Reported": -12545000.0,
        "Diluted Average Shares": 44825000.0,
        "Basic Average Shares": 44825000.0,
        "Diluted EPS": -0.26,
        "Basic EPS": -0.26,
        "Diluted NI Availto Com Stockholders": -11784000.0,
        "Net Income Common Stockholders": -11784000.0,
        "Preferred Stock Dividends": 6000.0,
        "Net Income": -11778000.0,
        "Net Income Including Noncontrolling Interests": -11778000.0,
        "Net Income Continuous Operations": -11778000.0,
        "Pretax Income": -11778000.0,
        "Other Income Expense": -38000.0,
        "Other Non Operating Income Expenses": -38000.0,
        "Net Non Operating Interest Income Expense": 805000.0,
        "Interest Income Non Operating": 805000.0,
        "Operating Income": -12545000.0,
        "Operating Expense": 12708000.0,
        "Research And Development": 9493000.0,
        "Selling General And Administration": 3215000.0,
        "Selling And Marketing Expense": 459000.0,
        "General And Administrative Expense": 2756000.0,
        "Other Gand A": 1167000.0,
        "Salaries And Wages": 1589000.0,
        "Total Revenue": 163000.0,
        "Operating Revenue": 163000.0
    },
    "2024-09-30": {
        "Tax Effect Of Unusual Items": 0.0,
        "Tax Rate For Calcs": 0.0,
        "Normalized EBITDA": -12500000.0,
        "Net Income From Continuing Operation Net Minority Interest": -11855000.0,
        "Reconciled Depreciation": 101000.0,
        "EBITDA": -12500000.0,
        "EBIT": -12601000.0,
        "Net Interest Income": 741000.0,
        "Interest Income": 741000.0,
        "Normalized Income": -11855000.0,
        "Net Income From Continuing And Discontinued Operation": -11855000.0,
        "Total Expenses": 12766000.0,
        "Total Operating Income As Reported": -12601000.0,
        "Diluted Average Shares": 46865000.0,
        "Basic Average Shares": 46865000.0,
        "Diluted EPS": -0.25,
        "Basic EPS": -0.25,
        "Diluted NI Availto Com Stockholders": -11861000.0,
        "Net Income Common Stockholders": -11861000.0,
        "Preferred Stock Dividends": 6000.0,
        "Net Income": -11855000.0,
        "Net Income Including Noncontrolling Interests": -11855000.0,
        "Net Income Continuous Operations": -11855000.0,
        "Pretax Income": -11855000.0,
        "Other Income Expense": 5000.0,
        "Other Non Operating Income Expenses": 5000.0,
        "Net Non Operating Interest Income Expense": 741000.0,
        "Interest Income Non Operating": 741000.0,
        "Operating Income": -12601000.0,
        "Operating Expense": 12766000.0,
        "Research And Development": 9640000.0,
        "Selling General And Administration": 3126000.0,
        "Selling And Marketing Expense": 400000.0,
        "General And Administrative Expense": 2726000.0,
        "Other Gand A": 1176000.0,
        "Salaries And Wages": 1550000.0,
        "Total Revenue": 165000.0,
        "Operating Revenue": 165000.0
    },
    "2024-12-31": {
        "Tax Effect Of Unusual Items": 0.0,
        "Tax Rate For Calcs": 0.0,
        "Normalized EBITDA": -12476000.0,
        "Net Income From Continuing Operation Net Minority Interest": -11787000.0,
        "Reconciled Depreciation": 96000.0,
        "EBITDA": -12476000.0,
        "EBIT": -12572000.0,
        "Net Interest Income": 787000.0,
        "Interest Income": 787000.0,
        "Normalized Income": -11787000.0,
        "Net Income From Continuing And Discontinued Operation": -11787000.0,
        "Total Expenses": 12723000.0,
        "Total Operating Income As Reported": -12572000.0,
        "Diluted Average Shares": NaN,
        "Basic Average Shares": NaN,
        "Diluted EPS": NaN,
        "Basic EPS": NaN,
        "Diluted NI Availto Com Stockholders": -11793000.0,
        "Net Income Common Stockholders": -11793000.0,
        "Preferred Stock Dividends": 6000.0,
        "Net Income": -11787000.0,
        "Net Income Including Noncontrolling Interests": -11787000.0,
        "Net Income Continuous Operations": -11787000.0,
        "Pretax Income": -11787000.0,
        "Other Income Expense": -2000.0,
        "Other Non Operating Income Expenses": -2000.0,
        "Net Non Operating Interest Income Expense": 787000.0,
        "Interest Income Non Operating": 787000.0,
        "Operating Income": -12572000.0,
        "Operating Expense": 12723000.0,
        "Research And Development": 9712000.0,
        "Selling General And Administration": 3011000.0,
        "Selling And Marketing Expense": NaN,
        "General And Administrative Expense": 4376000.0,
        "Other Gand A": 2770000.0,
        "Salaries And Wages": 1606000.0,
        "Total Revenue": 151000.0,
        "Operating Revenue": 151000.0
    }
}