{
    "2023-03-31": {
        "Tax Effect Of Unusual Items": NaN,
        "Tax Rate For Calcs": NaN,
        "Normalized EBITDA": NaN,
        "Total Unusual Items": NaN,
        "Total Unusual Items Excluding Goodwill": NaN,
        "Net Income From Continuing Operation Net Minority Interest": NaN,
        "Reconciled Depreciation": NaN,
        "Reconciled Cost Of Revenue": NaN,
        "EBITDA": NaN,
        "EBIT": NaN,
        "Net Interest Income": NaN,
        "Interest Expense": NaN,
        "Normalized Income": NaN,
        "Net Income From Continuing And Discontinued Operation": NaN,
        "Total Expenses": NaN,
        "Total Operating Income As Reported": NaN,
        "Diluted Average Shares": NaN,
        "Basic Average Shares": NaN,
        "Diluted EPS": NaN,
        "Basic EPS": NaN,
        "Diluted NI Availto Com Stockholders": NaN,
        "Net Income Common Stockholders": NaN,
        "Net Income": NaN,
        "Net Income Including Noncontrolling Interests": NaN,
        "Net Income Continuous Operations": NaN,
        "Tax Provision": NaN,
        "Pretax Income": NaN,
        "Other Income Expense": NaN,
        "Other Non Operating Income Expenses": NaN,
        "Special Income Charges": NaN,
        "Other Special Charges": NaN,
        "Restructuring And Mergern Acquisition": NaN,
        "Gain On Sale Of Security": -76000.0,
        "Net Non Operating Interest Income Expense": NaN,
        "Interest Expense Non Operating": NaN,
        "Operating Income": NaN,
        "Operating Expense": NaN,
        "Depreciation Amortization Depletion Income Statement": 779000.0,
        "Depreciation And Amortization In Income Statement": 779000.0,
        "Research And Development": 366000.0,
        "Selling General And Administration": NaN,
        "Selling And Marketing Expense": NaN,
        "General And Administrative Expense": NaN,
        "Other Gand A": NaN,
        "Gross Profit": NaN,
        "Cost Of Revenue": NaN,
        "Total Revenue": NaN,
        "Operating Revenue": NaN
    },
    "2022-12-31": {
        "Tax Effect Of Unusual Items": NaN,
        "Tax Rate For Calcs": NaN,
        "Normalized EBITDA": NaN,
        "Total Unusual Items": NaN,
        "Total Unusual Items Excluding Goodwill": NaN,
        "Net Income From Continuing Operation Net Minority Interest": NaN,
        "Reconciled Depreciation": NaN,
        "Reconciled Cost Of Revenue": NaN,
        "EBITDA": NaN,
        "EBIT": NaN,
        "Net Interest Income": NaN,
        "Interest Expense": NaN,
        "Normalized Income": NaN,
        "Net Income From Continuing And Discontinued Operation": NaN,
        "Total Expenses": NaN,
        "Total Operating Income As Reported": NaN,
        "Diluted Average Shares": NaN,
        "Basic Average Shares": NaN,
        "Diluted EPS": NaN,
        "Basic EPS": NaN,
        "Diluted NI Availto Com Stockholders": NaN,
        "Net Income Common Stockholders": NaN,
        "Net Income": NaN,
        "Net Income Including Noncontrolling Interests": NaN,
        "Net Income Continuous Operations": NaN,
        "Tax Provision": NaN,
        "Pretax Income": NaN,
        "Other Income Expense": NaN,
        "Other Non Operating Income Expenses": NaN,
        "Special Income Charges": NaN,
        "Other Special Charges": 0.0,
        "Restructuring And Mergern Acquisition": NaN,
        "Gain On Sale Of Security": 705000.0,
        "Net Non Operating Interest Income Expense": NaN,
        "Interest Expense Non Operating": NaN,
        "Operating Income": NaN,
        "Operating Expense": NaN,
        "Other Operating Expenses": 54000.0,
        "Depreciation Amortization Depletion Income Statement": NaN,
        "Depreciation And Amortization In Income Statement": NaN,
        "Research And Development": NaN,
        "Selling General And Administration": NaN,
        "Selling And Marketing Expense": NaN,
        "General And Administrative Expense": NaN,
        "Other Gand A": NaN,
        "Gross Profit": NaN,
        "Cost Of Revenue": NaN,
        "Total Revenue": NaN,
        "Operating Revenue": NaN
    },
    "2022-09-30": {
        "Tax Effect Of Unusual Items": NaN,
        "Tax Rate For Calcs": NaN,
        "Normalized EBITDA": NaN,
        "Total Unusual Items": NaN,
        "Total Unusual Items Excluding Goodwill": NaN,
        "Net Income From Continuing Operation Net Minority Interest": NaN,
        "Reconciled Depreciation": NaN,
        "Reconciled Cost Of Revenue": NaN,
        "EBITDA": NaN,
        "EBIT": NaN,
        "Net Interest Income": NaN,
        "Interest Expense": NaN,
        "Normalized Income": NaN,
        "Net Income From Continuing And Discontinued Operation": NaN,
        "Total Expenses": NaN,
        "Total Operating Income As Reported": NaN,
        "Diluted Average Shares": 7250000.0,
        "Basic Average Shares": 7250000.0,
        "Diluted EPS": -0.08,
        "Basic EPS": -0.08,
        "Diluted NI Availto Com Stockholders": NaN,
        "Net Income Common Stockholders": NaN,
        "Net Income": NaN,
        "Net Income Including Noncontrolling Interests": NaN,
        "Net Income Continuous Operations": NaN,
        "Tax Provision": NaN,
        "Pretax Income": NaN,
        "Other Income Expense": NaN,
        "Other Non Operating Income Expenses": NaN,
        "Special Income Charges": NaN,
        "Other Special Charges": -37000.0,
        "Write Off": 58000.0,
        "Restructuring And Mergern Acquisition": NaN,
        "Gain On Sale Of Security": 442000.0,
        "Net Non Operating Interest Income Expense": NaN,
        "Interest Expense Non Operating": NaN,
        "Operating Income": NaN,
        "Operating Expense": NaN,
        "Other Operating Expenses": 110000.0,
        "Depreciation Amortization Depletion Income Statement": NaN,
        "Depreciation And Amortization In Income Statement": NaN,
        "Research And Development": NaN,
        "Selling General And Administration": NaN,
        "Selling And Marketing Expense": NaN,
        "General And Administrative Expense": NaN,
        "Other Gand A": NaN,
        "Gross Profit": NaN,
        "Cost Of Revenue": NaN,
        "Total Revenue": NaN,
        "Operating Revenue": NaN
    },
    "2022-06-30": {
        "Tax Effect Of Unusual Items": 81212.927757,
        "Tax Rate For Calcs": 0.040304,
        "Normalized EBITDA": 518000.0,
        "Total Unusual Items": 2015000.0,
        "Total Unusual Items Excluding Goodwill": 2015000.0,
        "Net Income From Continuing Operation Net Minority Interest": 1262000.0,
        "Reconciled Depreciation": 468000.0,
        "Reconciled Cost Of Revenue": 6261000.0,
        "EBITDA": 2533000.0,
        "EBIT": 2065000.0,
        "Net Interest Income": -750000.0,
        "Interest Expense": 750000.0,
        "Normalized Income": -671787.072243,
        "Net Income From Continuing And Discontinued Operation": 1262000.0,
        "Total Expenses": 10893000.0,
        "Total Operating Income As Reported": 30000.0,
        "Diluted Average Shares": 7234000.0,
        "Basic Average Shares": 7234000.0,
        "Diluted EPS": 0.17,
        "Basic EPS": 0.17,
        "Diluted NI Availto Com Stockholders": 1262000.0,
        "Net Income Common Stockholders": 1262000.0,
        "Net Income": 1262000.0,
        "Net Income Including Noncontrolling Interests": 1262000.0,
        "Net Income Continuous Operations": 1262000.0,
        "Tax Provision": 53000.0,
        "Pretax Income": 1315000.0,
        "Other Income Expense": 2035000.0,
        "Other Non Operating Income Expenses": 20000.0,
        "Special Income Charges": 0.0,
        "Other Special Charges": NaN,
        "Write Off": 0.0,
        "Gain On Sale Of Security": 2015000.0,
        "Net Non Operating Interest Income Expense": -750000.0,
        "Interest Expense Non Operating": 750000.0,
        "Operating Income": 30000.0,
        "Operating Expense": 4632000.0,
        "Other Operating Expenses": 37000.0,
        "Depreciation Amortization Depletion Income Statement": 468000.0,
        "Depreciation And Amortization In Income Statement": 468000.0,
        "Research And Development": 418000.0,
        "Selling General And Administration": 3709000.0,
        "Selling And Marketing Expense": 1147000.0,
        "General And Administrative Expense": 2562000.0,
        "Other Gand A": 2562000.0,
        "Gross Profit": 4662000.0,
        "Cost Of Revenue": 6261000.0,
        "Total Revenue": 10923000.0,
        "Operating Revenue": 10923000.0
    },
    "2022-03-31": {
        "Diluted EPS": 0.51,
        "Total Revenue": 11,
        "Gross Profit": 4,
        "Operating Income": -1,
        "EBIT": 0,
        "Net Income": 3
    },
    "2021-12-31": {
        "Diluted EPS": -0.45,
        "Total Revenue": 5,
        "Gross Profit": 2,
        "Operating Income": -2,
        "EBIT": -1,
        "Net Income": -2
    },
    "2021-09-30": {
        "Diluted EPS": -0.09,
        "Total Revenue": 5,
        "Gross Profit": 2,
        "Operating Income": 0,
        "EBIT": 0,
        "Net Income": 0
    },
    "2021-06-30": {
        "Diluted EPS": 0.27,
        "Total Revenue": 3,
        "Gross Profit": 2,
        "Operating Income": 0,
        "EBIT": 0,
        "Net Income": 1
    },
    "2021-03-31": {
        "Diluted EPS": 0.33,
        "Total Revenue": 5,
        "Gross Profit": 2,
        "Operating Income": 0,
        "EBIT": 0,
        "Net Income": 1
    },
    "2020-12-31": {
        "Diluted EPS": 0.03,
        "Total Revenue": 5,
        "Gross Profit": 2,
        "Operating Income": -1,
        "EBIT": -1,
        "Net Income": -1
    },
    "2020-09-30": {
        "Diluted EPS": -0.18,
        "Total Revenue": 5,
        "Gross Profit": 2,
        "Operating Income": 0,
        "EBIT": 0,
        "Net Income": -1
    },
    "2020-06-30": {
        "Diluted EPS": -0.75,
        "Total Revenue": 4,
        "Gross Profit": 2,
        "Operating Income": -2,
        "EBIT": -1,
        "Net Income": -2
    },
    "2020-03-31": {
        "Diluted EPS": -4.05,
        "Total Revenue": 4,
        "Gross Profit": 2,
        "Operating Income": -13,
        "EBIT": -2,
        "Net Income": -13
    },
    "2019-12-31": {
        "Diluted EPS": 0.21,
        "Total Revenue": 6,
        "Gross Profit": 3,
        "Operating Income": -1,
        "EBIT": 0,
        "Net Income": 1
    },
    "2019-09-30": {
        "Diluted EPS": 0.06,
        "Total Revenue": 7,
        "Gross Profit": 3,
        "Operating Income": 0,
        "EBIT": 0,
        "Net Income": 0
    },
    "2019-06-30": {
        "Diluted EPS": 0.12,
        "Total Revenue": 9,
        "Gross Profit": 4,
        "Operating Income": 0,
        "EBIT": 1,
        "Net Income": 0
    },
    "2019-03-31": {
        "Diluted EPS": -0.06,
        "Total Revenue": 9,
        "Gross Profit": 4,
        "Operating Income": 0,
        "EBIT": 0,
        "Net Income": 0
    },
    "2018-12-31": {
        "Diluted EPS": -8.01,
        "Total Revenue": 5,
        "Gross Profit": 2,
        "Operating Income": -2,
        "EBIT": -1,
        "Net Income": -11
    },
    "2018-09-30": {
        "Diluted EPS": -1.05,
        "Total Revenue": 6,
        "Gross Profit": 4,
        "Operating Income": -1,
        "EBIT": 0,
        "Net Income": -1
    },
    "2018-06-30": {
        "Diluted EPS": -0.81,
        "Total Revenue": 7,
        "Gross Profit": 3,
        "Operating Income": 0,
        "EBIT": 1,
        "Net Income": -1
    },
    "2018-03-31": {
        "Diluted EPS": -2.55,
        "Total Revenue": 4,
        "Gross Profit": 2,
        "Operating Income": -2,
        "EBIT": -1,
        "Net Income": -2
    },
    "2017-12-31": {
        "Diluted EPS": -1.77,
        "Total Revenue": 4,
        "Gross Profit": 2,
        "Operating Income": -2,
        "EBIT": -1,
        "Net Income": -1
    },
    "2017-09-30": {
        "Diluted EPS": -5.31,
        "Total Revenue": 4,
        "Gross Profit": 1,
        "Operating Income": -4,
        "EBIT": -3,
        "Net Income": -4
    },
    "2017-06-30": {
        "Diluted EPS": -2.7,
        "Total Revenue": 4,
        "Gross Profit": 2,
        "Operating Income": -1,
        "EBIT": 0,
        "Net Income": -2
    },
    "2017-03-31": {
        "Diluted EPS": 0.9,
        "Total Revenue": 6,
        "Gross Profit": 3,
        "Operating Income": 0,
        "EBIT": 1,
        "Net Income": 0
    },
    "2016-12-31": {
        "Diluted EPS": -0.9,
        "Total Revenue": 6,
        "Gross Profit": 3,
        "Operating Income": 0,
        "EBIT": 1,
        "Net Income": -1
    },
    "2016-09-30": {
        "Diluted EPS": -2.7,
        "Total Revenue": 3,
        "Gross Profit": 1,
        "Operating Income": -2,
        "EBIT": -1,
        "Net Income": -2
    },
    "2016-06-30": {
        "Diluted EPS": 0.0,
        "Total Revenue": 3,
        "Gross Profit": 2,
        "Operating Income": -1,
        "EBIT": 0,
        "Net Income": 0
    },
    "2016-03-31": {
        "Diluted EPS": -2.7,
        "Total Revenue": 2,
        "Gross Profit": 1,
        "Operating Income": -2,
        "EBIT": -1,
        "Net Income": -2
    },
    "2015-12-31": {
        "Diluted EPS": -2.7,
        "Total Revenue": 3,
        "Gross Profit": 1,
        "Operating Income": -1,
        "EBIT": 0,
        "Net Income": -2
    },
    "2015-09-30": {
        "Diluted EPS": -3.6,
        "Total Revenue": 3,
        "Gross Profit": 2,
        "Operating Income": -1,
        "EBIT": -1,
        "Net Income": -2
    },
    "2015-06-30": {
        "Diluted EPS": -4.51,
        "Total Revenue": 3,
        "Gross Profit": 1,
        "Operating Income": -2,
        "EBIT": -2,
        "Net Income": -2
    },
    "2015-03-31": {
        "Diluted EPS": -3.6,
        "Total Revenue": 2,
        "Gross Profit": 0,
        "Operating Income": -3,
        "EBIT": -2,
        "Net Income": -2
    },
    "2014-12-31": {
        "Diluted EPS": -5.41,
        "Total Revenue": 4,
        "Gross Profit": 1,
        "Operating Income": -2,
        "EBIT": -1,
        "Net Income": -2
    },
    "2014-09-30": {
        "Diluted EPS": -1.8,
        "Total Revenue": 4,
        "Gross Profit": 1,
        "Operating Income": -1,
        "EBIT": -1,
        "Net Income": -2
    },
    "2014-06-30": {
        "Diluted EPS": -2.7,
        "Total Revenue": 3,
        "Gross Profit": 0,
        "Operating Income": -1,
        "EBIT": -1,
        "Net Income": -1
    },
    "2014-03-31": {
        "Diluted EPS": -2.7,
        "Total Revenue": 2,
        "Gross Profit": 0,
        "Operating Income": -1,
        "EBIT": -1,
        "Net Income": -1
    },
    "2013-12-31": {
        "Diluted EPS": -14.42,
        "Total Revenue": 1,
        "Gross Profit": 1,
        "Operating Income": -1,
        "EBIT": -1,
        "Net Income": -1
    },
    "2013-09-30": {
        "Diluted EPS": -0.9,
        "Total Revenue": 4,
        "Gross Profit": 1,
        "Operating Income": 0,
        "EBIT": 0,
        "Net Income": 0
    },
    "2013-06-30": {
        "Diluted EPS": -0.9,
        "Total Revenue": 3,
        "Gross Profit": 2,
        "Operating Income": 0,
        "EBIT": 0,
        "Net Income": 0
    },
    "2013-03-31": {
        "Diluted EPS": -24.33,
        "Total Revenue": 1,
        "Gross Profit": 1,
        "Operating Income": -1,
        "EBIT": -1,
        "Net Income": -1
    },
    "2012-12-31": {
        "Diluted EPS": -21.62,
        "Total Revenue": 2,
        "Gross Profit": 1,
        "Operating Income": -1,
        "EBIT": -1,
        "Net Income": -1
    },
    "2012-09-30": {
        "Diluted EPS": -22.53,
        "Total Revenue": 2,
        "Gross Profit": 1,
        "Operating Income": -1,
        "EBIT": -1,
        "Net Income": -1
    },
    "2012-06-30": {
        "Diluted EPS": -23.43,
        "Total Revenue": 2,
        "Gross Profit": 1,
        "Operating Income": -1,
        "EBIT": -1,
        "Net Income": -1
    },
    "2012-03-31": {
        "Diluted EPS": -36.04,
        "Total Revenue": 2,
        "Gross Profit": 1,
        "Operating Income": -2,
        "EBIT": -2,
        "Net Income": -2
    },
    "2011-12-31": {
        "Diluted EPS": -37.84,
        "Total Revenue": 2,
        "Gross Profit": 0,
        "Operating Income": -2,
        "EBIT": -2,
        "Net Income": -2
    },
    "2011-09-30": {
        "Diluted EPS": -31.54,
        "Total Revenue": 2,
        "Gross Profit": 1,
        "Operating Income": -1,
        "EBIT": -1,
        "Net Income": -1
    },
    "2011-06-30": {
        "Diluted EPS": -31.54,
        "Total Revenue": 3,
        "Gross Profit": 1,
        "Operating Income": -1,
        "EBIT": -1,
        "Net Income": -1
    },
    "2011-03-31": {
        "Diluted EPS": -54.06,
        "Total Revenue": 2,
        "Gross Profit": 1,
        "Operating Income": -2,
        "EBIT": -2,
        "Net Income": -2
    },
    "2010-12-31": {
        "Diluted EPS": -36.04,
        "Total Revenue": 3,
        "Gross Profit": 1,
        "Operating Income": -2,
        "EBIT": -1,
        "Net Income": -2
    },
    "2010-09-30": {
        "Diluted EPS": -36.04,
        "Total Revenue": 3,
        "Gross Profit": 1,
        "Operating Income": -1,
        "EBIT": -1,
        "Net Income": -1
    },
    "2010-06-30": {
        "Diluted EPS": -54.06,
        "Total Revenue": 2,
        "Gross Profit": 1,
        "Operating Income": -2,
        "EBIT": -2,
        "Net Income": -2
    },
    "2010-03-31": {
        "Diluted EPS": -72.08,
        "Total Revenue": 1,
        "Gross Profit": 0,
        "Operating Income": -3,
        "EBIT": -3,
        "Net Income": -3
    },
    "2009-12-31": {
        "Diluted EPS": -54.06,
        "Total Revenue": 2,
        "Gross Profit": 1,
        "Operating Income": -2,
        "EBIT": -2,
        "Net Income": -2
    },
    "2009-09-30": {
        "Diluted EPS": -76.58,
        "Total Revenue": 1,
        "Gross Profit": 0,
        "Operating Income": -2,
        "EBIT": -2,
        "Net Income": -2
    },
    "2009-06-30": {
        "Diluted EPS": -81.09,
        "Total Revenue": 1,
        "Gross Profit": 0,
        "Operating Income": -3,
        "EBIT": -2,
        "Net Income": -3
    },
    "2009-03-31": {
        "Diluted EPS": -90.1,
        "Total Revenue": 1,
        "Gross Profit": 0,
        "Operating Income": -3,
        "EBIT": -3,
        "Net Income": -3
    },
    "2023-06-30": {
        "Tax Effect Of Unusual Items": NaN,
        "Tax Rate For Calcs": NaN,
        "Normalized EBITDA": NaN,
        "Total Unusual Items": NaN,
        "Total Unusual Items Excluding Goodwill": NaN,
        "Net Income From Continuing Operation Net Minority Interest": NaN,
        "Reconciled Depreciation": NaN,
        "Reconciled Cost Of Revenue": NaN,
        "EBITDA": NaN,
        "EBIT": NaN,
        "Net Interest Income": NaN,
        "Interest Expense": NaN,
        "Normalized Income": NaN,
        "Net Income From Continuing And Discontinued Operation": NaN,
        "Total Expenses": NaN,
        "Total Operating Income As Reported": NaN,
        "Diluted Average Shares": 7406000.0,
        "Basic Average Shares": 7406000.0,
        "Diluted EPS": -0.19,
        "Basic EPS": -0.19,
        "Diluted NI Availto Com Stockholders": NaN,
        "Net Income Common Stockholders": NaN,
        "Net Income": NaN,
        "Net Income Including Noncontrolling Interests": NaN,
        "Net Income Continuous Operations": NaN,
        "Tax Provision": NaN,
        "Pretax Income": NaN,
        "Other Income Expense": NaN,
        "Other Non Operating Income Expenses": NaN,
        "Special Income Charges": NaN,
        "Other Special Charges": NaN,
        "Restructuring And Mergern Acquisition": NaN,
        "Gain On Sale Of Security": -16000.0,
        "Net Non Operating Interest Income Expense": NaN,
        "Interest Expense Non Operating": NaN,
        "Operating Income": NaN,
        "Operating Expense": NaN,
        "Depreciation Amortization Depletion Income Statement": 797000.0,
        "Depreciation And Amortization In Income Statement": 797000.0,
        "Research And Development": 377000.0,
        "Selling General And Administration": NaN,
        "Selling And Marketing Expense": NaN,
        "General And Administrative Expense": NaN,
        "Other Gand A": NaN,
        "Gross Profit": NaN,
        "Cost Of Revenue": NaN,
        "Total Revenue": NaN,
        "Operating Revenue": NaN
    },
    "2023-09-30": {
        "Tax Effect Of Unusual Items": NaN,
        "Tax Rate For Calcs": NaN,
        "Normalized EBITDA": NaN,
        "Total Unusual Items": NaN,
        "Total Unusual Items Excluding Goodwill": NaN,
        "Net Income From Continuing Operation Net Minority Interest": NaN,
        "Reconciled Depreciation": NaN,
        "Reconciled Cost Of Revenue": NaN,
        "EBITDA": NaN,
        "EBIT": NaN,
        "Net Interest Income": NaN,
        "Interest Expense": NaN,
        "Normalized Income": NaN,
        "Net Income From Continuing And Discontinued Operation": NaN,
        "Total Expenses": NaN,
        "Total Operating Income As Reported": NaN,
        "Diluted Average Shares": 8713000.0,
        "Basic Average Shares": 8713000.0,
        "Diluted EPS": -0.22,
        "Basic EPS": -0.22,
        "Diluted NI Availto Com Stockholders": NaN,
        "Net Income Common Stockholders": NaN,
        "Net Income": NaN,
        "Net Income Including Noncontrolling Interests": NaN,
        "Net Income Continuous Operations": NaN,
        "Tax Provision": NaN,
        "Pretax Income": NaN,
        "Other Income Expense": NaN,
        "Other Non Operating Income Expenses": NaN,
        "Special Income Charges": NaN,
        "Other Special Charges": NaN,
        "Restructuring And Mergern Acquisition": NaN,
        "Gain On Sale Of Security": -1369000.0,
        "Net Non Operating Interest Income Expense": NaN,
        "Interest Expense Non Operating": NaN,
        "Operating Income": NaN,
        "Operating Expense": NaN,
        "Depreciation Amortization Depletion Income Statement": 817000.0,
        "Depreciation And Amortization In Income Statement": 817000.0,
        "Research And Development": 393000.0,
        "Selling General And Administration": NaN,
        "Selling And Marketing Expense": NaN,
        "General And Administrative Expense": NaN,
        "Other Gand A": NaN,
        "Gross Profit": NaN,
        "Cost Of Revenue": NaN,
        "Total Revenue": NaN,
        "Operating Revenue": NaN
    },
    "2023-12-31": {
        "Tax Effect Of Unusual Items": NaN,
        "Tax Rate For Calcs": NaN,
        "Normalized EBITDA": NaN,
        "Total Unusual Items": NaN,
        "Total Unusual Items Excluding Goodwill": NaN,
        "Net Income From Continuing Operation Net Minority Interest": NaN,
        "Reconciled Depreciation": NaN,
        "Reconciled Cost Of Revenue": NaN,
        "EBITDA": NaN,
        "EBIT": NaN,
        "Net Interest Income": NaN,
        "Interest Expense": NaN,
        "Normalized Income": NaN,
        "Net Income From Continuing And Discontinued Operation": NaN,
        "Total Expenses": NaN,
        "Total Operating Income As Reported": NaN,
        "Diluted Average Shares": NaN,
        "Basic Average Shares": NaN,
        "Diluted EPS": NaN,
        "Basic EPS": NaN,
        "Diluted NI Availto Com Stockholders": NaN,
        "Net Income Common Stockholders": NaN,
        "Net Income": NaN,
        "Net Income Including Noncontrolling Interests": NaN,
        "Net Income Continuous Operations": NaN,
        "Tax Provision": NaN,
        "Pretax Income": NaN,
        "Other Income Expense": NaN,
        "Other Non Operating Income Expenses": NaN,
        "Special Income Charges": NaN,
        "Other Special Charges": NaN,
        "Restructuring And Mergern Acquisition": 1419000.0,
        "Gain On Sale Of Security": NaN,
        "Net Non Operating Interest Income Expense": NaN,
        "Interest Expense Non Operating": NaN,
        "Operating Income": NaN,
        "Operating Expense": NaN,
        "Depreciation Amortization Depletion Income Statement": 828000.0,
        "Depreciation And Amortization In Income Statement": 828000.0,
        "Research And Development": 438000.0,
        "Selling General And Administration": NaN,
        "Selling And Marketing Expense": NaN,
        "General And Administrative Expense": NaN,
        "Other Gand A": NaN,
        "Gross Profit": NaN,
        "Cost Of Revenue": NaN,
        "Total Revenue": NaN,
        "Operating Revenue": NaN
    },
    "2024-03-31": {
        "Tax Effect Of Unusual Items": 126840.0,
        "Tax Rate For Calcs": 0.21,
        "Normalized EBITDA": 798000.0,
        "Total Unusual Items": 604000.0,
        "Total Unusual Items Excluding Goodwill": 604000.0,
        "Net Income From Continuing Operation Net Minority Interest": -109000.0,
        "Reconciled Depreciation": 839000.0,
        "Reconciled Cost Of Revenue": 6521000.0,
        "EBITDA": 1402000.0,
        "EBIT": 563000.0,
        "Net Interest Income": -663000.0,
        "Interest Expense": 663000.0,
        "Normalized Income": -586160.0,
        "Net Income From Continuing And Discontinued Operation": -109000.0,
        "Total Expenses": 12361000.0,
        "Total Operating Income As Reported": -76000.0,
        "Diluted Average Shares": 10421000.0,
        "Basic Average Shares": 10421000.0,
        "Diluted EPS": -0.01,
        "Basic EPS": -0.01,
        "Diluted NI Availto Com Stockholders": -109000.0,
        "Net Income Common Stockholders": -109000.0,
        "Net Income": -109000.0,
        "Net Income Including Noncontrolling Interests": -109000.0,
        "Net Income Continuous Operations": -109000.0,
        "Tax Provision": 9000.0,
        "Pretax Income": -100000.0,
        "Other Income Expense": 639000.0,
        "Other Non Operating Income Expenses": 35000.0,
        "Special Income Charges": 604000.0,
        "Other Special Charges": NaN,
        "Restructuring And Mergern Acquisition": -604000.0,
        "Gain On Sale Of Security": NaN,
        "Net Non Operating Interest Income Expense": -663000.0,
        "Interest Expense Non Operating": 663000.0,
        "Operating Income": -76000.0,
        "Operating Expense": 5840000.0,
        "Depreciation Amortization Depletion Income Statement": 839000.0,
        "Depreciation And Amortization In Income Statement": 839000.0,
        "Research And Development": 508000.0,
        "Selling General And Administration": 5840000.0,
        "Selling And Marketing Expense": 1465000.0,
        "General And Administrative Expense": 4375000.0,
        "Other Gand A": 4375000.0,
        "Gross Profit": 5764000.0,
        "Cost Of Revenue": 6521000.0,
        "Total Revenue": 12285000.0,
        "Operating Revenue": 12285000.0
    },
    "2024-06-30": {
        "Tax Effect Of Unusual Items": -136710.0,
        "Tax Rate For Calcs": 0.21,
        "Normalized EBITDA": 1504000.0,
        "Total Unusual Items": -651000.0,
        "Total Unusual Items Excluding Goodwill": -651000.0,
        "Net Income From Continuing Operation Net Minority Interest": -615000.0,
        "Reconciled Depreciation": 930000.0,
        "Reconciled Cost Of Revenue": 6327000.0,
        "EBITDA": 853000.0,
        "EBIT": -77000.0,
        "Net Interest Income": -513000.0,
        "Interest Expense": 513000.0,
        "Normalized Income": -100710.0,
        "Net Income From Continuing And Discontinued Operation": -615000.0,
        "Total Expenses": 12523000.0,
        "Total Operating Income As Reported": 592000.0,
        "Diluted Average Shares": 10447000.0,
        "Basic Average Shares": 10447000.0,
        "Diluted EPS": -0.06,
        "Basic EPS": -0.06,
        "Diluted NI Availto Com Stockholders": -615000.0,
        "Net Income Common Stockholders": -615000.0,
        "Net Income": -615000.0,
        "Net Income Including Noncontrolling Interests": -615000.0,
        "Net Income Continuous Operations": -615000.0,
        "Tax Provision": 25000.0,
        "Pretax Income": -590000.0,
        "Other Income Expense": -669000.0,
        "Other Non Operating Income Expenses": -18000.0,
        "Special Income Charges": -1059000.0,
        "Other Special Charges": 1059000.0,
        "Restructuring And Mergern Acquisition": NaN,
        "Gain On Sale Of Security": 408000.0,
        "Net Non Operating Interest Income Expense": -513000.0,
        "Interest Expense Non Operating": 513000.0,
        "Operating Income": 592000.0,
        "Operating Expense": 6196000.0,
        "Depreciation Amortization Depletion Income Statement": NaN,
        "Depreciation And Amortization In Income Statement": NaN,
        "Research And Development": NaN,
        "Selling General And Administration": 6196000.0,
        "Selling And Marketing Expense": 1665000.0,
        "General And Administrative Expense": 4531000.0,
        "Other Gand A": 4531000.0,
        "Gross Profit": 6788000.0,
        "Cost Of Revenue": 6327000.0,
        "Total Revenue": 13115000.0,
        "Operating Revenue": 13115000.0
    },
    "2024-09-30": {
        "Tax Effect Of Unusual Items": -125580.0,
        "Tax Rate For Calcs": 0.21,
        "Normalized EBITDA": 2279000.0,
        "Total Unusual Items": -598000.0,
        "Total Unusual Items Excluding Goodwill": -598000.0,
        "Net Income From Continuing Operation Net Minority Interest": 54000.0,
        "Reconciled Depreciation": 1132000.0,
        "Reconciled Cost Of Revenue": 7853000.0,
        "EBITDA": 1681000.0,
        "EBIT": 549000.0,
        "Net Interest Income": -303000.0,
        "Interest Expense": 303000.0,
        "Normalized Income": 526420.0,
        "Net Income From Continuing And Discontinued Operation": 54000.0,
        "Total Expenses": 13306000.0,
        "Total Operating Income As Reported": 1136000.0,
        "Diluted Average Shares": 10634000.0,
        "Basic Average Shares": 10447000.0,
        "Diluted EPS": 0.01,
        "Basic EPS": 0.01,
        "Diluted NI Availto Com Stockholders": 54000.0,
        "Net Income Common Stockholders": 54000.0,
        "Net Income": 54000.0,
        "Net Income Including Noncontrolling Interests": 54000.0,
        "Net Income Continuous Operations": 54000.0,
        "Tax Provision": 192000.0,
        "Pretax Income": 246000.0,
        "Other Income Expense": -587000.0,
        "Other Non Operating Income Expenses": 11000.0,
        "Special Income Charges": -598000.0,
        "Other Special Charges": NaN,
        "Restructuring And Mergern Acquisition": 598000.0,
        "Gain On Sale Of Security": NaN,
        "Net Non Operating Interest Income Expense": -303000.0,
        "Interest Expense Non Operating": 303000.0,
        "Operating Income": 1136000.0,
        "Operating Expense": 5453000.0,
        "Depreciation Amortization Depletion Income Statement": NaN,
        "Depreciation And Amortization In Income Statement": NaN,
        "Research And Development": NaN,
        "Selling General And Administration": 5453000.0,
        "Selling And Marketing Expense": 1525000.0,
        "General And Administrative Expense": 3928000.0,
        "Other Gand A": 3928000.0,
        "Gross Profit": 6589000.0,
        "Cost Of Revenue": 7853000.0,
        "Total Revenue": 14442000.0,
        "Operating Revenue": 14442000.0
    },
    "2024-12-31": {
        "Tax Effect Of Unusual Items": -82028.397566,
        "Tax Rate For Calcs": 0.040568,
        "Normalized EBITDA": 537000.0,
        "Total Unusual Items": -2022000.0,
        "Total Unusual Items Excluding Goodwill": -2022000.0,
        "Net Income From Continuing Operation Net Minority Interest": -2838000.0,
        "Reconciled Depreciation": 1177000.0,
        "Reconciled Cost Of Revenue": 6142000.0,
        "EBITDA": -1485000.0,
        "EBIT": -2662000.0,
        "Net Interest Income": -296000.0,
        "Interest Expense": 296000.0,
        "Normalized Income": -898028.397566,
        "Net Income From Continuing And Discontinued Operation": -2838000.0,
        "Total Expenses": 11726000.0,
        "Total Operating Income As Reported": -714000.0,
        "Diluted Average Shares": NaN,
        "Basic Average Shares": NaN,
        "Diluted EPS": NaN,
        "Basic EPS": NaN,
        "Diluted NI Availto Com Stockholders": -2838000.0,
        "Net Income Common Stockholders": -2838000.0,
        "Net Income": -2838000.0,
        "Net Income Including Noncontrolling Interests": -2838000.0,
        "Net Income Continuous Operations": -2838000.0,
        "Tax Provision": -120000.0,
        "Pretax Income": -2958000.0,
        "Other Income Expense": -1948000.0,
        "Other Non Operating Income Expenses": 74000.0,
        "Special Income Charges": -2022000.0,
        "Other Special Charges": 0.0,
        "Restructuring And Mergern Acquisition": 2022000.0,
        "Gain On Sale Of Security": NaN,
        "Net Non Operating Interest Income Expense": -296000.0,
        "Interest Expense Non Operating": 296000.0,
        "Operating Income": -714000.0,
        "Operating Expense": 5584000.0,
        "Depreciation Amortization Depletion Income Statement": NaN,
        "Depreciation And Amortization In Income Statement": NaN,
        "Research And Development": NaN,
        "Selling General And Administration": 5584000.0,
        "Selling And Marketing Expense": 1360000.0,
        "General And Administrative Expense": 4224000.0,
        "Other Gand A": 4224000.0,
        "Gross Profit": 4870000.0,
        "Cost Of Revenue": 6142000.0,
        "Total Revenue": 11012000.0,
        "Operating Revenue": 11012000.0
    },
    "2025-03-31": {
        "Tax Effect Of Unusual Items": 136349.870205,
        "Tax Rate For Calcs": 0.028555,
        "Normalized EBITDA": 200000.0,
        "Total Unusual Items": 4775000.0,
        "Total Unusual Items Excluding Goodwill": 4775000.0,
        "Net Income From Continuing Operation Net Minority Interest": 3368000.0,
        "Reconciled Depreciation": 1187000.0,
        "Reconciled Cost Of Revenue": 5281000.0,
        "EBITDA": 4975000.0,
        "EBIT": 3788000.0,
        "Net Interest Income": -321000.0,
        "Interest Expense": 321000.0,
        "Normalized Income": -1270650.129795,
        "Net Income From Continuing And Discontinued Operation": 3368000.0,
        "Total Expenses": 10456000.0,
        "Total Operating Income As Reported": -722000.0,
        "Diluted Average Shares": 10447000.0,
        "Basic Average Shares": 10447000.0,
        "Diluted EPS": 0.32,
        "Basic EPS": 0.32,
        "Diluted NI Availto Com Stockholders": 3368000.0,
        "Net Income Common Stockholders": 3368000.0,
        "Net Income": 3368000.0,
        "Net Income Including Noncontrolling Interests": 3368000.0,
        "Net Income Continuous Operations": 3368000.0,
        "Tax Provision": 99000.0,
        "Pretax Income": 3467000.0,
        "Other Income Expense": 4510000.0,
        "Other Non Operating Income Expenses": -265000.0,
        "Special Income Charges": 4775000.0,
        "Other Special Charges": NaN,
        "Restructuring And Mergern Acquisition": -4775000.0,
        "Gain On Sale Of Security": NaN,
        "Net Non Operating Interest Income Expense": -321000.0,
        "Interest Expense Non Operating": 321000.0,
        "Operating Income": -722000.0,
        "Operating Expense": 5175000.0,
        "Depreciation Amortization Depletion Income Statement": NaN,
        "Depreciation And Amortization In Income Statement": NaN,
        "Research And Development": NaN,
        "Selling General And Administration": 5175000.0,
        "Selling And Marketing Expense": 1247000.0,
        "General And Administrative Expense": 3928000.0,
        "Other Gand A": 3928000.0,
        "Gross Profit": 4453000.0,
        "Cost Of Revenue": 5281000.0,
        "Total Revenue": 9734000.0,
        "Operating Revenue": 9734000.0
    }
}