{
    "2022-12-31": {
        "Diluted EPS": 0.0,
        "Total Revenue": NaN,
        "Gross Profit": NaN,
        "Operating Income": NaN,
        "EBIT": NaN,
        "Net Income": NaN
    },
    "2022-06-30": {
        "Diluted EPS": 0.0,
        "Total Revenue": NaN,
        "Gross Profit": NaN,
        "Operating Income": NaN,
        "Net Income": NaN
    },
    "2021-12-31": {
        "Diluted EPS": 0.0,
        "Total Revenue": NaN,
        "Gross Profit": NaN,
        "Operating Income": NaN,
        "EBIT": NaN,
        "Net Income": NaN
    },
    "2021-06-30": {
        "Diluted EPS": 0.0,
        "Total Revenue": NaN,
        "Gross Profit": NaN,
        "Operating Income": NaN,
        "EBIT": NaN,
        "Net Income": NaN
    },
    "2020-12-31": {
        "Diluted EPS": 0.0,
        "Total Revenue": NaN,
        "Gross Profit": NaN,
        "Operating Income": NaN,
        "EBIT": NaN,
        "Net Income": NaN
    },
    "2020-06-30": {
        "Diluted EPS": 0.0,
        "Total Revenue": NaN,
        "Gross Profit": NaN,
        "Operating Income": NaN,
        "EBIT": NaN,
        "Net Income": NaN
    },
    "2019-12-31": {
        "Diluted EPS": 0.0,
        "Total Revenue": NaN,
        "Gross Profit": NaN,
        "Operating Income": NaN,
        "EBIT": NaN,
        "Net Income": NaN
    },
    "2019-06-30": {
        "Diluted EPS": 0.0,
        "Total Revenue": NaN,
        "Gross Profit": NaN,
        "Operating Income": NaN,
        "EBIT": NaN,
        "Net Income": NaN
    },
    "2018-12-31": {
        "Diluted EPS": 0.0,
        "Total Revenue": NaN,
        "Gross Profit": NaN,
        "Operating Income": NaN,
        "EBIT": NaN,
        "Net Income": NaN
    },
    "2018-06-30": {
        "Diluted EPS": 0.0,
        "Total Revenue": NaN,
        "Gross Profit": NaN,
        "Operating Income": NaN,
        "EBIT": NaN,
        "Net Income": NaN
    },
    "2017-12-31": {
        "Diluted EPS": 0.0,
        "Total Revenue": NaN,
        "Gross Profit": NaN,
        "Operating Income": NaN,
        "EBIT": NaN,
        "Net Income": NaN
    },
    "2017-06-30": {
        "Diluted EPS": 0.0,
        "Total Revenue": NaN,
        "Gross Profit": NaN,
        "Operating Income": NaN,
        "EBIT": NaN,
        "Net Income": NaN
    },
    "2016-12-31": {
        "Diluted EPS": 0.0,
        "Total Revenue": NaN,
        "Gross Profit": NaN,
        "Operating Income": NaN,
        "EBIT": NaN,
        "Net Income": NaN
    },
    "2016-06-30": {
        "Diluted EPS": 0.0,
        "Total Revenue": NaN,
        "Gross Profit": NaN,
        "Operating Income": NaN,
        "EBIT": NaN,
        "Net Income": NaN
    },
    "2015-12-31": {
        "Diluted EPS": 0.0,
        "Total Revenue": NaN,
        "Gross Profit": NaN,
        "Operating Income": NaN,
        "EBIT": NaN,
        "Net Income": NaN
    },
    "2015-06-30": {
        "Diluted EPS": 0.0,
        "Total Revenue": NaN,
        "Gross Profit": NaN,
        "Operating Income": NaN,
        "EBIT": NaN,
        "Net Income": NaN
    },
    "2014-12-31": {
        "Diluted EPS": 0.0,
        "Total Revenue": NaN,
        "Gross Profit": NaN,
        "Operating Income": NaN,
        "EBIT": NaN,
        "Net Income": NaN
    },
    "2014-06-30": {
        "Diluted EPS": 0.0,
        "Total Revenue": NaN,
        "Gross Profit": NaN,
        "Operating Income": NaN,
        "EBIT": NaN,
        "Net Income": NaN
    },
    "2013-12-31": {
        "Diluted EPS": 0.0,
        "Total Revenue": NaN,
        "Gross Profit": NaN,
        "Operating Income": NaN,
        "EBIT": NaN,
        "Net Income": NaN
    },
    "2013-06-30": {
        "Diluted EPS": 0.0,
        "Total Revenue": NaN,
        "Gross Profit": NaN,
        "Operating Income": NaN,
        "EBIT": NaN,
        "Net Income": NaN
    },
    "2012-12-31": {
        "Diluted EPS": 0.0,
        "Total Revenue": NaN,
        "Gross Profit": NaN,
        "Operating Income": NaN,
        "EBIT": NaN,
        "Net Income": NaN
    },
    "2012-06-30": {
        "Diluted EPS": 0.0,
        "Total Revenue": NaN,
        "Gross Profit": NaN,
        "Operating Income": NaN,
        "EBIT": NaN,
        "Net Income": NaN
    },
    "2011-12-31": {
        "Diluted EPS": 0.0,
        "Total Revenue": NaN,
        "Gross Profit": NaN,
        "Operating Income": NaN,
        "EBIT": NaN,
        "Net Income": NaN
    },
    "2011-06-30": {
        "Diluted EPS": 0.0,
        "Total Revenue": NaN,
        "Gross Profit": NaN,
        "Operating Income": NaN,
        "EBIT": NaN,
        "Net Income": NaN
    },
    "2010-12-31": {
        "Diluted EPS": 0.0,
        "Total Revenue": NaN,
        "Gross Profit": NaN,
        "Operating Income": NaN,
        "EBIT": NaN,
        "Net Income": NaN
    },
    "2010-06-30": {
        "Diluted EPS": 0.0,
        "Total Revenue": NaN,
        "Gross Profit": NaN,
        "Operating Income": NaN,
        "EBIT": NaN,
        "Net Income": NaN
    },
    "2009-12-31": {
        "Diluted EPS": 0.0,
        "Total Revenue": NaN,
        "Gross Profit": NaN,
        "Operating Income": NaN,
        "EBIT": NaN,
        "Net Income": NaN
    },
    "2009-06-30": {
        "Diluted EPS": 0.0,
        "Total Revenue": NaN,
        "Gross Profit": NaN,
        "Operating Income": NaN,
        "EBIT": NaN,
        "Net Income": NaN
    },
    "2024-03-31": {
        "Tax Effect Of Unusual Items": 1680000.0,
        "Tax Rate For Calcs": 0.21,
        "Normalized EBITDA": 621000000.0,
        "Total Unusual Items": 8000000.0,
        "Total Unusual Items Excluding Goodwill": 8000000.0,
        "Net Income From Continuing Operation Net Minority Interest": 116000000.0,
        "Reconciled Depreciation": 397000000.0,
        "Reconciled Cost Of Revenue": 4726000000.0,
        "EBITDA": 629000000.0,
        "EBIT": 232000000.0,
        "Net Interest Income": -90000000.0,
        "Interest Expense": 133000000.0,
        "Interest Income": 43000000.0,
        "Normalized Income": 109680000.0,
        "Net Income From Continuing And Discontinued Operation": 116000000.0,
        "Total Expenses": 6513000000.0,
        "Total Operating Income As Reported": 28000000.0,
        "Diluted Average Shares": 693400000.0,
        "Basic Average Shares": 687800000.0,
        "Diluted EPS": 0.16,
        "Basic EPS": 0.16,
        "Diluted NI Availto Com Stockholders": 116000000.0,
        "Net Income Common Stockholders": 116000000.0,
        "Otherunder Preferred Stock Dividend": 0.0,
        "Net Income": 116000000.0,
        "Minority Interests": 2000000.0,
        "Net Income Including Noncontrolling Interests": 114000000.0,
        "Net Income Continuous Operations": 114000000.0,
        "Tax Provision": -19000000.0,
        "Pretax Income": 99000000.0,
        "Other Non Operating Income Expenses": 161000000.0,
        "Special Income Charges": 8000000.0,
        "Other Special Charges": -8000000.0,
        "Net Non Operating Interest Income Expense": -90000000.0,
        "Interest Expense Non Operating": 133000000.0,
        "Interest Income Non Operating": 43000000.0,
        "Operating Income": 20000000.0,
        "Operating Expense": 1787000000.0,
        "Selling General And Administration": 1787000000.0,
        "General And Administrative Expense": 1787000000.0,
        "Gross Profit": 1807000000.0,
        "Cost Of Revenue": 4726000000.0,
        "Total Revenue": 6533000000.0,
        "Operating Revenue": 6533000000.0
    },
    "2023-12-31": {
        "Tax Effect Of Unusual Items": -62749668.874172,
        "Tax Rate For Calcs": 0.190728,
        "Normalized EBITDA": 1621000000.0,
        "Total Unusual Items": -329000000.0,
        "Total Unusual Items Excluding Goodwill": -329000000.0,
        "Net Income From Continuing Operation Net Minority Interest": 719000000.0,
        "Reconciled Depreciation": 446000000.0,
        "Reconciled Cost Of Revenue": 5734000000.0,
        "EBITDA": 1292000000.0,
        "EBIT": 846000000.0,
        "Net Interest Income": -23000000.0,
        "Interest Expense": 91000000.0,
        "Interest Income": 68000000.0,
        "Normalized Income": 985250331.125828,
        "Net Income From Continuing And Discontinued Operation": 719000000.0,
        "Total Expenses": 7573000000.0,
        "Total Operating Income As Reported": 783000000.0,
        "Diluted Average Shares": 705300000.0,
        "Basic Average Shares": 700500000.0,
        "Diluted EPS": 0.99,
        "Basic EPS": 0.99,
        "Diluted NI Availto Com Stockholders": 719000000.0,
        "Net Income Common Stockholders": 719000000.0,
        "Otherunder Preferred Stock Dividend": 0.0,
        "Net Income": 719000000.0,
        "Minority Interests": 146000000.0,
        "Net Income Including Noncontrolling Interests": 573000000.0,
        "Net Income Continuous Operations": 573000000.0,
        "Tax Provision": 144000000.0,
        "Pretax Income": 755000000.0,
        "Other Non Operating Income Expenses": -5000000.0,
        "Special Income Charges": -329000000.0,
        "Other Special Charges": -28000000.0,
        "Net Non Operating Interest Income Expense": -23000000.0,
        "Interest Expense Non Operating": 91000000.0,
        "Interest Income Non Operating": 68000000.0,
        "Operating Income": 1112000000.0,
        "Operating Expense": 1839000000.0,
        "Selling General And Administration": 1839000000.0,
        "General And Administrative Expense": 1839000000.0,
        "Gross Profit": 2951000000.0,
        "Cost Of Revenue": 5734000000.0,
        "Total Revenue": 8685000000.0,
        "Operating Revenue": 8685000000.0
    },
    "2023-06-30": {
        "Tax Effect Of Unusual Items": 4320000.0,
        "Tax Rate For Calcs": 0.24,
        "Normalized EBITDA": 2034000000.0,
        "Total Unusual Items": 18000000.0,
        "Total Unusual Items Excluding Goodwill": 18000000.0,
        "Net Income From Continuing Operation Net Minority Interest": 1199000000.0,
        "Reconciled Depreciation": 401000000.0,
        "Reconciled Cost Of Revenue": 6079000000.0,
        "EBITDA": 2052000000.0,
        "EBIT": 1651000000.0,
        "Net Interest Income": -37000000.0,
        "Interest Expense": 73000000.0,
        "Interest Income": 36000000.0,
        "Normalized Income": 1185320000.0,
        "Net Income From Continuing And Discontinued Operation": 1199000000.0,
        "Total Expenses": 8114000000.0,
        "Total Operating Income As Reported": 1613000000.0,
        "Diluted Average Shares": 738200000.0,
        "Basic Average Shares": 734700000.0,
        "Diluted EPS": 1.62,
        "Basic EPS": 1.63,
        "Diluted NI Availto Com Stockholders": 1199000000.0,
        "Net Income Common Stockholders": 1199000000.0,
        "Otherunder Preferred Stock Dividend": 0.0,
        "Net Income": 1199000000.0,
        "Minority Interests": -13000000.0,
        "Net Income Including Noncontrolling Interests": 1212000000.0,
        "Net Income Continuous Operations": 1212000000.0,
        "Tax Provision": 379000000.0,
        "Pretax Income": 1578000000.0,
        "Other Non Operating Income Expenses": 2000000.0,
        "Special Income Charges": 18000000.0,
        "Other Special Charges": -18000000.0,
        "Net Non Operating Interest Income Expense": -37000000.0,
        "Interest Expense Non Operating": 73000000.0,
        "Interest Income Non Operating": 36000000.0,
        "Operating Income": 1595000000.0,
        "Operating Expense": 2035000000.0,
        "Selling General And Administration": 2035000000.0,
        "General And Administrative Expense": 2035000000.0,
        "Gross Profit": 3630000000.0,
        "Cost Of Revenue": 6079000000.0,
        "Total Revenue": 9709000000.0,
        "Operating Revenue": 9709000000.0
    },
    "2023-03-31": {
        "Tax Effect Of Unusual Items": 1794871.794872,
        "Tax Rate For Calcs": 0.358974,
        "Normalized EBITDA": 421000000.0,
        "Total Unusual Items": 5000000.0,
        "Total Unusual Items Excluding Goodwill": 5000000.0,
        "Net Income From Continuing Operation Net Minority Interest": -28000000.0,
        "Reconciled Depreciation": 384000000.0,
        "Reconciled Cost Of Revenue": 4808000000.0,
        "EBITDA": 426000000.0,
        "EBIT": 42000000.0,
        "Net Interest Income": -41000000.0,
        "Interest Expense": 81000000.0,
        "Interest Income": 40000000.0,
        "Normalized Income": -31205128.205128,
        "Net Income From Continuing And Discontinued Operation": -28000000.0,
        "Total Expenses": 6430000000.0,
        "Total Operating Income As Reported": 2000000.0,
        "Diluted Average Shares": 742900000.0,
        "Basic Average Shares": 742900000.0,
        "Diluted EPS": -0.05,
        "Basic EPS": -0.05,
        "Diluted NI Availto Com Stockholders": -28000000.0,
        "Net Income Common Stockholders": -28000000.0,
        "Otherunder Preferred Stock Dividend": 0.0,
        "Net Income": -28000000.0,
        "Minority Interests": 3000000.0,
        "Net Income Including Noncontrolling Interests": -31000000.0,
        "Net Income Continuous Operations": -31000000.0,
        "Tax Provision": -14000000.0,
        "Pretax Income": -39000000.0,
        "Other Non Operating Income Expenses": NaN,
        "Special Income Charges": 5000000.0,
        "Other Special Charges": -5000000.0,
        "Net Non Operating Interest Income Expense": -41000000.0,
        "Interest Expense Non Operating": 81000000.0,
        "Interest Income Non Operating": 40000000.0,
        "Operating Income": -3000000.0,
        "Operating Expense": 1622000000.0,
        "Selling General And Administration": 1622000000.0,
        "General And Administrative Expense": 1622000000.0,
        "Gross Profit": 1619000000.0,
        "Cost Of Revenue": 4808000000.0,
        "Total Revenue": 6427000000.0,
        "Operating Revenue": 6427000000.0
    },
    "2024-06-30": {
        "Tax Effect Of Unusual Items": 25500000.0,
        "Tax Rate For Calcs": 0.25,
        "Normalized EBITDA": 2210000000.0,
        "Total Unusual Items": 102000000.0,
        "Total Unusual Items Excluding Goodwill": 102000000.0,
        "Net Income From Continuing Operation Net Minority Interest": 1297000000.0,
        "Reconciled Depreciation": 424000000.0,
        "Reconciled Cost Of Revenue": 5979000000.0,
        "EBITDA": 2312000000.0,
        "EBIT": 1888000000.0,
        "Net Interest Income": -119000000.0,
        "Interest Expense": 155000000.0,
        "Interest Income": 36000000.0,
        "Normalized Income": 1220500000.0,
        "Net Income From Continuing And Discontinued Operation": 1297000000.0,
        "Total Expenses": 7927000000.0,
        "Total Operating Income As Reported": 1829000000.0,
        "Diluted Average Shares": 688800000.0,
        "Basic Average Shares": 685500000.0,
        "Diluted EPS": 1.88,
        "Basic EPS": 1.89,
        "Diluted NI Availto Com Stockholders": 1297000000.0,
        "Net Income Common Stockholders": 1297000000.0,
        "Otherunder Preferred Stock Dividend": 0.0,
        "Net Income": 1297000000.0,
        "Minority Interests": -12000000.0,
        "Net Income Including Noncontrolling Interests": 1309000000.0,
        "Net Income Continuous Operations": 1309000000.0,
        "Tax Provision": 430000000.0,
        "Pretax Income": 1733000000.0,
        "Other Non Operating Income Expenses": 23000000.0,
        "Special Income Charges": 102000000.0,
        "Other Special Charges": -102000000.0,
        "Net Non Operating Interest Income Expense": -119000000.0,
        "Interest Expense Non Operating": 155000000.0,
        "Interest Income Non Operating": 36000000.0,
        "Operating Income": 1727000000.0,
        "Operating Expense": 1948000000.0,
        "Selling General And Administration": 1948000000.0,
        "General And Administrative Expense": 1948000000.0,
        "Gross Profit": 3675000000.0,
        "Cost Of Revenue": 5979000000.0,
        "Total Revenue": 9654000000.0,
        "Operating Revenue": 9654000000.0
    },
    "2024-09-30": {
        "Tax Effect Of Unusual Items": 24920000.0,
        "Tax Rate For Calcs": 0.28,
        "Normalized EBITDA": 2437000000.0,
        "Total Unusual Items": 89000000.0,
        "Total Unusual Items Excluding Goodwill": 89000000.0,
        "Net Income From Continuing Operation Net Minority Interest": 1353000000.0,
        "Reconciled Depreciation": 467000000.0,
        "Reconciled Cost Of Revenue": 6456000000.0,
        "EBITDA": 2526000000.0,
        "EBIT": 2059000000.0,
        "Net Interest Income": -131000000.0,
        "Interest Expense": 164000000.0,
        "Interest Income": 33000000.0,
        "Normalized Income": 1288920000.0,
        "Net Income From Continuing And Discontinued Operation": 1353000000.0,
        "Total Expenses": 8640000000.0,
        "Total Operating Income As Reported": 1964000000.0,
        "Diluted Average Shares": 685500000.0,
        "Basic Average Shares": 681600000.0,
        "Diluted EPS": 1.97,
        "Basic EPS": 1.99,
        "Diluted NI Availto Com Stockholders": 1353000000.0,
        "Net Income Common Stockholders": 1353000000.0,
        "Otherunder Preferred Stock Dividend": 0.0,
        "Net Income": 1353000000.0,
        "Minority Interests": -36000000.0,
        "Net Income Including Noncontrolling Interests": 1389000000.0,
        "Net Income Continuous Operations": 1389000000.0,
        "Tax Provision": 531000000.0,
        "Pretax Income": 1895000000.0,
        "Other Non Operating Income Expenses": 62000000.0,
        "Special Income Charges": 89000000.0,
        "Other Special Charges": -89000000.0,
        "Net Non Operating Interest Income Expense": -131000000.0,
        "Interest Expense Non Operating": 164000000.0,
        "Interest Income Non Operating": 33000000.0,
        "Operating Income": 1875000000.0,
        "Operating Expense": 2184000000.0,
        "Selling General And Administration": 2184000000.0,
        "General And Administrative Expense": 2184000000.0,
        "Gross Profit": 4059000000.0,
        "Cost Of Revenue": 6456000000.0,
        "Total Revenue": 10515000000.0,
        "Operating Revenue": 10515000000.0
    },
    "2023-09-30": {
        "Tax Effect Of Unusual Items": 3600000.0,
        "Tax Rate For Calcs": 0.24,
        "Normalized EBITDA": 2238000000.0,
        "Total Unusual Items": 15000000.0,
        "Total Unusual Items Excluding Goodwill": 15000000.0,
        "Net Income From Continuing Operation Net Minority Interest": 1306000000.0,
        "Reconciled Depreciation": 402000000.0,
        "Reconciled Cost Of Revenue": 6365000000.0,
        "EBITDA": 2253000000.0,
        "EBIT": 1851000000.0,
        "Net Interest Income": -69000000.0,
        "Interest Expense": 131000000.0,
        "Interest Income": 62000000.0,
        "Normalized Income": 1294600000.0,
        "Net Income From Continuing And Discontinued Operation": 1306000000.0,
        "Total Expenses": 8355000000.0,
        "Total Operating Income As Reported": 1788000000.0,
        "Diluted Average Shares": 722100000.0,
        "Basic Average Shares": 718200000.0,
        "Diluted EPS": 1.8,
        "Basic EPS": 1.81,
        "Diluted NI Availto Com Stockholders": 1306000000.0,
        "Net Income Common Stockholders": 1306000000.0,
        "Otherunder Preferred Stock Dividend": 0.0,
        "Net Income": 1306000000.0,
        "Minority Interests": -12000000.0,
        "Net Income Including Noncontrolling Interests": 1318000000.0,
        "Net Income Continuous Operations": 1318000000.0,
        "Tax Provision": 416000000.0,
        "Pretax Income": 1720000000.0,
        "Other Non Operating Income Expenses": 1000000.0,
        "Special Income Charges": 15000000.0,
        "Other Special Charges": -15000000.0,
        "Net Non Operating Interest Income Expense": -69000000.0,
        "Interest Expense Non Operating": 131000000.0,
        "Interest Income Non Operating": 62000000.0,
        "Operating Income": 1773000000.0,
        "Operating Expense": 1990000000.0,
        "Selling General And Administration": 1990000000.0,
        "General And Administrative Expense": 1990000000.0,
        "Gross Profit": 3763000000.0,
        "Cost Of Revenue": 6365000000.0,
        "Total Revenue": 10128000000.0,
        "Operating Revenue": 10128000000.0
    },
    "2024-12-31": {
        "Tax Effect Of Unusual Items": -17820668.693009,
        "Tax Rate For Calcs": 0.144883,
        "Normalized EBITDA": 1780000000.0,
        "Total Unusual Items": -123000000.0,
        "Total Unusual Items Excluding Goodwill": -123000000.0,
        "Net Income From Continuing Operation Net Minority Interest": 733000000.0,
        "Reconciled Depreciation": 510000000.0,
        "Reconciled Cost Of Revenue": 5710000000.0,
        "EBITDA": 1657000000.0,
        "EBIT": 1147000000.0,
        "Net Interest Income": -129000000.0,
        "Interest Expense": 160000000.0,
        "Interest Income": 31000000.0,
        "Normalized Income": 838179331.306991,
        "Net Income From Continuing And Discontinued Operation": 733000000.0,
        "Total Expenses": 7643000000.0,
        "Total Operating Income As Reported": 1104000000.0,
        "Diluted Average Shares": 683700000.0,
        "Basic Average Shares": 678400000.0,
        "Diluted EPS": 1.02,
        "Basic EPS": 1.03,
        "Diluted NI Availto Com Stockholders": 733000000.0,
        "Net Income Common Stockholders": 733000000.0,
        "Otherunder Preferred Stock Dividend": 0.0,
        "Net Income": 733000000.0,
        "Minority Interests": 24000000.0,
        "Net Income Including Noncontrolling Interests": 709000000.0,
        "Net Income Continuous Operations": 709000000.0,
        "Tax Provision": 143000000.0,
        "Pretax Income": 987000000.0,
        "Other Non Operating Income Expenses": 12000000.0,
        "Special Income Charges": -123000000.0,
        "Other Special Charges": -38000000.0,
        "Net Non Operating Interest Income Expense": -129000000.0,
        "Interest Expense Non Operating": 160000000.0,
        "Interest Income Non Operating": 31000000.0,
        "Operating Income": 1227000000.0,
        "Operating Expense": 1933000000.0,
        "Selling General And Administration": 1933000000.0,
        "General And Administrative Expense": 1933000000.0,
        "Gross Profit": 3160000000.0,
        "Cost Of Revenue": 5710000000.0,
        "Total Revenue": 8870000000.0,
        "Operating Revenue": 8870000000.0
    },
    "2025-03-31": {
        "Tax Effect Of Unusual Items": 5600000.0,
        "Tax Rate For Calcs": 0.4,
        "Normalized EBITDA": 498000000.0,
        "Total Unusual Items": 14000000.0,
        "Total Unusual Items Excluding Goodwill": 14000000.0,
        "Net Income From Continuing Operation Net Minority Interest": -94000000.0,
        "Reconciled Depreciation": 477000000.0,
        "Reconciled Cost Of Revenue": 4919000000.0,
        "EBITDA": 512000000.0,
        "EBIT": 35000000.0,
        "Net Interest Income": -144000000.0,
        "Interest Expense": 181000000.0,
        "Interest Income": 37000000.0,
        "Normalized Income": -102400000.0,
        "Net Income From Continuing And Discontinued Operation": -94000000.0,
        "Total Expenses": 6752000000.0,
        "Total Operating Income As Reported": 18000000.0,
        "Diluted Average Shares": 676700000.0,
        "Basic Average Shares": 676700000.0,
        "Diluted EPS": -0.15,
        "Basic EPS": -0.15,
        "Diluted NI Availto Com Stockholders": -94000000.0,
        "Net Income Common Stockholders": -94000000.0,
        "Otherunder Preferred Stock Dividend": 0.0,
        "Net Income": -94000000.0,
        "Minority Interests": 4000000.0,
        "Net Income Including Noncontrolling Interests": -98000000.0,
        "Net Income Continuous Operations": -98000000.0,
        "Tax Provision": -58000000.0,
        "Pretax Income": -146000000.0,
        "Other Non Operating Income Expenses": -20000000.0,
        "Special Income Charges": 14000000.0,
        "Other Special Charges": -14000000.0,
        "Net Non Operating Interest Income Expense": -144000000.0,
        "Interest Expense Non Operating": 181000000.0,
        "Interest Income Non Operating": 37000000.0,
        "Operating Income": 4000000.0,
        "Operating Expense": 1833000000.0,
        "Selling General And Administration": 1833000000.0,
        "General And Administrative Expense": 1833000000.0,
        "Gross Profit": 1837000000.0,
        "Cost Of Revenue": 4919000000.0,
        "Total Revenue": 6756000000.0,
        "Operating Revenue": 6756000000.0
    },
    "2025-06-30": {
        "Tax Effect Of Unusual Items": 7018792.710706,
        "Tax Rate For Calcs": 0.242027,
        "Normalized EBITDA": 2455000000.0,
        "Total Unusual Items": 29000000.0,
        "Total Unusual Items Excluding Goodwill": 29000000.0,
        "Net Income From Continuing Operation Net Minority Interest": 1319000000.0,
        "Reconciled Depreciation": 528000000.0,
        "Reconciled Cost Of Revenue": 6180000000.0,
        "EBITDA": 2484000000.0,
        "EBIT": 1956000000.0,
        "Net Interest Income": -170000000.0,
        "Interest Expense": 200000000.0,
        "Interest Income": 30000000.0,
        "Normalized Income": 1297018792.710706,
        "Net Income From Continuing And Discontinued Operation": 1319000000.0,
        "Total Expenses": 8300000000.0,
        "Total Operating Income As Reported": 1935000000.0,
        "Diluted Average Shares": 677700000.0,
        "Basic Average Shares": 674800000.0,
        "Diluted EPS": 1.94,
        "Basic EPS": 1.95,
        "Diluted NI Availto Com Stockholders": 1319000000.0,
        "Net Income Common Stockholders": 1319000000.0,
        "Otherunder Preferred Stock Dividend": 0.0,
        "Net Income": 1319000000.0,
        "Minority Interests": -13000000.0,
        "Net Income Including Noncontrolling Interests": 1332000000.0,
        "Net Income Continuous Operations": 1332000000.0,
        "Tax Provision": 425000000.0,
        "Pretax Income": 1756000000.0,
        "Other Non Operating Income Expenses": -9000000.0,
        "Special Income Charges": 29000000.0,
        "Other Special Charges": -29000000.0,
        "Net Non Operating Interest Income Expense": -170000000.0,
        "Interest Expense Non Operating": 200000000.0,
        "Interest Income Non Operating": 30000000.0,
        "Operating Income": 1906000000.0,
        "Operating Expense": 2120000000.0,
        "Selling General And Administration": 2120000000.0,
        "General And Administrative Expense": 2120000000.0,
        "Gross Profit": 4026000000.0,
        "Cost Of Revenue": 6180000000.0,
        "Total Revenue": 10206000000.0,
        "Operating Revenue": 10206000000.0
    },
    "2025-09-30": {
        "Tax Effect Of Unusual Items": 24508068.714211,
        "Tax Rate For Calcs": 0.222801,
        "Normalized EBITDA": 2621000000.0,
        "Total Unusual Items": 110000000.0,
        "Total Unusual Items Excluding Goodwill": 110000000.0,
        "Net Income From Continuing Operation Net Minority Interest": 1496000000.0,
        "Reconciled Depreciation": 601000000.0,
        "Reconciled Cost Of Revenue": 6760000000.0,
        "EBITDA": 2731000000.0,
        "EBIT": 2130000000.0,
        "Net Interest Income": -172000000.0,
        "Interest Expense": 209000000.0,
        "Interest Income": 37000000.0,
        "Normalized Income": 1410508068.714211,
        "Net Income From Continuing And Discontinued Operation": 1496000000.0,
        "Total Expenses": 9098000000.0,
        "Total Operating Income As Reported": 2081000000.0,
        "Diluted Average Shares": 675500000.0,
        "Basic Average Shares": 672300000.0,
        "Diluted EPS": 2.21,
        "Basic EPS": 2.23,
        "Diluted NI Availto Com Stockholders": 1496000000.0,
        "Net Income Common Stockholders": 1496000000.0,
        "Otherunder Preferred Stock Dividend": 0.0,
        "Net Income": 1496000000.0,
        "Minority Interests": -23000000.0,
        "Net Income Including Noncontrolling Interests": 1519000000.0,
        "Net Income Continuous Operations": 1519000000.0,
        "Tax Provision": 428000000.0,
        "Pretax Income": 1921000000.0,
        "Other Non Operating Income Expenses": 12000000.0,
        "Special Income Charges": 110000000.0,
        "Other Special Charges": -110000000.0,
        "Net Non Operating Interest Income Expense": -172000000.0,
        "Interest Expense Non Operating": 209000000.0,
        "Interest Income Non Operating": 37000000.0,
        "Operating Income": 1971000000.0,
        "Operating Expense": 2338000000.0,
        "Selling General And Administration": 2338000000.0,
        "General And Administrative Expense": 2338000000.0,
        "Gross Profit": 4309000000.0,
        "Cost Of Revenue": 6760000000.0,
        "Total Revenue": 11069000000.0,
        "Operating Revenue": 11069000000.0
    }
}