{
    "2023-06-30": {
        "Tax Effect Of Unusual Items": NaN,
        "Tax Rate For Calcs": NaN,
        "Normalized EBITDA": NaN,
        "Net Income From Continuing Operation Net Minority Interest": NaN,
        "Reconciled Depreciation": NaN,
        "Reconciled Cost Of Revenue": NaN,
        "EBITDA": NaN,
        "EBIT": NaN,
        "Net Interest Income": NaN,
        "Interest Expense": 638000.0,
        "Interest Income": NaN,
        "Normalized Income": NaN,
        "Net Income From Continuing And Discontinued Operation": NaN,
        "Total Expenses": NaN,
        "Total Operating Income As Reported": NaN,
        "Diluted Average Shares": NaN,
        "Basic Average Shares": NaN,
        "Diluted EPS": NaN,
        "Basic EPS": NaN,
        "Diluted NI Availto Com Stockholders": NaN,
        "Net Income Common Stockholders": NaN,
        "Net Income": NaN,
        "Net Income Including Noncontrolling Interests": NaN,
        "Net Income Continuous Operations": NaN,
        "Pretax Income": NaN,
        "Other Income Expense": -638000.0,
        "Other Non Operating Income Expenses": -638000.0,
        "Net Non Operating Interest Income Expense": NaN,
        "Interest Expense Non Operating": 638000.0,
        "Interest Income Non Operating": NaN,
        "Operating Income": NaN,
        "Operating Expense": NaN,
        "Research And Development": NaN,
        "Selling General And Administration": NaN,
        "General And Administrative Expense": NaN,
        "Other Gand A": NaN,
        "Insurance And Claims": NaN,
        "Salaries And Wages": NaN,
        "Gross Profit": NaN,
        "Cost Of Revenue": NaN,
        "Total Revenue": NaN,
        "Operating Revenue": NaN
    },
    "2023-03-31": {
        "Tax Effect Of Unusual Items": NaN,
        "Tax Rate For Calcs": NaN,
        "Normalized EBITDA": NaN,
        "Net Income From Continuing Operation Net Minority Interest": NaN,
        "Reconciled Depreciation": NaN,
        "Reconciled Cost Of Revenue": NaN,
        "EBITDA": NaN,
        "EBIT": NaN,
        "Net Interest Income": NaN,
        "Interest Expense": 584000.0,
        "Interest Income": NaN,
        "Normalized Income": NaN,
        "Net Income From Continuing And Discontinued Operation": NaN,
        "Total Expenses": NaN,
        "Total Operating Income As Reported": NaN,
        "Diluted Average Shares": NaN,
        "Basic Average Shares": NaN,
        "Diluted EPS": NaN,
        "Basic EPS": NaN,
        "Diluted NI Availto Com Stockholders": NaN,
        "Net Income Common Stockholders": NaN,
        "Net Income": NaN,
        "Net Income Including Noncontrolling Interests": NaN,
        "Net Income Continuous Operations": NaN,
        "Pretax Income": NaN,
        "Other Income Expense": NaN,
        "Other Non Operating Income Expenses": NaN,
        "Net Non Operating Interest Income Expense": NaN,
        "Interest Expense Non Operating": 584000.0,
        "Interest Income Non Operating": NaN,
        "Operating Income": NaN,
        "Operating Expense": NaN,
        "Research And Development": NaN,
        "Selling General And Administration": NaN,
        "General And Administrative Expense": NaN,
        "Other Gand A": NaN,
        "Insurance And Claims": NaN,
        "Salaries And Wages": NaN,
        "Gross Profit": NaN,
        "Cost Of Revenue": NaN,
        "Total Revenue": NaN,
        "Operating Revenue": NaN
    },
    "2022-12-31": {
        "Tax Effect Of Unusual Items": NaN,
        "Tax Rate For Calcs": NaN,
        "Normalized EBITDA": NaN,
        "Net Income From Continuing Operation Net Minority Interest": NaN,
        "Reconciled Depreciation": NaN,
        "Reconciled Cost Of Revenue": NaN,
        "EBITDA": NaN,
        "EBIT": NaN,
        "Net Interest Income": NaN,
        "Interest Expense": 1651000.0,
        "Interest Income": NaN,
        "Normalized Income": NaN,
        "Net Income From Continuing And Discontinued Operation": NaN,
        "Total Expenses": NaN,
        "Total Operating Income As Reported": NaN,
        "Diluted Average Shares": NaN,
        "Basic Average Shares": NaN,
        "Diluted EPS": NaN,
        "Basic EPS": NaN,
        "Diluted NI Availto Com Stockholders": NaN,
        "Net Income Common Stockholders": NaN,
        "Net Income": NaN,
        "Net Income Including Noncontrolling Interests": NaN,
        "Net Income Continuous Operations": NaN,
        "Pretax Income": NaN,
        "Other Income Expense": NaN,
        "Other Non Operating Income Expenses": NaN,
        "Net Non Operating Interest Income Expense": NaN,
        "Interest Expense Non Operating": 1651000.0,
        "Interest Income Non Operating": NaN,
        "Operating Income": NaN,
        "Operating Expense": NaN,
        "Research And Development": NaN,
        "Selling General And Administration": NaN,
        "General And Administrative Expense": NaN,
        "Other Gand A": NaN,
        "Insurance And Claims": NaN,
        "Salaries And Wages": NaN,
        "Gross Profit": NaN,
        "Cost Of Revenue": NaN,
        "Total Revenue": NaN,
        "Operating Revenue": NaN
    },
    "2022-09-30": {
        "Tax Effect Of Unusual Items": NaN,
        "Tax Rate For Calcs": NaN,
        "Normalized EBITDA": NaN,
        "Net Income From Continuing Operation Net Minority Interest": NaN,
        "Reconciled Depreciation": NaN,
        "Reconciled Cost Of Revenue": NaN,
        "EBITDA": NaN,
        "EBIT": NaN,
        "Net Interest Income": NaN,
        "Interest Expense": 1023000.0,
        "Interest Income": NaN,
        "Normalized Income": NaN,
        "Net Income From Continuing And Discontinued Operation": NaN,
        "Total Expenses": NaN,
        "Total Operating Income As Reported": NaN,
        "Diluted Average Shares": NaN,
        "Basic Average Shares": NaN,
        "Diluted EPS": NaN,
        "Basic EPS": NaN,
        "Diluted NI Availto Com Stockholders": NaN,
        "Net Income Common Stockholders": NaN,
        "Net Income": NaN,
        "Net Income Including Noncontrolling Interests": NaN,
        "Net Income Continuous Operations": NaN,
        "Pretax Income": NaN,
        "Other Income Expense": -1023000.0,
        "Other Non Operating Income Expenses": -1023000.0,
        "Net Non Operating Interest Income Expense": NaN,
        "Interest Expense Non Operating": 1023000.0,
        "Interest Income Non Operating": NaN,
        "Operating Income": NaN,
        "Operating Expense": NaN,
        "Research And Development": NaN,
        "Selling General And Administration": NaN,
        "General And Administrative Expense": NaN,
        "Other Gand A": NaN,
        "Insurance And Claims": NaN,
        "Salaries And Wages": NaN,
        "Gross Profit": NaN,
        "Cost Of Revenue": NaN,
        "Total Revenue": NaN,
        "Operating Revenue": NaN
    },
    "2023-09-30": {
        "Tax Effect Of Unusual Items": NaN,
        "Tax Rate For Calcs": NaN,
        "Normalized EBITDA": NaN,
        "Net Income From Continuing Operation Net Minority Interest": NaN,
        "Reconciled Depreciation": NaN,
        "Reconciled Cost Of Revenue": NaN,
        "EBITDA": NaN,
        "EBIT": NaN,
        "Net Interest Income": NaN,
        "Interest Income": NaN,
        "Normalized Income": NaN,
        "Net Income From Continuing And Discontinued Operation": NaN,
        "Total Expenses": NaN,
        "Total Operating Income As Reported": NaN,
        "Diluted Average Shares": NaN,
        "Basic Average Shares": NaN,
        "Diluted EPS": NaN,
        "Basic EPS": NaN,
        "Diluted NI Availto Com Stockholders": NaN,
        "Net Income Common Stockholders": NaN,
        "Net Income": NaN,
        "Net Income Including Noncontrolling Interests": NaN,
        "Net Income Continuous Operations": NaN,
        "Pretax Income": NaN,
        "Other Income Expense": -619000.0,
        "Other Non Operating Income Expenses": -619000.0,
        "Net Non Operating Interest Income Expense": NaN,
        "Interest Income Non Operating": NaN,
        "Operating Income": NaN,
        "Operating Expense": NaN,
        "Research And Development": NaN,
        "Selling General And Administration": NaN,
        "General And Administrative Expense": NaN,
        "Other Gand A": NaN,
        "Insurance And Claims": NaN,
        "Salaries And Wages": NaN,
        "Gross Profit": NaN,
        "Cost Of Revenue": NaN,
        "Total Revenue": NaN,
        "Operating Revenue": NaN
    },
    "2023-12-31": {
        "Tax Effect Of Unusual Items": 0.0,
        "Tax Rate For Calcs": 0.0,
        "Normalized EBITDA": -9197000.0,
        "Net Income From Continuing Operation Net Minority Interest": -11712000.0,
        "Reconciled Depreciation": 64000.0,
        "Reconciled Cost Of Revenue": 54000.0,
        "EBITDA": -9197000.0,
        "EBIT": -9261000.0,
        "Net Interest Income": -1354000.0,
        "Interest Income": 665000.0,
        "Normalized Income": -11712000.0,
        "Net Income From Continuing And Discontinued Operation": -11712000.0,
        "Total Expenses": 14895000.0,
        "Total Operating Income As Reported": -12199000.0,
        "Diluted Average Shares": 5772201.0,
        "Basic Average Shares": 5772201.0,
        "Diluted EPS": -2.03,
        "Basic EPS": -2.03,
        "Diluted NI Availto Com Stockholders": -11712000.0,
        "Net Income Common Stockholders": -11712000.0,
        "Net Income": -11712000.0,
        "Net Income Including Noncontrolling Interests": -11712000.0,
        "Net Income Continuous Operations": -11712000.0,
        "Pretax Income": -11712000.0,
        "Other Income Expense": NaN,
        "Other Non Operating Income Expenses": NaN,
        "Net Non Operating Interest Income Expense": -1354000.0,
        "Interest Income Non Operating": 665000.0,
        "Operating Income": -12199000.0,
        "Operating Expense": 14841000.0,
        "Research And Development": 9964000.0,
        "Selling General And Administration": 4877000.0,
        "General And Administrative Expense": 4877000.0,
        "Other Gand A": 2331000.0,
        "Insurance And Claims": 251000.0,
        "Salaries And Wages": 2295000.0,
        "Gross Profit": 2642000.0,
        "Cost Of Revenue": 54000.0,
        "Total Revenue": 2696000.0,
        "Operating Revenue": 2696000.0
    },
    "2024-03-31": {
        "Tax Effect Of Unusual Items": 0.0,
        "Tax Rate For Calcs": 0.0,
        "Normalized EBITDA": -12405000.0,
        "Net Income From Continuing Operation Net Minority Interest": -11876000.0,
        "Reconciled Depreciation": 64000.0,
        "Reconciled Cost Of Revenue": 47000.0,
        "EBITDA": -12405000.0,
        "EBIT": -12469000.0,
        "Net Interest Income": 515000.0,
        "Interest Income": 515000.0,
        "Normalized Income": -11876000.0,
        "Net Income From Continuing And Discontinued Operation": -11876000.0,
        "Total Expenses": 14555000.0,
        "Total Operating Income As Reported": -12469000.0,
        "Diluted Average Shares": 5783585.0,
        "Basic Average Shares": 5783585.0,
        "Diluted EPS": -2.05,
        "Basic EPS": -2.05,
        "Diluted NI Availto Com Stockholders": -11876000.0,
        "Net Income Common Stockholders": -11876000.0,
        "Net Income": -11876000.0,
        "Net Income Including Noncontrolling Interests": -11876000.0,
        "Net Income Continuous Operations": -11876000.0,
        "Pretax Income": -11876000.0,
        "Other Income Expense": 78000.0,
        "Other Non Operating Income Expenses": 78000.0,
        "Net Non Operating Interest Income Expense": 515000.0,
        "Interest Income Non Operating": 515000.0,
        "Operating Income": -12469000.0,
        "Operating Expense": 14508000.0,
        "Research And Development": 9617000.0,
        "Selling General And Administration": 4891000.0,
        "General And Administrative Expense": 4891000.0,
        "Other Gand A": 2277000.0,
        "Insurance And Claims": 244000.0,
        "Salaries And Wages": 2370000.0,
        "Gross Profit": 2039000.0,
        "Cost Of Revenue": 47000.0,
        "Total Revenue": 2086000.0,
        "Operating Revenue": 2086000.0
    },
    "2024-06-30": {
        "Tax Effect Of Unusual Items": 0.0,
        "Tax Rate For Calcs": 0.0,
        "Normalized EBITDA": -12450000.0,
        "Net Income From Continuing Operation Net Minority Interest": -11803000.0,
        "Reconciled Depreciation": 62000.0,
        "Reconciled Cost Of Revenue": 12000.0,
        "EBITDA": -12450000.0,
        "EBIT": -12512000.0,
        "Net Interest Income": 701000.0,
        "Interest Income": 701000.0,
        "Normalized Income": -11803000.0,
        "Net Income From Continuing And Discontinued Operation": -11803000.0,
        "Total Expenses": 15058000.0,
        "Total Operating Income As Reported": -12512000.0,
        "Diluted Average Shares": 5818416.0,
        "Basic Average Shares": 5818416.0,
        "Diluted EPS": -2.03,
        "Basic EPS": -2.03,
        "Diluted NI Availto Com Stockholders": -11803000.0,
        "Net Income Common Stockholders": -11803000.0,
        "Net Income": -11803000.0,
        "Net Income Including Noncontrolling Interests": -11803000.0,
        "Net Income Continuous Operations": -11803000.0,
        "Pretax Income": -11803000.0,
        "Other Income Expense": 8000.0,
        "Other Non Operating Income Expenses": 8000.0,
        "Net Non Operating Interest Income Expense": 701000.0,
        "Interest Income Non Operating": 701000.0,
        "Operating Income": -12512000.0,
        "Operating Expense": 15046000.0,
        "Research And Development": 10254000.0,
        "Selling General And Administration": 4792000.0,
        "General And Administrative Expense": 4792000.0,
        "Other Gand A": 1921000.0,
        "Insurance And Claims": 240000.0,
        "Salaries And Wages": 2631000.0,
        "Gross Profit": 2534000.0,
        "Cost Of Revenue": 12000.0,
        "Total Revenue": 2546000.0,
        "Operating Revenue": 2546000.0
    },
    "2024-09-30": {
        "Tax Effect Of Unusual Items": 0.0,
        "Tax Rate For Calcs": 0.0,
        "Normalized EBITDA": -10506000.0,
        "Net Income From Continuing Operation Net Minority Interest": -10092000.0,
        "Reconciled Depreciation": 61000.0,
        "Reconciled Cost Of Revenue": 22000.0,
        "EBITDA": -10506000.0,
        "EBIT": -10567000.0,
        "Net Interest Income": 325000.0,
        "Interest Income": 325000.0,
        "Normalized Income": -10092000.0,
        "Net Income From Continuing And Discontinued Operation": -10092000.0,
        "Total Expenses": 13498000.0,
        "Total Operating Income As Reported": -10567000.0,
        "Diluted Average Shares": 5940924.0,
        "Basic Average Shares": 5940924.0,
        "Diluted EPS": -1.7,
        "Basic EPS": -1.7,
        "Diluted NI Availto Com Stockholders": -10092000.0,
        "Net Income Common Stockholders": -10092000.0,
        "Net Income": -10092000.0,
        "Net Income Including Noncontrolling Interests": -10092000.0,
        "Net Income Continuous Operations": -10092000.0,
        "Pretax Income": -10092000.0,
        "Other Income Expense": 150000.0,
        "Other Non Operating Income Expenses": 150000.0,
        "Net Non Operating Interest Income Expense": 325000.0,
        "Interest Income Non Operating": 325000.0,
        "Operating Income": -10567000.0,
        "Operating Expense": 13476000.0,
        "Research And Development": 9723000.0,
        "Selling General And Administration": 3753000.0,
        "General And Administrative Expense": 3753000.0,
        "Other Gand A": 1552000.0,
        "Insurance And Claims": 216000.0,
        "Salaries And Wages": 1985000.0,
        "Gross Profit": 2909000.0,
        "Cost Of Revenue": 22000.0,
        "Total Revenue": 2931000.0,
        "Operating Revenue": 2931000.0
    },
    "2024-12-31": {
        "Tax Effect Of Unusual Items": 0.0,
        "Tax Rate For Calcs": 0.0,
        "Normalized EBITDA": -7210000.0,
        "Net Income From Continuing Operation Net Minority Interest": -9618000.0,
        "Reconciled Depreciation": 16000.0,
        "Reconciled Cost Of Revenue": 17000.0,
        "EBITDA": -7210000.0,
        "EBIT": -7226000.0,
        "Net Interest Income": -388000.0,
        "Interest Income": 227000.0,
        "Normalized Income": -9618000.0,
        "Net Income From Continuing And Discontinued Operation": -9618000.0,
        "Total Expenses": 12339000.0,
        "Total Operating Income As Reported": -8994000.0,
        "Diluted Average Shares": 7671226.0,
        "Basic Average Shares": 7671226.0,
        "Diluted EPS": -1.25,
        "Basic EPS": -1.25,
        "Diluted NI Availto Com Stockholders": -9618000.0,
        "Net Income Common Stockholders": -9618000.0,
        "Net Income": -9618000.0,
        "Net Income Including Noncontrolling Interests": -9618000.0,
        "Net Income Continuous Operations": -9618000.0,
        "Pretax Income": -9618000.0,
        "Other Income Expense": NaN,
        "Other Non Operating Income Expenses": NaN,
        "Net Non Operating Interest Income Expense": -388000.0,
        "Interest Income Non Operating": 227000.0,
        "Operating Income": -8994000.0,
        "Operating Expense": 12322000.0,
        "Research And Development": 8968000.0,
        "Selling General And Administration": 3354000.0,
        "General And Administrative Expense": 3354000.0,
        "Other Gand A": 1415000.0,
        "Insurance And Claims": 202000.0,
        "Salaries And Wages": 1737000.0,
        "Gross Profit": 3328000.0,
        "Cost Of Revenue": 17000.0,
        "Total Revenue": 3345000.0,
        "Operating Revenue": 3345000.0
    },
    "2025-03-31": {
        "Tax Effect Of Unusual Items": 0.0,
        "Tax Rate For Calcs": 0.0,
        "Normalized EBITDA": -10098000.0,
        "Net Income From Continuing Operation Net Minority Interest": -10616000.0,
        "Reconciled Depreciation": 59000.0,
        "Reconciled Cost Of Revenue": 14000.0,
        "EBITDA": -10098000.0,
        "EBIT": -10157000.0,
        "Net Interest Income": 93000.0,
        "Interest Income": 93000.0,
        "Normalized Income": -10616000.0,
        "Net Income From Continuing And Discontinued Operation": -10616000.0,
        "Total Expenses": 12537000.0,
        "Total Operating Income As Reported": -10157000.0,
        "Diluted Average Shares": 8493886.0,
        "Basic Average Shares": 8493886.0,
        "Diluted EPS": -1.25,
        "Basic EPS": -1.25,
        "Diluted NI Availto Com Stockholders": -10616000.0,
        "Net Income Common Stockholders": -10616000.0,
        "Net Income": -10616000.0,
        "Net Income Including Noncontrolling Interests": -10616000.0,
        "Net Income Continuous Operations": -10616000.0,
        "Pretax Income": -10616000.0,
        "Other Income Expense": -552000.0,
        "Other Non Operating Income Expenses": -552000.0,
        "Net Non Operating Interest Income Expense": 93000.0,
        "Interest Income Non Operating": 93000.0,
        "Operating Income": -10157000.0,
        "Operating Expense": 12523000.0,
        "Research And Development": 8539000.0,
        "Selling General And Administration": 3984000.0,
        "General And Administrative Expense": 3984000.0,
        "Other Gand A": 1895000.0,
        "Insurance And Claims": 205000.0,
        "Salaries And Wages": 1884000.0,
        "Gross Profit": 2366000.0,
        "Cost Of Revenue": 14000.0,
        "Total Revenue": 2380000.0,
        "Operating Revenue": 2380000.0
    }
}