{
    "2023-03-31": {
        "Tax Effect Of Unusual Items": NaN,
        "Tax Rate For Calcs": NaN,
        "Normalized EBITDA": NaN,
        "Total Unusual Items": NaN,
        "Total Unusual Items Excluding Goodwill": NaN,
        "Net Income From Continuing Operation Net Minority Interest": NaN,
        "Reconciled Depreciation": NaN,
        "Reconciled Cost Of Revenue": NaN,
        "EBITDA": NaN,
        "EBIT": NaN,
        "Net Interest Income": NaN,
        "Interest Expense": NaN,
        "Interest Income": NaN,
        "Normalized Income": NaN,
        "Net Income From Continuing And Discontinued Operation": NaN,
        "Total Expenses": NaN,
        "Total Operating Income As Reported": NaN,
        "Diluted Average Shares": 44090998.0,
        "Basic Average Shares": 44090998.0,
        "Diluted EPS": -0.24,
        "Basic EPS": -0.24,
        "Diluted NI Availto Com Stockholders": NaN,
        "Net Income Common Stockholders": NaN,
        "Net Income": NaN,
        "Net Income Including Noncontrolling Interests": NaN,
        "Net Income Continuous Operations": NaN,
        "Tax Provision": NaN,
        "Pretax Income": NaN,
        "Other Income Expense": NaN,
        "Other Non Operating Income Expenses": NaN,
        "Gain On Sale Of Security": NaN,
        "Net Non Operating Interest Income Expense": NaN,
        "Interest Expense Non Operating": NaN,
        "Interest Income Non Operating": NaN,
        "Operating Income": NaN,
        "Operating Expense": NaN,
        "Research And Development": NaN,
        "Selling General And Administration": NaN,
        "Selling And Marketing Expense": NaN,
        "General And Administrative Expense": NaN,
        "Other Gand A": NaN,
        "Gross Profit": NaN,
        "Cost Of Revenue": NaN,
        "Total Revenue": NaN,
        "Operating Revenue": NaN
    },
    "2022-12-31": {
        "Tax Effect Of Unusual Items": NaN,
        "Tax Rate For Calcs": NaN,
        "Normalized EBITDA": NaN,
        "Total Unusual Items": NaN,
        "Total Unusual Items Excluding Goodwill": NaN,
        "Net Income From Continuing Operation Net Minority Interest": NaN,
        "Reconciled Depreciation": NaN,
        "Reconciled Cost Of Revenue": NaN,
        "EBITDA": NaN,
        "EBIT": NaN,
        "Net Interest Income": NaN,
        "Interest Expense": NaN,
        "Interest Income": NaN,
        "Normalized Income": NaN,
        "Net Income From Continuing And Discontinued Operation": NaN,
        "Total Expenses": NaN,
        "Total Operating Income As Reported": NaN,
        "Diluted Average Shares": 41855056.0,
        "Basic Average Shares": 41855056.0,
        "Diluted EPS": -0.2,
        "Basic EPS": -0.2,
        "Diluted NI Availto Com Stockholders": NaN,
        "Net Income Common Stockholders": NaN,
        "Net Income": NaN,
        "Net Income Including Noncontrolling Interests": NaN,
        "Net Income Continuous Operations": NaN,
        "Tax Provision": NaN,
        "Pretax Income": NaN,
        "Other Income Expense": NaN,
        "Gain On Sale Of Security": NaN,
        "Net Non Operating Interest Income Expense": NaN,
        "Interest Expense Non Operating": NaN,
        "Interest Income Non Operating": NaN,
        "Operating Income": NaN,
        "Operating Expense": NaN,
        "Research And Development": NaN,
        "Selling General And Administration": NaN,
        "Gross Profit": NaN,
        "Cost Of Revenue": NaN,
        "Total Revenue": NaN,
        "Operating Revenue": NaN
    },
    "2022-09-30": {
        "Tax Effect Of Unusual Items": 0.0,
        "Tax Rate For Calcs": 0.0,
        "Normalized EBITDA": -6847234.0,
        "Total Unusual Items": 23572.0,
        "Total Unusual Items Excluding Goodwill": 23572.0,
        "Net Income From Continuing Operation Net Minority Interest": -6853721.0,
        "Reconciled Depreciation": 21283.0,
        "Reconciled Cost Of Revenue": 1469.0,
        "EBITDA": -6823662.0,
        "EBIT": -6844945.0,
        "Net Interest Income": 84641.0,
        "Interest Expense": 8776.0,
        "Interest Income": 93417.0,
        "Normalized Income": -6877293.0,
        "Net Income From Continuing And Discontinued Operation": -6853721.0,
        "Total Expenses": 6968751.0,
        "Total Operating Income As Reported": -6961934.0,
        "Diluted Average Shares": 41183585.0,
        "Basic Average Shares": 41183585.0,
        "Diluted EPS": -0.17,
        "Basic EPS": -0.17,
        "Diluted NI Availto Com Stockholders": -6853721.0,
        "Net Income Common Stockholders": -6853721.0,
        "Net Income": -6853721.0,
        "Net Income Including Noncontrolling Interests": -6853721.0,
        "Net Income Continuous Operations": -6853721.0,
        "Tax Provision": 0.0,
        "Pretax Income": -6853721.0,
        "Other Income Expense": 23572.0,
        "Other Non Operating Income Expenses": NaN,
        "Gain On Sale Of Security": 23572.0,
        "Net Non Operating Interest Income Expense": 84641.0,
        "Interest Expense Non Operating": 8776.0,
        "Interest Income Non Operating": 93417.0,
        "Operating Income": -6961934.0,
        "Operating Expense": 6967282.0,
        "Research And Development": 2339268.0,
        "Selling General And Administration": 4628014.0,
        "Gross Profit": 5348.0,
        "Cost Of Revenue": 1469.0,
        "Total Revenue": 6817.0,
        "Operating Revenue": 6817.0
    },
    "2022-06-30": {
        "Tax Effect Of Unusual Items": 1303.586655,
        "Tax Rate For Calcs": 0.0715,
        "Normalized EBITDA": -8184536.0,
        "Total Unusual Items": 18232.0,
        "Total Unusual Items Excluding Goodwill": 18232.0,
        "Net Income From Continuing Operation Net Minority Interest": -7604839.0,
        "Reconciled Depreciation": 20567.0,
        "Reconciled Cost Of Revenue": 332.0,
        "EBITDA": -8166304.0,
        "EBIT": -8186871.0,
        "Net Interest Income": 31757.0,
        "Interest Expense": 3585.0,
        "Interest Income": 35342.0,
        "Normalized Income": -7621767.413345,
        "Net Income From Continuing And Discontinued Operation": -7604839.0,
        "Total Expenses": 8261698.0,
        "Total Operating Income As Reported": -8240445.0,
        "Diluted Average Shares": 39761754.0,
        "Basic Average Shares": 39761754.0,
        "Diluted EPS": -0.19,
        "Basic EPS": -0.19,
        "Diluted NI Availto Com Stockholders": -7604839.0,
        "Net Income Common Stockholders": -7604839.0,
        "Net Income": -7604839.0,
        "Net Income Including Noncontrolling Interests": -7604839.0,
        "Net Income Continuous Operations": -7604839.0,
        "Tax Provision": -585617.0,
        "Pretax Income": -8190456.0,
        "Other Income Expense": 18232.0,
        "Other Non Operating Income Expenses": NaN,
        "Gain On Sale Of Security": 18232.0,
        "Net Non Operating Interest Income Expense": 31757.0,
        "Interest Expense Non Operating": 3585.0,
        "Interest Income Non Operating": 35342.0,
        "Operating Income": -8240445.0,
        "Operating Expense": 8261366.0,
        "Research And Development": 3209471.0,
        "Selling General And Administration": 5051895.0,
        "Gross Profit": 20921.0,
        "Cost Of Revenue": 332.0,
        "Total Revenue": 21253.0,
        "Operating Revenue": 21253.0
    },
    "2022-03-31": {
        "Diluted EPS": -0.18,
        "Total Revenue": 0,
        "Gross Profit": 0,
        "Operating Income": -7,
        "EBIT": -7,
        "Net Income": -7
    },
    "2021-12-31": {
        "Diluted EPS": -0.21,
        "Total Revenue": 0,
        "Gross Profit": 0,
        "Operating Income": -8,
        "EBIT": -8,
        "Net Income": -8
    },
    "2021-09-30": {
        "Diluted EPS": -0.22,
        "Total Revenue": 0,
        "Gross Profit": 0,
        "Operating Income": -9,
        "EBIT": -9,
        "Net Income": -9
    },
    "2021-06-30": {
        "Diluted EPS": -0.12,
        "Total Revenue": 0,
        "Gross Profit": 0,
        "Operating Income": -6,
        "EBIT": -6,
        "Net Income": -5
    },
    "2021-03-31": {
        "Diluted EPS": -0.2,
        "Total Revenue": 0,
        "Gross Profit": 0,
        "Operating Income": -7,
        "EBIT": -7,
        "Net Income": -7
    },
    "2020-12-31": {
        "Diluted EPS": -0.2,
        "Total Revenue": 0,
        "Gross Profit": 0,
        "Operating Income": -6,
        "EBIT": -6,
        "Net Income": -6
    },
    "2020-09-30": {
        "Diluted EPS": -0.22,
        "Total Revenue": 0,
        "Gross Profit": 0,
        "Operating Income": -7,
        "EBIT": -7,
        "Net Income": -7
    },
    "2020-06-30": {
        "Diluted EPS": -0.14,
        "Total Revenue": 0,
        "Gross Profit": 0,
        "Operating Income": -9,
        "EBIT": -9,
        "Net Income": -4
    },
    "2020-03-31": {
        "Diluted EPS": -0.21,
        "Total Revenue": 0,
        "Gross Profit": 0,
        "Operating Income": -6,
        "EBIT": -6,
        "Net Income": -6
    },
    "2019-12-31": {
        "Diluted EPS": -0.2,
        "Total Revenue": 0,
        "Gross Profit": 0,
        "Operating Income": -5,
        "EBIT": -5,
        "Net Income": -32
    },
    "2019-09-30": {
        "Diluted EPS": -1.35,
        "Total Revenue": 0,
        "Gross Profit": 0,
        "Operating Income": -5,
        "EBIT": -5,
        "Net Income": -5
    },
    "2019-06-30": {
        "Diluted EPS": -0.03,
        "Total Revenue": 0,
        "Gross Profit": 0,
        "Operating Income": -6,
        "EBIT": -5,
        "Net Income": -1
    },
    "2019-03-31": {
        "Diluted EPS": -0.22,
        "Total Revenue": 0,
        "Gross Profit": 0,
        "Operating Income": -5,
        "EBIT": -5,
        "Net Income": -5
    },
    "2018-12-31": {
        "Diluted EPS": 0.23,
        "Total Revenue": 0,
        "Gross Profit": 0,
        "Operating Income": 2,
        "EBIT": 2,
        "Net Income": 2
    },
    "2018-09-30": {
        "Diluted EPS": -0.54,
        "Total Revenue": 0,
        "Gross Profit": 0,
        "Operating Income": -10,
        "EBIT": -10,
        "Net Income": -10
    },
    "2018-06-30": {
        "Diluted EPS": -0.52,
        "Total Revenue": 0,
        "Gross Profit": 0,
        "Operating Income": -9,
        "EBIT": -9,
        "Net Income": -9
    },
    "2018-03-31": {
        "Diluted EPS": -0.68,
        "Total Revenue": 0,
        "Gross Profit": 0,
        "Operating Income": -10,
        "EBIT": -10,
        "Net Income": -10
    },
    "2017-12-31": {
        "Diluted EPS": -0.7,
        "Total Revenue": 0,
        "Gross Profit": 0,
        "Operating Income": -10,
        "EBIT": -10,
        "Net Income": -10
    },
    "2017-09-30": {
        "Diluted EPS": -0.85,
        "Total Revenue": 0,
        "Gross Profit": 0,
        "Operating Income": -8,
        "EBIT": -8,
        "Net Income": -10
    },
    "2017-06-30": {
        "Diluted EPS": -0.5,
        "Total Revenue": 0,
        "Gross Profit": 0,
        "Operating Income": -7,
        "EBIT": -7,
        "Net Income": -5
    },
    "2017-03-31": {
        "Diluted EPS": -0.95,
        "Total Revenue": 0,
        "Gross Profit": 0,
        "Operating Income": -8,
        "EBIT": -8,
        "Net Income": -8
    },
    "2016-12-31": {
        "Diluted EPS": -0.9,
        "Total Revenue": 0,
        "Gross Profit": 0,
        "Operating Income": -7,
        "EBIT": -7,
        "Net Income": -7
    },
    "2016-09-30": {
        "Diluted EPS": -1.15,
        "Total Revenue": 0,
        "Gross Profit": 0,
        "Operating Income": -9,
        "EBIT": -9,
        "Net Income": -9
    },
    "2016-06-30": {
        "Diluted EPS": -0.65,
        "Total Revenue": 0,
        "Gross Profit": 0,
        "Operating Income": -5,
        "EBIT": -5,
        "Net Income": -5
    },
    "2016-03-31": {
        "Diluted EPS": -0.55,
        "Total Revenue": 0,
        "Gross Profit": 0,
        "Operating Income": -4,
        "EBIT": -4,
        "Net Income": -4
    },
    "2015-12-31": {
        "Diluted EPS": -0.4,
        "Total Revenue": 0,
        "Gross Profit": 0,
        "Operating Income": -4,
        "EBIT": -4,
        "Net Income": -4
    },
    "2015-09-30": {
        "Diluted EPS": -0.7,
        "Total Revenue": 0,
        "Gross Profit": 0,
        "Operating Income": -5,
        "EBIT": -5,
        "Net Income": -5
    },
    "2015-06-30": {
        "Diluted EPS": -0.65,
        "Total Revenue": 0,
        "Gross Profit": 0,
        "Operating Income": -4,
        "EBIT": -4,
        "Net Income": -4
    },
    "2015-03-31": {
        "Diluted EPS": -1.15,
        "Total Revenue": 0,
        "Gross Profit": 0,
        "Operating Income": -4,
        "EBIT": -4,
        "Net Income": -5
    },
    "2014-12-31": {
        "Diluted EPS": 0.95,
        "Total Revenue": 0,
        "Gross Profit": 0,
        "Operating Income": -2,
        "EBIT": -2,
        "Net Income": -2
    },
    "2014-09-30": {
        "Diluted EPS": -1.15,
        "Total Revenue": 0,
        "Gross Profit": 0,
        "Operating Income": -2,
        "EBIT": -2,
        "Net Income": -5
    },
    "2014-06-30": {
        "Diluted EPS": -0.25,
        "Total Revenue": 0,
        "Gross Profit": 0,
        "Operating Income": -2,
        "EBIT": -2,
        "Net Income": 3
    },
    "2014-03-31": {
        "Diluted EPS": -4.35,
        "Total Revenue": 0,
        "Gross Profit": 0,
        "Operating Income": -3,
        "EBIT": -3,
        "Net Income": -17
    },
    "2013-12-31": {
        "Diluted EPS": -1.15,
        "Total Revenue": NaN,
        "Gross Profit": NaN,
        "Operating Income": -2,
        "EBIT": -2,
        "Net Income": -3
    },
    "2013-09-30": {
        "Diluted EPS": -0.9,
        "Total Revenue": NaN,
        "Gross Profit": NaN,
        "Operating Income": -1,
        "EBIT": -1,
        "Net Income": -3
    },
    "2013-06-30": {
        "Diluted EPS": -0.75,
        "Total Revenue": NaN,
        "Gross Profit": NaN,
        "Operating Income": -1,
        "EBIT": -1,
        "Net Income": -2
    },
    "2013-03-31": {
        "Diluted EPS": -0.65,
        "Total Revenue": NaN,
        "Gross Profit": NaN,
        "Operating Income": -1,
        "EBIT": 0,
        "Net Income": -2
    },
    "2012-12-31": {
        "Diluted EPS": -0.5,
        "Total Revenue": NaN,
        "Gross Profit": NaN,
        "Operating Income": NaN,
        "EBIT": 0,
        "Net Income": -1
    },
    "2012-09-30": {
        "Diluted EPS": -0.45,
        "Total Revenue": NaN,
        "Gross Profit": NaN,
        "Operating Income": -1,
        "EBIT": -1,
        "Net Income": -1
    },
    "2012-06-30": {
        "Diluted EPS": -0.25,
        "Total Revenue": NaN,
        "Gross Profit": NaN,
        "Operating Income": -1,
        "EBIT": -1,
        "Net Income": -1
    },
    "2012-03-31": {
        "Diluted EPS": -0.4,
        "Total Revenue": NaN,
        "Gross Profit": NaN,
        "Operating Income": NaN,
        "EBIT": NaN,
        "Net Income": -1
    },
    "2011-12-31": {
        "Diluted EPS": 0.15,
        "Total Revenue": NaN,
        "Gross Profit": NaN,
        "Operating Income": 0,
        "EBIT": 0,
        "Net Income": 0
    },
    "2011-09-30": {
        "Diluted EPS": -1.15,
        "Total Revenue": NaN,
        "Gross Profit": NaN,
        "Operating Income": -3,
        "EBIT": -3,
        "Net Income": -3
    },
    "2011-06-30": {
        "Diluted EPS": -1.1,
        "Total Revenue": NaN,
        "Gross Profit": NaN,
        "Operating Income": -2,
        "EBIT": -2,
        "Net Income": -2
    },
    "2011-03-31": {
        "Diluted EPS": -0.85,
        "Total Revenue": NaN,
        "Gross Profit": NaN,
        "Operating Income": -2,
        "EBIT": -2,
        "Net Income": -2
    },
    "2010-12-31": {
        "Diluted EPS": -0.25,
        "Total Revenue": NaN,
        "Gross Profit": NaN,
        "Operating Income": -2,
        "EBIT": -2,
        "Net Income": -2
    },
    "2010-09-30": {
        "Diluted EPS": -0.6,
        "Total Revenue": NaN,
        "Gross Profit": NaN,
        "Operating Income": -1,
        "EBIT": -1,
        "Net Income": -1
    },
    "2010-06-30": {
        "Diluted EPS": -0.5,
        "Total Revenue": NaN,
        "Gross Profit": NaN,
        "Operating Income": -1,
        "EBIT": -1,
        "Net Income": -1
    },
    "2010-03-31": {
        "Diluted EPS": 0.0,
        "Total Revenue": NaN,
        "Gross Profit": NaN,
        "Operating Income": -4,
        "EBIT": -2,
        "Net Income": -7
    },
    "2023-06-30": {
        "Tax Effect Of Unusual Items": NaN,
        "Tax Rate For Calcs": NaN,
        "Normalized EBITDA": NaN,
        "Total Unusual Items": NaN,
        "Total Unusual Items Excluding Goodwill": NaN,
        "Net Income From Continuing Operation Net Minority Interest": NaN,
        "Reconciled Depreciation": NaN,
        "Reconciled Cost Of Revenue": NaN,
        "EBITDA": NaN,
        "EBIT": NaN,
        "Net Interest Income": NaN,
        "Interest Expense": NaN,
        "Interest Income": NaN,
        "Normalized Income": NaN,
        "Net Income From Continuing And Discontinued Operation": NaN,
        "Total Expenses": NaN,
        "Total Operating Income As Reported": NaN,
        "Diluted Average Shares": 45365635.0,
        "Basic Average Shares": 45365635.0,
        "Diluted EPS": -0.25,
        "Basic EPS": -0.25,
        "Diluted NI Availto Com Stockholders": NaN,
        "Net Income Common Stockholders": NaN,
        "Net Income": NaN,
        "Net Income Including Noncontrolling Interests": NaN,
        "Net Income Continuous Operations": NaN,
        "Tax Provision": NaN,
        "Pretax Income": NaN,
        "Other Income Expense": NaN,
        "Other Non Operating Income Expenses": NaN,
        "Gain On Sale Of Security": NaN,
        "Net Non Operating Interest Income Expense": NaN,
        "Interest Expense Non Operating": NaN,
        "Interest Income Non Operating": NaN,
        "Operating Income": NaN,
        "Operating Expense": NaN,
        "Research And Development": NaN,
        "Selling General And Administration": NaN,
        "Selling And Marketing Expense": 3256047.0,
        "General And Administrative Expense": 3753777.0,
        "Other Gand A": 3753777.0,
        "Gross Profit": NaN,
        "Cost Of Revenue": NaN,
        "Total Revenue": NaN,
        "Operating Revenue": NaN
    },
    "2023-09-30": {
        "Tax Effect Of Unusual Items": NaN,
        "Tax Rate For Calcs": NaN,
        "Normalized EBITDA": NaN,
        "Total Unusual Items": NaN,
        "Total Unusual Items Excluding Goodwill": NaN,
        "Net Income From Continuing Operation Net Minority Interest": NaN,
        "Reconciled Depreciation": NaN,
        "Reconciled Cost Of Revenue": NaN,
        "EBITDA": NaN,
        "EBIT": NaN,
        "Net Interest Income": NaN,
        "Interest Expense": NaN,
        "Interest Income": NaN,
        "Normalized Income": NaN,
        "Net Income From Continuing And Discontinued Operation": NaN,
        "Total Expenses": NaN,
        "Total Operating Income As Reported": NaN,
        "Diluted Average Shares": 56553174.0,
        "Basic Average Shares": 56553174.0,
        "Diluted EPS": -0.17,
        "Basic EPS": -0.17,
        "Diluted NI Availto Com Stockholders": NaN,
        "Net Income Common Stockholders": NaN,
        "Net Income": NaN,
        "Net Income Including Noncontrolling Interests": NaN,
        "Net Income Continuous Operations": NaN,
        "Tax Provision": NaN,
        "Pretax Income": NaN,
        "Other Income Expense": NaN,
        "Other Non Operating Income Expenses": NaN,
        "Gain On Sale Of Security": NaN,
        "Net Non Operating Interest Income Expense": NaN,
        "Interest Expense Non Operating": NaN,
        "Interest Income Non Operating": NaN,
        "Operating Income": NaN,
        "Operating Expense": NaN,
        "Research And Development": NaN,
        "Selling General And Administration": NaN,
        "Selling And Marketing Expense": 4058428.0,
        "General And Administrative Expense": 3744879.0,
        "Other Gand A": 3744879.0,
        "Gross Profit": NaN,
        "Cost Of Revenue": NaN,
        "Total Revenue": NaN,
        "Operating Revenue": NaN
    },
    "2023-12-31": {
        "Tax Effect Of Unusual Items": 0.0,
        "Tax Rate For Calcs": 0.0,
        "Normalized EBITDA": -14730031.0,
        "Total Unusual Items": 1228.0,
        "Total Unusual Items Excluding Goodwill": 1228.0,
        "Net Income From Continuing Operation Net Minority Interest": -14754029.0,
        "Reconciled Depreciation": 18670.0,
        "Reconciled Cost Of Revenue": 0.0,
        "EBITDA": -14728803.0,
        "EBIT": -14747473.0,
        "Net Interest Income": 913487.0,
        "Interest Expense": 6556.0,
        "Interest Income": 920043.0,
        "Normalized Income": -14755257.0,
        "Net Income From Continuing And Discontinued Operation": -14754029.0,
        "Total Expenses": 15668744.0,
        "Total Operating Income As Reported": -15668744.0,
        "Diluted Average Shares": NaN,
        "Basic Average Shares": NaN,
        "Diluted EPS": NaN,
        "Basic EPS": NaN,
        "Diluted NI Availto Com Stockholders": -14754029.0,
        "Net Income Common Stockholders": -14754029.0,
        "Net Income": -14754029.0,
        "Net Income Including Noncontrolling Interests": -14754029.0,
        "Net Income Continuous Operations": -14754029.0,
        "Tax Provision": 0.0,
        "Pretax Income": -14754029.0,
        "Other Income Expense": 1228.0,
        "Other Non Operating Income Expenses": NaN,
        "Gain On Sale Of Security": 1228.0,
        "Net Non Operating Interest Income Expense": 913487.0,
        "Interest Expense Non Operating": 6556.0,
        "Interest Income Non Operating": 920043.0,
        "Operating Income": -15668744.0,
        "Operating Expense": 15668744.0,
        "Research And Development": 2288889.0,
        "Selling General And Administration": 13379855.0,
        "Selling And Marketing Expense": NaN,
        "General And Administrative Expense": NaN,
        "Other Gand A": NaN,
        "Gross Profit": 0.0,
        "Cost Of Revenue": 0.0,
        "Total Revenue": 0.0,
        "Operating Revenue": 0.0
    },
    "2024-03-31": {
        "Tax Effect Of Unusual Items": -352.454188,
        "Tax Rate For Calcs": 0.087938,
        "Normalized EBITDA": -15825224.0,
        "Total Unusual Items": -4008.0,
        "Total Unusual Items Excluding Goodwill": -4008.0,
        "Net Income From Continuing Operation Net Minority Interest": -14466123.0,
        "Reconciled Depreciation": 21826.0,
        "Reconciled Cost Of Revenue": 818539.0,
        "EBITDA": -15829232.0,
        "EBIT": -15851058.0,
        "Net Interest Income": 847351.0,
        "Interest Expense": 9835.0,
        "Interest Income": 857186.0,
        "Normalized Income": -14462467.454188,
        "Net Income From Continuing And Discontinued Operation": -14466123.0,
        "Total Expenses": 16704236.0,
        "Total Operating Income As Reported": -16704236.0,
        "Diluted Average Shares": 57503154.0,
        "Basic Average Shares": 57503154.0,
        "Diluted EPS": -0.25,
        "Basic EPS": -0.25,
        "Diluted NI Availto Com Stockholders": -14466123.0,
        "Net Income Common Stockholders": -14466123.0,
        "Net Income": -14466123.0,
        "Net Income Including Noncontrolling Interests": -14466123.0,
        "Net Income Continuous Operations": -14466123.0,
        "Tax Provision": -1394770.0,
        "Pretax Income": -15860893.0,
        "Other Income Expense": -4008.0,
        "Other Non Operating Income Expenses": NaN,
        "Gain On Sale Of Security": -4008.0,
        "Net Non Operating Interest Income Expense": 847351.0,
        "Interest Expense Non Operating": 9835.0,
        "Interest Income Non Operating": 857186.0,
        "Operating Income": -16704236.0,
        "Operating Expense": 15885697.0,
        "Research And Development": 837445.0,
        "Selling General And Administration": 15048252.0,
        "Selling And Marketing Expense": 6337219.0,
        "General And Administrative Expense": 8711033.0,
        "Other Gand A": 8711033.0,
        "Gross Profit": -818539.0,
        "Cost Of Revenue": 818539.0,
        "Total Revenue": 0.0,
        "Operating Revenue": 0.0
    },
    "2024-06-30": {
        "Tax Effect Of Unusual Items": NaN,
        "Tax Rate For Calcs": NaN,
        "Normalized EBITDA": NaN,
        "Total Unusual Items": NaN,
        "Total Unusual Items Excluding Goodwill": NaN,
        "Net Income From Continuing Operation Net Minority Interest": NaN,
        "Reconciled Depreciation": NaN,
        "Reconciled Cost Of Revenue": NaN,
        "EBITDA": NaN,
        "EBIT": NaN,
        "Net Interest Income": NaN,
        "Interest Expense": NaN,
        "Interest Income": NaN,
        "Normalized Income": NaN,
        "Net Income From Continuing And Discontinued Operation": NaN,
        "Total Expenses": NaN,
        "Total Operating Income As Reported": NaN,
        "Diluted Average Shares": NaN,
        "Basic Average Shares": NaN,
        "Diluted EPS": NaN,
        "Basic EPS": NaN,
        "Diluted NI Availto Com Stockholders": NaN,
        "Net Income Common Stockholders": NaN,
        "Net Income": NaN,
        "Net Income Including Noncontrolling Interests": NaN,
        "Net Income Continuous Operations": NaN,
        "Tax Provision": NaN,
        "Pretax Income": NaN,
        "Other Income Expense": NaN,
        "Other Non Operating Income Expenses": 500000.0,
        "Special Income Charges": NaN,
        "Restructuring And Mergern Acquisition": NaN,
        "Gain On Sale Of Security": NaN,
        "Net Non Operating Interest Income Expense": NaN,
        "Interest Expense Non Operating": NaN,
        "Interest Income Non Operating": NaN,
        "Operating Income": NaN,
        "Operating Expense": NaN,
        "Research And Development": NaN,
        "Selling General And Administration": NaN,
        "Selling And Marketing Expense": NaN,
        "General And Administrative Expense": NaN,
        "Other Gand A": NaN,
        "Gross Profit": NaN,
        "Cost Of Revenue": NaN,
        "Total Revenue": NaN,
        "Operating Revenue": NaN
    },
    "2024-09-30": {
        "Tax Effect Of Unusual Items": 0.0,
        "Tax Rate For Calcs": 0.0,
        "Normalized EBITDA": -2656072.0,
        "Total Unusual Items": -33325.0,
        "Total Unusual Items Excluding Goodwill": -33325.0,
        "Net Income From Continuing Operation Net Minority Interest": -2776812.0,
        "Reconciled Depreciation": 77408.0,
        "Reconciled Cost Of Revenue": 686598.0,
        "EBITDA": -2689397.0,
        "EBIT": -2766805.0,
        "Net Interest Income": 543849.0,
        "Interest Expense": 10007.0,
        "Interest Income": 553856.0,
        "Normalized Income": -2743487.0,
        "Net Income From Continuing And Discontinued Operation": -2776812.0,
        "Total Expenses": 14743451.0,
        "Total Operating Income As Reported": -3287336.0,
        "Diluted Average Shares": 58825221.0,
        "Basic Average Shares": 58825221.0,
        "Diluted EPS": -0.05,
        "Basic EPS": -0.05,
        "Diluted NI Availto Com Stockholders": -2776812.0,
        "Net Income Common Stockholders": -2776812.0,
        "Net Income": -2776812.0,
        "Net Income Including Noncontrolling Interests": -2776812.0,
        "Net Income Continuous Operations": -2776812.0,
        "Tax Provision": 0.0,
        "Pretax Income": -2776812.0,
        "Other Income Expense": -33325.0,
        "Other Non Operating Income Expenses": NaN,
        "Special Income Charges": NaN,
        "Restructuring And Mergern Acquisition": NaN,
        "Gain On Sale Of Security": -33325.0,
        "Net Non Operating Interest Income Expense": 543849.0,
        "Interest Expense Non Operating": 10007.0,
        "Interest Income Non Operating": 553856.0,
        "Operating Income": -3287336.0,
        "Operating Expense": 14056853.0,
        "Research And Development": 727119.0,
        "Selling General And Administration": 13329734.0,
        "Selling And Marketing Expense": 6748900.0,
        "General And Administrative Expense": 6580834.0,
        "Other Gand A": 6580834.0,
        "Gross Profit": 10769517.0,
        "Cost Of Revenue": 686598.0,
        "Total Revenue": 11456115.0,
        "Operating Revenue": 11456115.0
    },
    "2024-12-31": {
        "Tax Effect Of Unusual Items": 0.0,
        "Tax Rate For Calcs": 0.0,
        "Normalized EBITDA": 13600068.0,
        "Total Unusual Items": 8018.0,
        "Total Unusual Items Excluding Goodwill": 8018.0,
        "Net Income From Continuing Operation Net Minority Interest": 13464404.0,
        "Reconciled Depreciation": 133675.0,
        "Reconciled Cost Of Revenue": 1175559.0,
        "EBITDA": 13608086.0,
        "EBIT": 13474411.0,
        "Net Interest Income": 500378.0,
        "Interest Expense": 10007.0,
        "Interest Income": 510385.0,
        "Normalized Income": 13456386.0,
        "Net Income From Continuing And Discontinued Operation": 13464404.0,
        "Total Expenses": 18273928.0,
        "Total Operating Income As Reported": 12936008.0,
        "Diluted Average Shares": 61508510.0,
        "Basic Average Shares": 61508510.0,
        "Diluted EPS": 0.22,
        "Basic EPS": 0.22,
        "Diluted NI Availto Com Stockholders": 13464404.0,
        "Net Income Common Stockholders": 13464404.0,
        "Net Income": 13464404.0,
        "Net Income Including Noncontrolling Interests": 13464404.0,
        "Net Income Continuous Operations": 13464404.0,
        "Tax Provision": 0.0,
        "Pretax Income": 13464404.0,
        "Other Income Expense": 28018.0,
        "Other Non Operating Income Expenses": 20000.0,
        "Special Income Charges": NaN,
        "Restructuring And Mergern Acquisition": NaN,
        "Gain On Sale Of Security": 8018.0,
        "Net Non Operating Interest Income Expense": 500378.0,
        "Interest Expense Non Operating": 10007.0,
        "Interest Income Non Operating": 510385.0,
        "Operating Income": 12936008.0,
        "Operating Expense": 17098369.0,
        "Research And Development": 1726719.0,
        "Selling General And Administration": 15371650.0,
        "Selling And Marketing Expense": 8263644.0,
        "General And Administrative Expense": 7108006.0,
        "Other Gand A": 7108006.0,
        "Gross Profit": 30034377.0,
        "Cost Of Revenue": 1175559.0,
        "Total Revenue": 31209936.0,
        "Operating Revenue": 31209936.0
    },
    "2025-03-31": {
        "Tax Effect Of Unusual Items": 0.0,
        "Tax Rate For Calcs": 0.0,
        "Normalized EBITDA": 20854019.0,
        "Total Unusual Items": -38172.0,
        "Total Unusual Items Excluding Goodwill": -38172.0,
        "Net Income From Continuing Operation Net Minority Interest": 20643898.0,
        "Reconciled Depreciation": 161942.0,
        "Reconciled Cost Of Revenue": 1596715.0,
        "EBITDA": 20815847.0,
        "EBIT": 20653905.0,
        "Net Interest Income": 556790.0,
        "Interest Expense": 10007.0,
        "Interest Income": 566797.0,
        "Normalized Income": 20682070.0,
        "Net Income From Continuing And Discontinued Operation": 20643898.0,
        "Total Expenses": 18956377.0,
        "Total Operating Income As Reported": 20125280.0,
        "Diluted Average Shares": 68975418.0,
        "Basic Average Shares": 65244341.0,
        "Diluted EPS": 0.3,
        "Basic EPS": 0.32,
        "Diluted NI Availto Com Stockholders": 20643898.0,
        "Net Income Common Stockholders": 20643898.0,
        "Net Income": 20643898.0,
        "Net Income Including Noncontrolling Interests": 20643898.0,
        "Net Income Continuous Operations": 20643898.0,
        "Tax Provision": 0.0,
        "Pretax Income": 20643898.0,
        "Other Income Expense": -38172.0,
        "Other Non Operating Income Expenses": NaN,
        "Special Income Charges": NaN,
        "Restructuring And Mergern Acquisition": NaN,
        "Gain On Sale Of Security": -38172.0,
        "Net Non Operating Interest Income Expense": 556790.0,
        "Interest Expense Non Operating": 10007.0,
        "Interest Income Non Operating": 566797.0,
        "Operating Income": 20125280.0,
        "Operating Expense": 17359662.0,
        "Research And Development": 3192440.0,
        "Selling General And Administration": 14167222.0,
        "Selling And Marketing Expense": 4473840.0,
        "General And Administrative Expense": 9693382.0,
        "Other Gand A": 9693382.0,
        "Gross Profit": 37484942.0,
        "Cost Of Revenue": 1596715.0,
        "Total Revenue": 39081657.0,
        "Operating Revenue": 39081657.0
    },
    "2025-06-30": {
        "Tax Effect Of Unusual Items": -423.67,
        "Tax Rate For Calcs": 0.026,
        "Normalized EBITDA": 20535395.0,
        "Total Unusual Items": -16295.0,
        "Total Unusual Items Excluding Goodwill": -16295.0,
        "Net Income From Continuing Operation Net Minority Interest": 19827981.0,
        "Reconciled Depreciation": 162941.0,
        "Reconciled Cost Of Revenue": 1862448.0,
        "EBITDA": 20519100.0,
        "EBIT": 20356159.0,
        "Net Interest Income": 822278.0,
        "Interest Expense": 6671.0,
        "Interest Income": 828949.0,
        "Normalized Income": 19843852.33,
        "Net Income From Continuing And Discontinued Operation": 19827981.0,
        "Total Expenses": 20193285.0,
        "Total Operating Income As Reported": 19543505.0,
        "Diluted Average Shares": 71918624.0,
        "Basic Average Shares": 67927710.0,
        "Diluted EPS": 0.28,
        "Basic EPS": 0.29,
        "Diluted NI Availto Com Stockholders": 19827981.0,
        "Net Income Common Stockholders": 19827981.0,
        "Net Income": 19827981.0,
        "Net Income Including Noncontrolling Interests": 19827981.0,
        "Net Income Continuous Operations": 19827981.0,
        "Tax Provision": 521507.0,
        "Pretax Income": 20349488.0,
        "Other Income Expense": -16295.0,
        "Other Non Operating Income Expenses": NaN,
        "Special Income Charges": NaN,
        "Restructuring And Mergern Acquisition": NaN,
        "Gain On Sale Of Security": -16295.0,
        "Net Non Operating Interest Income Expense": 822278.0,
        "Interest Expense Non Operating": 6671.0,
        "Interest Income Non Operating": 828949.0,
        "Operating Income": 19543505.0,
        "Operating Expense": 18330837.0,
        "Research And Development": 2442709.0,
        "Selling General And Administration": 15888128.0,
        "Selling And Marketing Expense": 6384072.0,
        "General And Administrative Expense": 9504056.0,
        "Other Gand A": 9504056.0,
        "Gross Profit": 37874342.0,
        "Cost Of Revenue": 1862448.0,
        "Total Revenue": 39736790.0,
        "Operating Revenue": 39736790.0
    },
    "2025-09-30": {
        "Tax Effect Of Unusual Items": 129818.22,
        "Tax Rate For Calcs": 0.21,
        "Normalized EBITDA": 56696704.0,
        "Total Unusual Items": 618182.0,
        "Total Unusual Items Excluding Goodwill": 618182.0,
        "Net Income From Continuing Operation Net Minority Interest": 108562980.0,
        "Reconciled Depreciation": 3790466.0,
        "Reconciled Cost Of Revenue": 11194616.0,
        "EBITDA": 57314886.0,
        "EBIT": 53524420.0,
        "Net Interest Income": 612030.0,
        "Interest Expense": 948242.0,
        "Interest Income": 1560272.0,
        "Normalized Income": 108074616.22,
        "Net Income From Continuing And Discontinued Operation": 108562980.0,
        "Total Expenses": 52929323.0,
        "Total Operating Income As Reported": 51345966.0,
        "Diluted Average Shares": 86214170.0,
        "Basic Average Shares": 75930243.0,
        "Diluted EPS": 1.26,
        "Basic EPS": 1.42,
        "Diluted NI Availto Com Stockholders": 108562980.0,
        "Net Income Common Stockholders": 108562980.0,
        "Net Income": 108562980.0,
        "Net Income Including Noncontrolling Interests": 108562980.0,
        "Net Income Continuous Operations": 108562980.0,
        "Tax Provision": -55986802.0,
        "Pretax Income": 52576178.0,
        "Other Income Expense": 618182.0,
        "Other Non Operating Income Expenses": NaN,
        "Special Income Charges": -2400000.0,
        "Restructuring And Mergern Acquisition": 2400000.0,
        "Gain On Sale Of Security": 3018182.0,
        "Net Non Operating Interest Income Expense": 612030.0,
        "Interest Expense Non Operating": 948242.0,
        "Interest Income Non Operating": 1560272.0,
        "Operating Income": 51345966.0,
        "Operating Expense": 41734707.0,
        "Research And Development": 5097644.0,
        "Selling General And Administration": 36637063.0,
        "Selling And Marketing Expense": 11186046.0,
        "General And Administrative Expense": 25451017.0,
        "Other Gand A": 25451017.0,
        "Gross Profit": 93080673.0,
        "Cost Of Revenue": 11194616.0,
        "Total Revenue": 104275289.0,
        "Operating Revenue": 104275289.0
    }
}