{
    "2023-03-31": {
        "Tax Effect Of Unusual Items": NaN,
        "Tax Rate For Calcs": NaN,
        "Normalized EBITDA": NaN,
        "Net Income From Continuing Operation Net Minority Interest": NaN,
        "Reconciled Depreciation": NaN,
        "Reconciled Cost Of Revenue": NaN,
        "EBITDA": NaN,
        "EBIT": NaN,
        "Normalized Income": NaN,
        "Net Income From Continuing And Discontinued Operation": NaN,
        "Total Expenses": NaN,
        "Total Operating Income As Reported": NaN,
        "Diluted Average Shares": 78676986.0,
        "Basic Average Shares": 78676986.0,
        "Diluted EPS": -0.67,
        "Basic EPS": -0.67,
        "Diluted NI Availto Com Stockholders": NaN,
        "Net Income Common Stockholders": NaN,
        "Net Income": NaN,
        "Net Income Including Noncontrolling Interests": NaN,
        "Net Income Continuous Operations": NaN,
        "Tax Provision": NaN,
        "Pretax Income": NaN,
        "Other Income Expense": NaN,
        "Other Non Operating Income Expenses": NaN,
        "Operating Income": NaN,
        "Operating Expense": NaN,
        "Other Operating Expenses": NaN,
        "Research And Development": NaN,
        "Selling General And Administration": NaN,
        "General And Administrative Expense": NaN,
        "Other Gand A": NaN,
        "Gross Profit": NaN,
        "Cost Of Revenue": NaN,
        "Total Revenue": NaN,
        "Operating Revenue": NaN
    },
    "2022-12-31": {
        "Tax Effect Of Unusual Items": NaN,
        "Tax Rate For Calcs": NaN,
        "Normalized EBITDA": NaN,
        "Net Income From Continuing Operation Net Minority Interest": NaN,
        "Reconciled Depreciation": NaN,
        "Reconciled Cost Of Revenue": NaN,
        "EBITDA": NaN,
        "EBIT": NaN,
        "Normalized Income": NaN,
        "Net Income From Continuing And Discontinued Operation": NaN,
        "Total Expenses": NaN,
        "Total Operating Income As Reported": NaN,
        "Diluted Average Shares": NaN,
        "Basic Average Shares": NaN,
        "Diluted EPS": NaN,
        "Basic EPS": NaN,
        "Diluted NI Availto Com Stockholders": NaN,
        "Net Income Common Stockholders": NaN,
        "Net Income": NaN,
        "Net Income Including Noncontrolling Interests": NaN,
        "Net Income Continuous Operations": NaN,
        "Tax Provision": NaN,
        "Pretax Income": NaN,
        "Other Income Expense": NaN,
        "Other Non Operating Income Expenses": NaN,
        "Operating Income": NaN,
        "Operating Expense": NaN,
        "Other Operating Expenses": 0.0,
        "Research And Development": NaN,
        "Selling General And Administration": NaN,
        "General And Administrative Expense": NaN,
        "Other Gand A": NaN,
        "Gross Profit": NaN,
        "Cost Of Revenue": NaN,
        "Total Revenue": NaN,
        "Operating Revenue": NaN
    },
    "2022-09-30": {
        "Tax Effect Of Unusual Items": 0.0,
        "Tax Rate For Calcs": 0.003,
        "Normalized EBITDA": -177370000.0,
        "Net Income From Continuing Operation Net Minority Interest": -174549000.0,
        "Reconciled Depreciation": 5018000.0,
        "Reconciled Cost Of Revenue": 38859000.0,
        "EBITDA": -177370000.0,
        "EBIT": -182388000.0,
        "Normalized Income": -174549000.0,
        "Net Income From Continuing And Discontinued Operation": -174549000.0,
        "Total Expenses": 182482000.0,
        "Total Operating Income As Reported": -182388000.0,
        "Diluted Average Shares": 78021520.0,
        "Basic Average Shares": 78021520.0,
        "Diluted EPS": -2.24,
        "Basic EPS": -2.24,
        "Diluted NI Availto Com Stockholders": -174549000.0,
        "Net Income Common Stockholders": -174549000.0,
        "Net Income": -174549000.0,
        "Net Income Including Noncontrolling Interests": -174549000.0,
        "Net Income Continuous Operations": -174549000.0,
        "Tax Provision": -575000.0,
        "Pretax Income": -175124000.0,
        "Other Income Expense": 7264000.0,
        "Other Non Operating Income Expenses": 7264000.0,
        "Operating Income": -182388000.0,
        "Operating Expense": 143623000.0,
        "Other Operating Expenses": NaN,
        "Research And Development": 116622000.0,
        "Selling General And Administration": 27001000.0,
        "General And Administrative Expense": 27001000.0,
        "Other Gand A": 27001000.0,
        "Gross Profit": -38765000.0,
        "Cost Of Revenue": 38859000.0,
        "Total Revenue": 94000.0,
        "Operating Revenue": 94000.0
    },
    "2022-06-30": {
        "Tax Effect Of Unusual Items": 0.0,
        "Tax Rate For Calcs": 0.4,
        "Normalized EBITDA": -183260000.0,
        "Net Income From Continuing Operation Net Minority Interest": -185834000.0,
        "Reconciled Depreciation": 7269000.0,
        "Reconciled Cost Of Revenue": 33922000.0,
        "EBITDA": -183260000.0,
        "EBIT": -183260000.0,
        "Normalized Income": -185834000.0,
        "Net Income From Continuing And Discontinued Operation": -185834000.0,
        "Total Expenses": 183418000.0,
        "Total Operating Income As Reported": -183260000.0,
        "Diluted Average Shares": 77513327.0,
        "Basic Average Shares": 77513327.0,
        "Diluted EPS": -2.4,
        "Basic EPS": -2.4,
        "Diluted NI Availto Com Stockholders": -185834000.0,
        "Net Income Common Stockholders": -185834000.0,
        "Net Income": -185834000.0,
        "Net Income Including Noncontrolling Interests": -185834000.0,
        "Net Income Continuous Operations": -185834000.0,
        "Tax Provision": 6118000.0,
        "Pretax Income": -179716000.0,
        "Other Income Expense": 3544000.0,
        "Other Non Operating Income Expenses": 3544000.0,
        "Operating Income": -183260000.0,
        "Operating Expense": 149496000.0,
        "Other Operating Expenses": NaN,
        "Research And Development": 123223000.0,
        "Selling General And Administration": 26273000.0,
        "General And Administrative Expense": 26273000.0,
        "Other Gand A": 26273000.0,
        "Gross Profit": -33764000.0,
        "Cost Of Revenue": 33922000.0,
        "Total Revenue": 158000.0,
        "Operating Revenue": 158000.0
    },
    "2022-03-31": {
        "Diluted EPS": -2.32,
        "Total Revenue": 1,
        "Gross Profit": 1,
        "Operating Income": -176,
        "EBIT": -170,
        "Net Income": -179
    },
    "2021-12-31": {
        "Diluted EPS": -1.56,
        "Total Revenue": 13,
        "Gross Profit": 13,
        "Operating Income": -146,
        "EBIT": -139,
        "Net Income": -141
    },
    "2021-09-30": {
        "Diluted EPS": -1.67,
        "Total Revenue": 1,
        "Gross Profit": 1,
        "Operating Income": -129,
        "EBIT": -124,
        "Net Income": -127
    },
    "2021-06-30": {
        "Diluted EPS": 9.44,
        "Total Revenue": 901,
        "Gross Profit": 901,
        "Operating Income": 763,
        "EBIT": 766,
        "Net Income": 759
    },
    "2021-03-31": {
        "Diluted EPS": -1.51,
        "Total Revenue": 1,
        "Gross Profit": 1,
        "Operating Income": -115,
        "EBIT": -112,
        "Net Income": -113
    },
    "2020-12-31": {
        "Diluted EPS": -1.52,
        "Total Revenue": 0,
        "Gross Profit": 0,
        "Operating Income": -108,
        "EBIT": -103,
        "Net Income": -107
    },
    "2020-09-30": {
        "Diluted EPS": -1.32,
        "Total Revenue": 0,
        "Gross Profit": 0,
        "Operating Income": -92,
        "EBIT": -90,
        "Net Income": -92
    },
    "2020-06-30": {
        "Diluted EPS": -1.3,
        "Total Revenue": 0,
        "Gross Profit": 0,
        "Operating Income": -81,
        "EBIT": -78,
        "Net Income": -80
    },
    "2020-03-31": {
        "Diluted EPS": -1.15,
        "Total Revenue": 0,
        "Gross Profit": 0,
        "Operating Income": -74,
        "EBIT": -71,
        "Net Income": -70
    },
    "2019-12-31": {
        "Diluted EPS": 0.71,
        "Total Revenue": 77,
        "Gross Profit": 77,
        "Operating Income": 11,
        "EBIT": 12,
        "Net Income": 31
    },
    "2019-09-30": {
        "Diluted EPS": 2.4,
        "Total Revenue": 212,
        "Gross Profit": 212,
        "Operating Income": 139,
        "EBIT": 140,
        "Net Income": 138
    },
    "2019-06-30": {
        "Diluted EPS": -1.01,
        "Total Revenue": 0,
        "Gross Profit": 0,
        "Operating Income": -55,
        "EBIT": -54,
        "Net Income": -54
    },
    "2019-03-31": {
        "Diluted EPS": -0.93,
        "Total Revenue": 0,
        "Gross Profit": 0,
        "Operating Income": -48,
        "EBIT": -48,
        "Net Income": -48
    },
    "2018-12-31": {
        "Diluted EPS": -0.93,
        "Total Revenue": 0,
        "Gross Profit": 0,
        "Operating Income": -45,
        "EBIT": -44,
        "Net Income": -48
    },
    "2018-09-30": {
        "Diluted EPS": -1.07,
        "Total Revenue": 1,
        "Gross Profit": 1,
        "Operating Income": -49,
        "EBIT": -49,
        "Net Income": -51
    },
    "2018-06-30": {
        "Diluted EPS": -0.82,
        "Total Revenue": 1,
        "Gross Profit": 1,
        "Operating Income": -37,
        "EBIT": -36,
        "Net Income": -38
    },
    "2018-03-31": {
        "Diluted EPS": -0.62,
        "Total Revenue": 1,
        "Gross Profit": 1,
        "Operating Income": -27,
        "EBIT": -26,
        "Net Income": -28
    },
    "2017-12-31": {
        "Diluted EPS": 0.01,
        "Total Revenue": 32,
        "Gross Profit": 32,
        "Operating Income": 1,
        "EBIT": 2,
        "Net Income": 0
    },
    "2017-09-30": {
        "Diluted EPS": -0.62,
        "Total Revenue": 2,
        "Gross Profit": 2,
        "Operating Income": -24,
        "EBIT": -23,
        "Net Income": -25
    },
    "2017-06-30": {
        "Diluted EPS": -0.56,
        "Total Revenue": 4,
        "Gross Profit": 4,
        "Operating Income": -21,
        "EBIT": -21,
        "Net Income": -22
    },
    "2017-03-31": {
        "Diluted EPS": -0.54,
        "Total Revenue": 3,
        "Gross Profit": 3,
        "Operating Income": -21,
        "EBIT": -20,
        "Net Income": -21
    },
    "2016-12-31": {
        "Diluted EPS": 5.56,
        "Total Revenue": 2,
        "Gross Profit": 2,
        "Operating Income": -25,
        "EBIT": -25,
        "Net Income": 17
    },
    "2016-09-30": {
        "Diluted EPS": -2.77,
        "Total Revenue": 2,
        "Gross Profit": 2,
        "Operating Income": -15,
        "EBIT": -14,
        "Net Income": -15
    },
    "2016-06-30": {
        "Diluted EPS": 0.0,
        "Total Revenue": NaN,
        "Gross Profit": NaN,
        "Operating Income": NaN,
        "Net Income": NaN
    },
    "2016-03-31": {
        "Diluted EPS": -1.53,
        "Total Revenue": 0,
        "Gross Profit": 0,
        "Operating Income": -12,
        "EBIT": -12,
        "Net Income": -8
    },
    "2015-12-31": {
        "Diluted EPS": 0.0,
        "Total Revenue": NaN,
        "Gross Profit": NaN,
        "Operating Income": NaN,
        "EBIT": NaN,
        "Net Income": NaN
    },
    "2015-09-30": {
        "Diluted EPS": -1.15,
        "Total Revenue": NaN,
        "Gross Profit": NaN,
        "Operating Income": -6,
        "EBIT": -6,
        "Net Income": -6
    },
    "2014-12-31": {
        "Diluted EPS": 0.0,
        "Total Revenue": NaN,
        "Gross Profit": NaN,
        "Operating Income": NaN,
        "EBIT": NaN,
        "Net Income": NaN
    },
    "2023-06-30": {
        "Tax Effect Of Unusual Items": NaN,
        "Tax Rate For Calcs": NaN,
        "Normalized EBITDA": NaN,
        "Net Income From Continuing Operation Net Minority Interest": NaN,
        "Reconciled Depreciation": NaN,
        "Reconciled Cost Of Revenue": NaN,
        "EBITDA": NaN,
        "EBIT": NaN,
        "Normalized Income": NaN,
        "Net Income From Continuing And Discontinued Operation": NaN,
        "Total Expenses": NaN,
        "Total Operating Income As Reported": NaN,
        "Diluted Average Shares": 79091061.0,
        "Basic Average Shares": 79091061.0,
        "Diluted EPS": -0.98,
        "Basic EPS": -0.98,
        "Diluted NI Availto Com Stockholders": NaN,
        "Net Income Common Stockholders": NaN,
        "Net Income": NaN,
        "Net Income Including Noncontrolling Interests": NaN,
        "Net Income Continuous Operations": NaN,
        "Tax Provision": NaN,
        "Pretax Income": NaN,
        "Other Income Expense": NaN,
        "Other Non Operating Income Expenses": NaN,
        "Operating Income": NaN,
        "Operating Expense": NaN,
        "Other Operating Expenses": NaN,
        "Research And Development": NaN,
        "Selling General And Administration": NaN,
        "General And Administrative Expense": NaN,
        "Other Gand A": NaN,
        "Gross Profit": NaN,
        "Cost Of Revenue": NaN,
        "Total Revenue": NaN,
        "Operating Revenue": NaN
    },
    "2023-09-30": {
        "Tax Effect Of Unusual Items": NaN,
        "Tax Rate For Calcs": NaN,
        "Normalized EBITDA": NaN,
        "Net Income From Continuing Operation Net Minority Interest": NaN,
        "Reconciled Depreciation": NaN,
        "Reconciled Cost Of Revenue": NaN,
        "EBITDA": NaN,
        "EBIT": NaN,
        "Normalized Income": NaN,
        "Net Income From Continuing And Discontinued Operation": NaN,
        "Total Expenses": NaN,
        "Total Operating Income As Reported": NaN,
        "Diluted Average Shares": 79414098.0,
        "Basic Average Shares": 79414098.0,
        "Diluted EPS": -1.41,
        "Basic EPS": -1.41,
        "Diluted NI Availto Com Stockholders": NaN,
        "Net Income Common Stockholders": NaN,
        "Net Income": NaN,
        "Net Income Including Noncontrolling Interests": NaN,
        "Net Income Continuous Operations": NaN,
        "Tax Provision": NaN,
        "Pretax Income": NaN,
        "Other Income Expense": NaN,
        "Other Non Operating Income Expenses": NaN,
        "Operating Income": NaN,
        "Operating Expense": NaN,
        "Other Operating Expenses": NaN,
        "Research And Development": NaN,
        "Selling General And Administration": NaN,
        "General And Administrative Expense": NaN,
        "Other Gand A": NaN,
        "Gross Profit": NaN,
        "Cost Of Revenue": NaN,
        "Total Revenue": NaN,
        "Operating Revenue": NaN
    },
    "2023-12-31": {
        "Tax Effect Of Unusual Items": 0.0,
        "Tax Rate For Calcs": 0.002601,
        "Normalized EBITDA": 74483000.0,
        "Net Income From Continuing Operation Net Minority Interest": 89347000.0,
        "Reconciled Depreciation": 4900000.0,
        "Reconciled Cost Of Revenue": 20000000.0,
        "EBITDA": 74483000.0,
        "EBIT": 69583000.0,
        "Normalized Income": 89347000.0,
        "Net Income From Continuing And Discontinued Operation": 89347000.0,
        "Total Expenses": 130417000.0,
        "Total Operating Income As Reported": 69583000.0,
        "Diluted Average Shares": NaN,
        "Basic Average Shares": NaN,
        "Diluted EPS": NaN,
        "Basic EPS": NaN,
        "Diluted NI Availto Com Stockholders": 89347000.0,
        "Net Income Common Stockholders": 89347000.0,
        "Net Income": 89347000.0,
        "Net Income Including Noncontrolling Interests": 89347000.0,
        "Net Income Continuous Operations": 89347000.0,
        "Tax Provision": 233000.0,
        "Pretax Income": 89580000.0,
        "Other Income Expense": 19997000.0,
        "Other Non Operating Income Expenses": 19997000.0,
        "Operating Income": 69583000.0,
        "Operating Expense": 110417000.0,
        "Other Operating Expenses": NaN,
        "Research And Development": 95144000.0,
        "Selling General And Administration": 16479000.0,
        "General And Administrative Expense": 16479000.0,
        "Other Gand A": 16479000.0,
        "Gross Profit": 180000000.0,
        "Cost Of Revenue": 20000000.0,
        "Total Revenue": 200000000.0,
        "Operating Revenue": 200000000.0
    },
    "2024-03-31": {
        "Tax Effect Of Unusual Items": 0.0,
        "Tax Rate For Calcs": 0.085,
        "Normalized EBITDA": -135754000.0,
        "Net Income From Continuing Operation Net Minority Interest": -116591000.0,
        "Reconciled Depreciation": 4833000.0,
        "Reconciled Cost Of Revenue": 46966000.0,
        "EBITDA": -135754000.0,
        "EBIT": -140587000.0,
        "Normalized Income": -116591000.0,
        "Net Income From Continuing And Discontinued Operation": -116591000.0,
        "Total Expenses": 140587000.0,
        "Total Operating Income As Reported": -140587000.0,
        "Diluted Average Shares": 81794630.0,
        "Basic Average Shares": 81794630.0,
        "Diluted EPS": -1.43,
        "Basic EPS": -1.43,
        "Diluted NI Availto Com Stockholders": -116591000.0,
        "Net Income Common Stockholders": -116591000.0,
        "Net Income": -116591000.0,
        "Net Income Including Noncontrolling Interests": -116591000.0,
        "Net Income Continuous Operations": -116591000.0,
        "Tax Provision": 724000.0,
        "Pretax Income": -115867000.0,
        "Other Income Expense": 24720000.0,
        "Other Non Operating Income Expenses": 24720000.0,
        "Operating Income": -140587000.0,
        "Operating Expense": 93621000.0,
        "Other Operating Expenses": -504000.0,
        "Research And Development": 76172000.0,
        "Selling General And Administration": 17953000.0,
        "General And Administrative Expense": 17953000.0,
        "Other Gand A": 17953000.0,
        "Gross Profit": -46966000.0,
        "Cost Of Revenue": 46966000.0,
        "Total Revenue": 0.0,
        "Operating Revenue": 0.0
    },
    "2024-06-30": {
        "Tax Effect Of Unusual Items": 0.0,
        "Tax Rate For Calcs": 0.085,
        "Normalized EBITDA": -146415000.0,
        "Net Income From Continuing Operation Net Minority Interest": -126408000.0,
        "Reconciled Depreciation": 4845000.0,
        "Reconciled Cost Of Revenue": 52131000.0,
        "EBITDA": -146415000.0,
        "EBIT": -151260000.0,
        "Normalized Income": -126408000.0,
        "Net Income From Continuing And Discontinued Operation": -126408000.0,
        "Total Expenses": 151260000.0,
        "Total Operating Income As Reported": -151260000.0,
        "Diluted Average Shares": 84920929.0,
        "Basic Average Shares": 84920929.0,
        "Diluted EPS": -1.49,
        "Basic EPS": -1.49,
        "Diluted NI Availto Com Stockholders": -126408000.0,
        "Net Income Common Stockholders": -126408000.0,
        "Net Income": -126408000.0,
        "Net Income Including Noncontrolling Interests": -126408000.0,
        "Net Income Continuous Operations": -126408000.0,
        "Tax Provision": 1287000.0,
        "Pretax Income": -125121000.0,
        "Other Income Expense": 26139000.0,
        "Other Non Operating Income Expenses": 26139000.0,
        "Operating Income": -151260000.0,
        "Operating Expense": 99129000.0,
        "Other Operating Expenses": -517000.0,
        "Research And Development": 80165000.0,
        "Selling General And Administration": 19481000.0,
        "General And Administrative Expense": 19481000.0,
        "Other Gand A": 19481000.0,
        "Gross Profit": -52131000.0,
        "Cost Of Revenue": 52131000.0,
        "Total Revenue": 0.0,
        "Operating Revenue": 0.0
    },
    "2024-09-30": {
        "Tax Effect Of Unusual Items": 0.0,
        "Tax Rate For Calcs": 0.085,
        "Normalized EBITDA": -105391000.0,
        "Net Income From Continuing Operation Net Minority Interest": -85942000.0,
        "Reconciled Depreciation": 4739000.0,
        "Reconciled Cost Of Revenue": 11153000.0,
        "EBITDA": -105391000.0,
        "EBIT": -110130000.0,
        "Normalized Income": -85942000.0,
        "Net Income From Continuing And Discontinued Operation": -85942000.0,
        "Total Expenses": 110130000.0,
        "Total Operating Income As Reported": -110130000.0,
        "Diluted Average Shares": 85234926.0,
        "Basic Average Shares": 85234926.0,
        "Diluted EPS": -1.01,
        "Basic EPS": -1.01,
        "Diluted NI Availto Com Stockholders": -85942000.0,
        "Net Income Common Stockholders": -85942000.0,
        "Net Income": -85942000.0,
        "Net Income Including Noncontrolling Interests": -85942000.0,
        "Net Income Continuous Operations": -85942000.0,
        "Tax Provision": 876000.0,
        "Pretax Income": -85066000.0,
        "Other Income Expense": 25064000.0,
        "Other Non Operating Income Expenses": 25064000.0,
        "Operating Income": -110130000.0,
        "Operating Expense": 98977000.0,
        "Other Operating Expenses": -602000.0,
        "Research And Development": 82160000.0,
        "Selling General And Administration": 17419000.0,
        "General And Administrative Expense": 17419000.0,
        "Other Gand A": 17419000.0,
        "Gross Profit": -11153000.0,
        "Cost Of Revenue": 11153000.0,
        "Total Revenue": 0.0,
        "Operating Revenue": 0.0
    },
    "2024-12-31": {
        "Tax Effect Of Unusual Items": 0.0,
        "Tax Rate For Calcs": 0.085,
        "Normalized EBITDA": -59746000.0,
        "Net Income From Continuing Operation Net Minority Interest": -37311000.0,
        "Reconciled Depreciation": 4842000.0,
        "Reconciled Cost Of Revenue": 0.0,
        "EBITDA": -59746000.0,
        "EBIT": -64588000.0,
        "Normalized Income": -37311000.0,
        "Net Income From Continuing And Discontinued Operation": -37311000.0,
        "Total Expenses": 99588000.0,
        "Total Operating Income As Reported": -64588000.0,
        "Diluted Average Shares": NaN,
        "Basic Average Shares": NaN,
        "Diluted EPS": NaN,
        "Basic EPS": NaN,
        "Diluted NI Availto Com Stockholders": -37311000.0,
        "Net Income Common Stockholders": -37311000.0,
        "Net Income": -37311000.0,
        "Net Income Including Noncontrolling Interests": -37311000.0,
        "Net Income Continuous Operations": -37311000.0,
        "Tax Provision": 700000.0,
        "Pretax Income": -36611000.0,
        "Other Income Expense": 27977000.0,
        "Other Non Operating Income Expenses": 27977000.0,
        "Operating Income": -64588000.0,
        "Operating Expense": 99588000.0,
        "Other Operating Expenses": -691000.0,
        "Research And Development": 82155000.0,
        "Selling General And Administration": 18124000.0,
        "General And Administrative Expense": 18124000.0,
        "Other Gand A": 18124000.0,
        "Gross Profit": 35000000.0,
        "Cost Of Revenue": 0.0,
        "Total Revenue": 35000000.0,
        "Operating Revenue": 35000000.0
    }
}