{
    "2024-12-31": {
        "Tax Effect Of Unusual Items": -1483650.0,
        "Tax Rate For Calcs": 0.21,
        "Normalized EBITDA": 492177000.0,
        "Total Unusual Items": -7065000.0,
        "Total Unusual Items Excluding Goodwill": -7065000.0,
        "Net Income From Continuing Operation Net Minority Interest": -51372000.0,
        "Reconciled Depreciation": 365419000.0,
        "Reconciled Cost Of Revenue": 182158000.0,
        "EBITDA": 485112000.0,
        "EBIT": 119693000.0,
        "Net Interest Income": -149027000.0,
        "Interest Expense": 149027000.0,
        "Normalized Income": -45790650.0,
        "Net Income From Continuing And Discontinued Operation": -51372000.0,
        "Total Expenses": 634756000.0,
        "Total Operating Income As Reported": 112674000.0,
        "Diluted Average Shares": NaN,
        "Basic Average Shares": NaN,
        "Diluted EPS": NaN,
        "Basic EPS": NaN,
        "Diluted NI Availto Com Stockholders": -80733000.0,
        "Average Dilution Earnings": NaN,
        "Net Income Common Stockholders": -80733000.0,
        "Preferred Stock Dividends": 29361000.0,
        "Net Income": -51372000.0,
        "Net Income Including Noncontrolling Interests": -51372000.0,
        "Net Income Discontinuous Operations": 0.0,
        "Net Income Continuous Operations": -51372000.0,
        "Tax Provision": 22038000.0,
        "Pretax Income": -29334000.0,
        "Other Income Expense": 7019000.0,
        "Other Non Operating Income Expenses": 14084000.0,
        "Gain On Sale Of Security": -7065000.0,
        "Net Non Operating Interest Income Expense": -149027000.0,
        "Interest Expense Non Operating": 149027000.0,
        "Operating Income": 112674000.0,
        "Operating Expense": 452598000.0,
        "Other Operating Expenses": 399409000.0,
        "Selling General And Administration": 53189000.0,
        "Selling And Marketing Expense": 5613000.0,
        "General And Administrative Expense": 47576000.0,
        "Other Gand A": 47576000.0,
        "Gross Profit": 565272000.0,
        "Cost Of Revenue": 182158000.0,
        "Total Revenue": 747430000.0,
        "Operating Revenue": 747430000.0
    },
    "2023-12-31": {
        "Tax Effect Of Unusual Items": NaN,
        "Tax Rate For Calcs": NaN,
        "Normalized EBITDA": NaN,
        "Total Unusual Items": NaN,
        "Total Unusual Items Excluding Goodwill": NaN,
        "Net Income From Continuing Operation Net Minority Interest": NaN,
        "Reconciled Depreciation": NaN,
        "Reconciled Cost Of Revenue": NaN,
        "EBITDA": NaN,
        "EBIT": NaN,
        "Net Interest Income": NaN,
        "Interest Expense": NaN,
        "Normalized Income": NaN,
        "Net Income From Continuing And Discontinued Operation": NaN,
        "Total Expenses": NaN,
        "Total Operating Income As Reported": NaN,
        "Diluted Average Shares": NaN,
        "Basic Average Shares": NaN,
        "Diluted EPS": NaN,
        "Basic EPS": NaN,
        "Diluted NI Availto Com Stockholders": NaN,
        "Average Dilution Earnings": NaN,
        "Net Income Common Stockholders": NaN,
        "Preferred Stock Dividends": NaN,
        "Net Income": NaN,
        "Net Income Including Noncontrolling Interests": NaN,
        "Net Income Discontinuous Operations": 0.0,
        "Net Income Continuous Operations": NaN,
        "Tax Provision": NaN,
        "Pretax Income": NaN,
        "Other Income Expense": NaN,
        "Other Non Operating Income Expenses": NaN,
        "Gain On Sale Of Security": NaN,
        "Net Non Operating Interest Income Expense": NaN,
        "Interest Expense Non Operating": NaN,
        "Operating Income": NaN,
        "Operating Expense": NaN,
        "Other Operating Expenses": NaN,
        "Selling General And Administration": NaN,
        "Selling And Marketing Expense": NaN,
        "General And Administrative Expense": NaN,
        "Other Gand A": NaN,
        "Gross Profit": NaN,
        "Cost Of Revenue": NaN,
        "Total Revenue": NaN,
        "Operating Revenue": NaN
    },
    "2025-03-31": {
        "Tax Effect Of Unusual Items": 5635770.0,
        "Tax Rate For Calcs": 0.21,
        "Normalized EBITDA": 411890000.0,
        "Total Unusual Items": 26837000.0,
        "Total Unusual Items Excluding Goodwill": 26837000.0,
        "Net Income From Continuing Operation Net Minority Interest": -314641000.0,
        "Reconciled Depreciation": 443497000.0,
        "Reconciled Cost Of Revenue": 262394000.0,
        "EBITDA": 438727000.0,
        "EBIT": -4770000.0,
        "Net Interest Income": -263835000.0,
        "Interest Expense": 263835000.0,
        "Normalized Income": -335842230.0,
        "Net Income From Continuing And Discontinued Operation": -314641000.0,
        "Total Expenses": 1009102000.0,
        "Total Operating Income As Reported": -27470000.0,
        "Diluted Average Shares": 249293000.0,
        "Basic Average Shares": 245608000.0,
        "Diluted EPS": -1.49,
        "Basic EPS": -1.4,
        "Diluted NI Availto Com Stockholders": -370208000.0,
        "Average Dilution Earnings": -26845000.0,
        "Net Income Common Stockholders": -343363000.0,
        "Preferred Stock Dividends": 28722000.0,
        "Net Income": -314641000.0,
        "Net Income Including Noncontrolling Interests": -314641000.0,
        "Net Income Discontinuous Operations": NaN,
        "Net Income Continuous Operations": -314641000.0,
        "Tax Provision": 46036000.0,
        "Pretax Income": -268605000.0,
        "Other Income Expense": 22700000.0,
        "Other Non Operating Income Expenses": -4137000.0,
        "Gain On Sale Of Security": 26837000.0,
        "Net Non Operating Interest Income Expense": -263835000.0,
        "Interest Expense Non Operating": 263835000.0,
        "Operating Income": -27470000.0,
        "Operating Expense": 746708000.0,
        "Other Operating Expenses": 561402000.0,
        "Selling General And Administration": 185306000.0,
        "Selling And Marketing Expense": 10549000.0,
        "General And Administrative Expense": 174757000.0,
        "Other Gand A": 174757000.0,
        "Gross Profit": 719238000.0,
        "Cost Of Revenue": 262394000.0,
        "Total Revenue": 981632000.0,
        "Operating Revenue": 981632000.0
    },
    "2024-03-31": {
        "Tax Effect Of Unusual Items": NaN,
        "Tax Rate For Calcs": NaN,
        "Normalized EBITDA": NaN,
        "Total Unusual Items": -97500000.0,
        "Total Unusual Items Excluding Goodwill": -97500000.0,
        "Net Income From Continuing Operation Net Minority Interest": NaN,
        "Reconciled Depreciation": NaN,
        "Reconciled Cost Of Revenue": NaN,
        "EBITDA": NaN,
        "EBIT": NaN,
        "Net Interest Income": NaN,
        "Interest Expense": NaN,
        "Normalized Income": NaN,
        "Net Income From Continuing And Discontinued Operation": NaN,
        "Total Expenses": NaN,
        "Total Operating Income As Reported": NaN,
        "Diluted Average Shares": NaN,
        "Basic Average Shares": NaN,
        "Diluted EPS": NaN,
        "Basic EPS": NaN,
        "Diluted NI Availto Com Stockholders": NaN,
        "Average Dilution Earnings": 0.0,
        "Net Income Common Stockholders": NaN,
        "Preferred Stock Dividends": NaN,
        "Net Income": NaN,
        "Net Income Including Noncontrolling Interests": NaN,
        "Net Income Discontinuous Operations": NaN,
        "Net Income Continuous Operations": NaN,
        "Tax Provision": NaN,
        "Pretax Income": NaN,
        "Other Income Expense": NaN,
        "Other Non Operating Income Expenses": NaN,
        "Gain On Sale Of Security": -97500000.0,
        "Net Non Operating Interest Income Expense": NaN,
        "Interest Expense Non Operating": NaN,
        "Operating Income": NaN,
        "Operating Expense": NaN,
        "Other Operating Expenses": NaN,
        "Selling General And Administration": NaN,
        "Selling And Marketing Expense": NaN,
        "General And Administrative Expense": NaN,
        "Other Gand A": NaN,
        "Gross Profit": NaN,
        "Cost Of Revenue": NaN,
        "Total Revenue": NaN,
        "Operating Revenue": NaN
    },
    "2025-06-30": {
        "Tax Effect Of Unusual Items": 0.0,
        "Tax Rate For Calcs": 0.21,
        "Normalized EBITDA": 583713000.0,
        "Total Unusual Items": NaN,
        "Total Unusual Items Excluding Goodwill": NaN,
        "Net Income From Continuing Operation Net Minority Interest": -290509000.0,
        "Reconciled Depreciation": 559481000.0,
        "Reconciled Cost Of Revenue": 312667000.0,
        "EBITDA": 583713000.0,
        "EBIT": 24232000.0,
        "Net Interest Income": -266966000.0,
        "Interest Expense": 266966000.0,
        "Normalized Income": -290509000.0,
        "Net Income From Continuing And Discontinued Operation": -290509000.0,
        "Total Expenses": 1193579000.0,
        "Total Operating Income As Reported": 19209000.0,
        "Diluted Average Shares": 486591000.0,
        "Basic Average Shares": 486591000.0,
        "Diluted EPS": -0.6,
        "Basic EPS": -0.6,
        "Diluted NI Availto Com Stockholders": -290509000.0,
        "Average Dilution Earnings": 0.0,
        "Net Income Common Stockholders": -290509000.0,
        "Preferred Stock Dividends": NaN,
        "Net Income": -290509000.0,
        "Net Income Including Noncontrolling Interests": -290509000.0,
        "Net Income Discontinuous Operations": NaN,
        "Net Income Continuous Operations": -290509000.0,
        "Tax Provision": 47775000.0,
        "Pretax Income": -242734000.0,
        "Other Income Expense": 5023000.0,
        "Other Non Operating Income Expenses": 5023000.0,
        "Gain On Sale Of Security": NaN,
        "Net Non Operating Interest Income Expense": -266966000.0,
        "Interest Expense Non Operating": 266966000.0,
        "Operating Income": 19209000.0,
        "Operating Expense": 880912000.0,
        "Other Operating Expenses": 669913000.0,
        "Selling General And Administration": 210999000.0,
        "Selling And Marketing Expense": 36799000.0,
        "General And Administrative Expense": 174200000.0,
        "Other Gand A": 174200000.0,
        "Gross Profit": 900121000.0,
        "Cost Of Revenue": 312667000.0,
        "Total Revenue": 1212788000.0,
        "Operating Revenue": 1212788000.0
    },
    "2024-09-30": {
        "Tax Effect Of Unusual Items": -71637930.0,
        "Tax Rate For Calcs": 0.21,
        "Normalized EBITDA": 381384000.0,
        "Total Unusual Items": -341133000.0,
        "Total Unusual Items Excluding Goodwill": -341133000.0,
        "Net Income From Continuing Operation Net Minority Interest": -359807000.0,
        "Reconciled Depreciation": 254024000.0,
        "Reconciled Cost Of Revenue": 143134000.0,
        "EBITDA": 40251000.0,
        "EBIT": -213773000.0,
        "Net Interest Income": -104375000.0,
        "Interest Expense": 104375000.0,
        "Normalized Income": -90311930.0,
        "Net Income From Continuing And Discontinued Operation": -359807000.0,
        "Total Expenses": 466825000.0,
        "Total Operating Income As Reported": 117116000.0,
        "Diluted Average Shares": 464099040.0,
        "Basic Average Shares": 464099040.0,
        "Diluted EPS": -0.838543,
        "Basic EPS": -0.838543,
        "Diluted NI Availto Com Stockholders": -389167000.0,
        "Average Dilution Earnings": NaN,
        "Net Income Common Stockholders": -389167000.0,
        "Preferred Stock Dividends": 29360000.0,
        "Net Income": -359807000.0,
        "Net Income Including Noncontrolling Interests": -359807000.0,
        "Net Income Discontinuous Operations": NaN,
        "Net Income Continuous Operations": -359807000.0,
        "Tax Provision": 41659000.0,
        "Pretax Income": -318148000.0,
        "Other Income Expense": -330889000.0,
        "Other Non Operating Income Expenses": 10244000.0,
        "Gain On Sale Of Security": -341133000.0,
        "Net Non Operating Interest Income Expense": -104375000.0,
        "Interest Expense Non Operating": 104375000.0,
        "Operating Income": 117116000.0,
        "Operating Expense": 323691000.0,
        "Other Operating Expenses": 285509000.0,
        "Selling General And Administration": 38182000.0,
        "Selling And Marketing Expense": 4554000.0,
        "General And Administrative Expense": 33628000.0,
        "Other Gand A": 33628000.0,
        "Gross Profit": 440807000.0,
        "Cost Of Revenue": 143134000.0,
        "Total Revenue": 583941000.0,
        "Operating Revenue": 583941000.0
    },
    "2024-06-30": {
        "Tax Effect Of Unusual Items": NaN,
        "Tax Rate For Calcs": NaN,
        "Normalized EBITDA": NaN,
        "Total Unusual Items": -310231000.0,
        "Total Unusual Items Excluding Goodwill": -310231000.0,
        "Net Income From Continuing Operation Net Minority Interest": NaN,
        "Reconciled Depreciation": NaN,
        "Reconciled Cost Of Revenue": NaN,
        "EBITDA": NaN,
        "EBIT": NaN,
        "Net Interest Income": NaN,
        "Interest Expense": NaN,
        "Normalized Income": NaN,
        "Net Income From Continuing And Discontinued Operation": NaN,
        "Total Expenses": NaN,
        "Total Operating Income As Reported": NaN,
        "Diluted Average Shares": 403727000.0,
        "Basic Average Shares": 403727000.0,
        "Diluted EPS": -0.838728,
        "Basic EPS": -0.838728,
        "Diluted NI Availto Com Stockholders": NaN,
        "Average Dilution Earnings": 0.0,
        "Net Income Common Stockholders": NaN,
        "Preferred Stock Dividends": 15596000.0,
        "Net Income": NaN,
        "Net Income Including Noncontrolling Interests": NaN,
        "Net Income Discontinuous Operations": NaN,
        "Net Income Continuous Operations": NaN,
        "Tax Provision": NaN,
        "Pretax Income": NaN,
        "Other Income Expense": NaN,
        "Other Non Operating Income Expenses": NaN,
        "Gain On Sale Of Security": -310231000.0,
        "Net Non Operating Interest Income Expense": NaN,
        "Interest Expense Non Operating": NaN,
        "Operating Income": NaN,
        "Operating Expense": NaN,
        "Other Operating Expenses": NaN,
        "Selling General And Administration": NaN,
        "Selling And Marketing Expense": NaN,
        "General And Administrative Expense": NaN,
        "Other Gand A": NaN,
        "Gross Profit": NaN,
        "Cost Of Revenue": NaN,
        "Total Revenue": NaN,
        "Operating Revenue": NaN
    },
    "2025-09-30": {
        "Tax Effect Of Unusual Items": 0.0,
        "Tax Rate For Calcs": 0.21,
        "Normalized EBITDA": 704230000.0,
        "Total Unusual Items": NaN,
        "Total Unusual Items Excluding Goodwill": NaN,
        "Net Income From Continuing Operation Net Minority Interest": -110124000.0,
        "Reconciled Depreciation": 630479000.0,
        "Reconciled Cost Of Revenue": 368824000.0,
        "EBITDA": 704230000.0,
        "EBIT": 73751000.0,
        "Net Interest Income": -310555000.0,
        "Interest Expense": 310555000.0,
        "Normalized Income": -110124000.0,
        "Net Income From Continuing And Discontinued Operation": -110124000.0,
        "Total Expenses": 1312826000.0,
        "Total Operating Income As Reported": 51850000.0,
        "Diluted Average Shares": 497886000.0,
        "Basic Average Shares": 497886000.0,
        "Diluted EPS": -0.22,
        "Basic EPS": -0.22,
        "Diluted NI Availto Com Stockholders": -110124000.0,
        "Average Dilution Earnings": NaN,
        "Net Income Common Stockholders": -110124000.0,
        "Preferred Stock Dividends": NaN,
        "Net Income": -110124000.0,
        "Net Income Including Noncontrolling Interests": -110124000.0,
        "Net Income Discontinuous Operations": NaN,
        "Net Income Continuous Operations": -110124000.0,
        "Tax Provision": -126680000.0,
        "Pretax Income": -236804000.0,
        "Other Income Expense": 21901000.0,
        "Other Non Operating Income Expenses": 21901000.0,
        "Gain On Sale Of Security": NaN,
        "Net Non Operating Interest Income Expense": -310555000.0,
        "Interest Expense Non Operating": 310555000.0,
        "Operating Income": 51850000.0,
        "Operating Expense": 944002000.0,
        "Other Operating Expenses": 747479000.0,
        "Selling General And Administration": 196523000.0,
        "Selling And Marketing Expense": 44645000.0,
        "General And Administrative Expense": 151878000.0,
        "Other Gand A": 151878000.0,
        "Gross Profit": 995852000.0,
        "Cost Of Revenue": 368824000.0,
        "Total Revenue": 1364676000.0,
        "Operating Revenue": 1364676000.0
    }
}