{
    "2023-04-30": {
        "Tax Effect Of Unusual Items": NaN,
        "Tax Rate For Calcs": NaN,
        "Normalized EBITDA": NaN,
        "Net Income From Continuing Operation Net Minority Interest": NaN,
        "Reconciled Depreciation": NaN,
        "Reconciled Cost Of Revenue": NaN,
        "EBITDA": NaN,
        "EBIT": NaN,
        "Normalized Income": NaN,
        "Net Income From Continuing And Discontinued Operation": NaN,
        "Total Expenses": NaN,
        "Total Operating Income As Reported": NaN,
        "Diluted Average Shares": 13557023.0,
        "Basic Average Shares": 13557023.0,
        "Diluted EPS": -0.19,
        "Basic EPS": -0.19,
        "Diluted NI Availto Com Stockholders": NaN,
        "Net Income Common Stockholders": NaN,
        "Net Income": NaN,
        "Net Income Including Noncontrolling Interests": NaN,
        "Net Income Continuous Operations": NaN,
        "Tax Provision": NaN,
        "Pretax Income": NaN,
        "Other Income Expense": NaN,
        "Other Non Operating Income Expenses": NaN,
        "Operating Income": NaN,
        "Operating Expense": NaN,
        "Research And Development": NaN,
        "Selling General And Administration": NaN,
        "Selling And Marketing Expense": NaN,
        "General And Administrative Expense": NaN,
        "Other Gand A": NaN,
        "Gross Profit": NaN,
        "Cost Of Revenue": NaN,
        "Total Revenue": NaN,
        "Operating Revenue": NaN
    },
    "2023-01-31": {
        "Tax Effect Of Unusual Items": NaN,
        "Tax Rate For Calcs": NaN,
        "Normalized EBITDA": NaN,
        "Net Income From Continuing Operation Net Minority Interest": NaN,
        "Reconciled Depreciation": NaN,
        "Reconciled Cost Of Revenue": NaN,
        "EBITDA": NaN,
        "EBIT": NaN,
        "Normalized Income": NaN,
        "Net Income From Continuing And Discontinued Operation": NaN,
        "Total Expenses": NaN,
        "Total Operating Income As Reported": NaN,
        "Diluted Average Shares": 13558642.0,
        "Basic Average Shares": 13558642.0,
        "Diluted EPS": -0.18,
        "Basic EPS": -0.18,
        "Diluted NI Availto Com Stockholders": NaN,
        "Net Income Common Stockholders": NaN,
        "Net Income": NaN,
        "Net Income Including Noncontrolling Interests": NaN,
        "Net Income Continuous Operations": NaN,
        "Tax Provision": NaN,
        "Pretax Income": NaN,
        "Other Income Expense": NaN,
        "Other Non Operating Income Expenses": NaN,
        "Operating Income": NaN,
        "Operating Expense": NaN,
        "Research And Development": NaN,
        "Selling General And Administration": NaN,
        "Selling And Marketing Expense": NaN,
        "General And Administrative Expense": NaN,
        "Other Gand A": NaN,
        "Gross Profit": NaN,
        "Cost Of Revenue": NaN,
        "Total Revenue": NaN,
        "Operating Revenue": NaN
    },
    "2022-10-31": {
        "Tax Effect Of Unusual Items": 0.0,
        "Tax Rate For Calcs": 0.21,
        "Normalized EBITDA": 567000.0,
        "Net Income From Continuing Operation Net Minority Interest": -16000.0,
        "Reconciled Depreciation": 560000.0,
        "Reconciled Cost Of Revenue": 7443000.0,
        "EBITDA": 567000.0,
        "EBIT": 7000.0,
        "Normalized Income": -16000.0,
        "Net Income From Continuing And Discontinued Operation": -16000.0,
        "Total Expenses": 14274000.0,
        "Total Operating Income As Reported": 7000.0,
        "Diluted Average Shares": 13528643.0,
        "Basic Average Shares": 13528643.0,
        "Diluted EPS": -0.001183,
        "Basic EPS": -0.001183,
        "Diluted NI Availto Com Stockholders": -16000.0,
        "Net Income Common Stockholders": -16000.0,
        "Net Income": -16000.0,
        "Net Income Including Noncontrolling Interests": -16000.0,
        "Net Income Continuous Operations": -16000.0,
        "Tax Provision": 14000.0,
        "Pretax Income": -2000.0,
        "Other Income Expense": -9000.0,
        "Other Non Operating Income Expenses": -9000.0,
        "Operating Income": 7000.0,
        "Operating Expense": 6831000.0,
        "Research And Development": 2604000.0,
        "Selling General And Administration": 4227000.0,
        "Selling And Marketing Expense": 1700000.0,
        "General And Administrative Expense": 2527000.0,
        "Other Gand A": 2527000.0,
        "Gross Profit": 6838000.0,
        "Cost Of Revenue": 7443000.0,
        "Total Revenue": 14281000.0,
        "Operating Revenue": 13550000.0
    },
    "2022-07-31": {
        "Tax Effect Of Unusual Items": 0.0,
        "Tax Rate For Calcs": 0.4,
        "Normalized EBITDA": 244000.0,
        "Total Unusual Items": NaN,
        "Total Unusual Items Excluding Goodwill": NaN,
        "Net Income From Continuing Operation Net Minority Interest": -319000.0,
        "Reconciled Depreciation": 528000.0,
        "Reconciled Cost Of Revenue": 7052000.0,
        "EBITDA": 244000.0,
        "EBIT": -284000.0,
        "Normalized Income": -319000.0,
        "Net Income From Continuing And Discontinued Operation": -319000.0,
        "Total Expenses": 14029000.0,
        "Total Operating Income As Reported": -284000.0,
        "Diluted Average Shares": 13522433.0,
        "Basic Average Shares": 13522433.0,
        "Diluted EPS": -0.02,
        "Basic EPS": -0.02,
        "Diluted NI Availto Com Stockholders": -319000.0,
        "Net Income Common Stockholders": -319000.0,
        "Net Income": -319000.0,
        "Net Income Including Noncontrolling Interests": -319000.0,
        "Net Income Continuous Operations": -319000.0,
        "Tax Provision": 17000.0,
        "Pretax Income": -302000.0,
        "Other Income Expense": -18000.0,
        "Other Non Operating Income Expenses": -18000.0,
        "Special Income Charges": NaN,
        "Write Off": NaN,
        "Operating Income": -284000.0,
        "Operating Expense": 6977000.0,
        "Research And Development": 2887000.0,
        "Selling General And Administration": 4090000.0,
        "Selling And Marketing Expense": 1692000.0,
        "General And Administrative Expense": 2398000.0,
        "Other Gand A": 2398000.0,
        "Gross Profit": 6693000.0,
        "Cost Of Revenue": 7052000.0,
        "Total Revenue": 13745000.0,
        "Operating Revenue": 13745000.0
    },
    "2022-04-30": {
        "Diluted EPS": -0.02,
        "Total Revenue": 13,
        "Gross Profit": 7,
        "Operating Income": 0,
        "EBIT": 0,
        "Net Income": 0
    },
    "2022-01-31": {
        "Diluted EPS": 0.05,
        "Total Revenue": 13,
        "Gross Profit": 7,
        "Operating Income": 1,
        "EBIT": 1,
        "Net Income": 1
    },
    "2021-10-31": {
        "Diluted EPS": 0.02,
        "Total Revenue": 12,
        "Gross Profit": 6,
        "Operating Income": 0,
        "EBIT": 1,
        "Net Income": 0
    },
    "2021-07-31": {
        "Diluted EPS": -0.01,
        "Total Revenue": 11,
        "Gross Profit": 6,
        "Operating Income": 0,
        "EBIT": 0,
        "Net Income": 0
    },
    "2021-04-30": {
        "Diluted EPS": -0.06,
        "Total Revenue": 11,
        "Gross Profit": 5,
        "Operating Income": -1,
        "EBIT": 0,
        "Net Income": -1
    },
    "2021-01-31": {
        "Diluted EPS": 0.07,
        "Total Revenue": 11,
        "Gross Profit": 6,
        "Operating Income": 1,
        "EBIT": 1,
        "Net Income": 1
    },
    "2020-10-31": {
        "Diluted EPS": 0.0,
        "Total Revenue": 10,
        "Gross Profit": 4,
        "Operating Income": 0,
        "EBIT": 0,
        "Net Income": 0
    },
    "2020-07-31": {
        "Diluted EPS": 0.01,
        "Total Revenue": 10,
        "Gross Profit": 4,
        "Operating Income": 0,
        "EBIT": 0,
        "Net Income": 0
    },
    "2020-04-30": {
        "Diluted EPS": -0.17,
        "Total Revenue": 9,
        "Gross Profit": 4,
        "Operating Income": -2,
        "EBIT": -1,
        "Net Income": -2
    },
    "2020-01-31": {
        "Diluted EPS": 0.03,
        "Total Revenue": 9,
        "Gross Profit": 5,
        "Operating Income": 0,
        "EBIT": 1,
        "Net Income": 0
    },
    "2019-10-31": {
        "Diluted EPS": 0.02,
        "Total Revenue": 8,
        "Gross Profit": 4,
        "Operating Income": 0,
        "EBIT": 0,
        "Net Income": 0
    },
    "2019-07-31": {
        "Diluted EPS": -0.06,
        "Total Revenue": 7,
        "Gross Profit": 3,
        "Operating Income": -1,
        "EBIT": 0,
        "Net Income": -1
    },
    "2019-04-30": {
        "Diluted EPS": -0.02,
        "Total Revenue": 8,
        "Gross Profit": 3,
        "Operating Income": 0,
        "EBIT": 0,
        "Net Income": 0
    },
    "2019-01-31": {
        "Diluted EPS": -0.03,
        "Total Revenue": 6,
        "Gross Profit": 3,
        "Operating Income": 0,
        "EBIT": 0,
        "Net Income": 0
    },
    "2018-10-31": {
        "Diluted EPS": 0.02,
        "Total Revenue": 7,
        "Gross Profit": 3,
        "Operating Income": 0,
        "EBIT": 0,
        "Net Income": 0
    },
    "2018-07-31": {
        "Diluted EPS": 0.04,
        "Total Revenue": 6,
        "Gross Profit": 3,
        "Operating Income": 0,
        "EBIT": 1,
        "Net Income": 0
    },
    "2018-04-30": {
        "Diluted EPS": -0.05,
        "Total Revenue": 5,
        "Gross Profit": 2,
        "Operating Income": -1,
        "EBIT": 0,
        "Net Income": -1
    },
    "2018-01-31": {
        "Diluted EPS": -0.01,
        "Total Revenue": 5,
        "Gross Profit": 3,
        "Operating Income": 0,
        "EBIT": 0,
        "Net Income": 0
    },
    "2017-10-31": {
        "Diluted EPS": -0.01,
        "Total Revenue": 5,
        "Gross Profit": 3,
        "Operating Income": 0,
        "EBIT": 0,
        "Net Income": 0
    },
    "2017-07-31": {
        "Diluted EPS": -0.06,
        "Total Revenue": 5,
        "Gross Profit": 2,
        "Operating Income": -1,
        "EBIT": -1,
        "Net Income": -1
    },
    "2017-04-30": {
        "Diluted EPS": -0.2,
        "Total Revenue": 4,
        "Gross Profit": 1,
        "Operating Income": -2,
        "EBIT": -2,
        "Net Income": -2
    },
    "2017-01-31": {
        "Diluted EPS": -0.13,
        "Total Revenue": 4,
        "Gross Profit": 1,
        "Operating Income": -1,
        "EBIT": -1,
        "Net Income": -1
    },
    "2016-10-31": {
        "Diluted EPS": -0.05,
        "Total Revenue": 4,
        "Gross Profit": 2,
        "Operating Income": 0,
        "EBIT": 0,
        "Net Income": -1
    },
    "2016-07-31": {
        "Diluted EPS": -0.26,
        "Total Revenue": 4,
        "Gross Profit": 1,
        "Operating Income": -3,
        "EBIT": -2,
        "Net Income": -3
    },
    "2016-04-30": {
        "Diluted EPS": -0.3,
        "Total Revenue": 3,
        "Gross Profit": 1,
        "Operating Income": -3,
        "EBIT": -3,
        "Net Income": -3
    },
    "2016-01-31": {
        "Diluted EPS": -0.28,
        "Total Revenue": 3,
        "Gross Profit": 0,
        "Operating Income": -2,
        "EBIT": -2,
        "Net Income": -2
    },
    "2015-10-31": {
        "Diluted EPS": -0.29,
        "Total Revenue": 3,
        "Gross Profit": 1,
        "Operating Income": -2,
        "EBIT": -2,
        "Net Income": -3
    },
    "2015-07-31": {
        "Diluted EPS": -0.33,
        "Total Revenue": 3,
        "Gross Profit": 1,
        "Operating Income": -3,
        "EBIT": -3,
        "Net Income": -3
    },
    "2015-04-30": {
        "Diluted EPS": -0.3,
        "Total Revenue": 3,
        "Gross Profit": 1,
        "Operating Income": -2,
        "EBIT": -2,
        "Net Income": -4
    },
    "2015-01-31": {
        "Diluted EPS": -0.61,
        "Total Revenue": 2,
        "Gross Profit": 0,
        "Operating Income": -3,
        "EBIT": -3,
        "Net Income": -3
    },
    "2014-10-31": {
        "Diluted EPS": -0.65,
        "Total Revenue": 2,
        "Gross Profit": 0,
        "Operating Income": -4,
        "EBIT": -4,
        "Net Income": -3
    },
    "2014-07-31": {
        "Diluted EPS": -0.64,
        "Total Revenue": 2,
        "Gross Profit": 0,
        "Operating Income": -4,
        "EBIT": -4,
        "Net Income": -4
    },
    "2014-04-30": {
        "Diluted EPS": -0.36,
        "Total Revenue": 2,
        "Gross Profit": 1,
        "Operating Income": -2,
        "EBIT": -2,
        "Net Income": -2
    },
    "2014-01-31": {
        "Diluted EPS": -0.24,
        "Total Revenue": 4,
        "Gross Profit": 2,
        "Operating Income": -1,
        "EBIT": -1,
        "Net Income": -1
    },
    "2013-10-31": {
        "Diluted EPS": -0.36,
        "Total Revenue": 2,
        "Gross Profit": 1,
        "Operating Income": -2,
        "EBIT": -2,
        "Net Income": -2
    },
    "2013-07-31": {
        "Diluted EPS": -0.36,
        "Total Revenue": 3,
        "Gross Profit": 1,
        "Operating Income": -1,
        "EBIT": -1,
        "Net Income": -2
    },
    "2013-04-30": {
        "Diluted EPS": -0.36,
        "Total Revenue": 2,
        "Gross Profit": 0,
        "Operating Income": -2,
        "EBIT": -2,
        "Net Income": -2
    },
    "2013-01-31": {
        "Diluted EPS": -0.24,
        "Total Revenue": 3,
        "Gross Profit": 2,
        "Operating Income": -1,
        "EBIT": -1,
        "Net Income": -1
    },
    "2012-10-31": {
        "Diluted EPS": -0.48,
        "Total Revenue": 1,
        "Gross Profit": 0,
        "Operating Income": -2,
        "EBIT": -2,
        "Net Income": -2
    },
    "2012-07-31": {
        "Diluted EPS": -0.36,
        "Total Revenue": 2,
        "Gross Profit": 1,
        "Operating Income": -2,
        "EBIT": -2,
        "Net Income": -1
    },
    "2012-04-30": {
        "Diluted EPS": 0.0,
        "Total Revenue": 1,
        "Gross Profit": 0,
        "Operating Income": -3,
        "EBIT": -3,
        "Net Income": -3
    },
    "2012-01-31": {
        "Diluted EPS": -0.48,
        "Total Revenue": 2,
        "Gross Profit": 1,
        "Operating Income": -2,
        "EBIT": -2,
        "Net Income": -2
    },
    "2011-10-31": {
        "Diluted EPS": -0.6,
        "Total Revenue": 2,
        "Gross Profit": 1,
        "Operating Income": -2,
        "EBIT": -2,
        "Net Income": -2
    },
    "2011-07-31": {
        "Diluted EPS": -0.48,
        "Total Revenue": 2,
        "Gross Profit": 1,
        "Operating Income": -2,
        "EBIT": -2,
        "Net Income": -2
    },
    "2011-04-30": {
        "Diluted EPS": -0.96,
        "Total Revenue": 2,
        "Gross Profit": 1,
        "Operating Income": -3,
        "EBIT": -3,
        "Net Income": -3
    },
    "2011-01-31": {
        "Diluted EPS": -0.12,
        "Total Revenue": 3,
        "Gross Profit": 1,
        "Operating Income": -1,
        "EBIT": -1,
        "Net Income": 0
    },
    "2010-10-31": {
        "Diluted EPS": 0.0,
        "Total Revenue": 1,
        "Gross Profit": 0,
        "Operating Income": -1,
        "EBIT": -1,
        "Net Income": 0
    },
    "2010-07-31": {
        "Diluted EPS": -0.24,
        "Total Revenue": 2,
        "Gross Profit": 1,
        "Operating Income": -1,
        "EBIT": -1,
        "Net Income": -1
    },
    "2010-04-30": {
        "Diluted EPS": -0.24,
        "Total Revenue": 2,
        "Gross Profit": 1,
        "Operating Income": -1,
        "EBIT": -1,
        "Net Income": -1
    },
    "2010-01-31": {
        "Diluted EPS": -0.24,
        "Total Revenue": 1,
        "Gross Profit": 0,
        "Operating Income": -1,
        "EBIT": -1,
        "Net Income": -1
    },
    "2009-10-31": {
        "Diluted EPS": -0.24,
        "Total Revenue": 1,
        "Gross Profit": 1,
        "Operating Income": -1,
        "EBIT": -1,
        "Net Income": -1
    },
    "2009-07-31": {
        "Diluted EPS": -0.36,
        "Total Revenue": 1,
        "Gross Profit": 0,
        "Operating Income": -1,
        "EBIT": -1,
        "Net Income": -1
    },
    "2009-04-30": {
        "Diluted EPS": -0.6,
        "Total Revenue": 1,
        "Gross Profit": 0,
        "Operating Income": -1,
        "EBIT": -1,
        "Net Income": -1
    },
    "2009-01-31": {
        "Diluted EPS": -0.24,
        "Total Revenue": 1,
        "Gross Profit": 0,
        "Operating Income": -1,
        "EBIT": -1,
        "Net Income": -1
    },
    "2023-07-31": {
        "Tax Effect Of Unusual Items": NaN,
        "Tax Rate For Calcs": NaN,
        "Normalized EBITDA": NaN,
        "Net Income From Continuing Operation Net Minority Interest": NaN,
        "Reconciled Depreciation": NaN,
        "Reconciled Cost Of Revenue": NaN,
        "EBITDA": NaN,
        "EBIT": NaN,
        "Normalized Income": NaN,
        "Net Income From Continuing And Discontinued Operation": NaN,
        "Total Expenses": NaN,
        "Total Operating Income As Reported": NaN,
        "Diluted Average Shares": 13506782.0,
        "Basic Average Shares": 13506782.0,
        "Diluted EPS": -0.19,
        "Basic EPS": -0.19,
        "Diluted NI Availto Com Stockholders": NaN,
        "Net Income Common Stockholders": NaN,
        "Net Income": NaN,
        "Net Income Including Noncontrolling Interests": NaN,
        "Net Income Continuous Operations": NaN,
        "Tax Provision": NaN,
        "Pretax Income": NaN,
        "Other Income Expense": NaN,
        "Other Non Operating Income Expenses": NaN,
        "Operating Income": NaN,
        "Operating Expense": NaN,
        "Research And Development": NaN,
        "Selling General And Administration": NaN,
        "Selling And Marketing Expense": NaN,
        "General And Administrative Expense": NaN,
        "Other Gand A": NaN,
        "Gross Profit": NaN,
        "Cost Of Revenue": NaN,
        "Total Revenue": NaN,
        "Operating Revenue": NaN
    },
    "2023-10-31": {
        "Tax Effect Of Unusual Items": 0.0,
        "Tax Rate For Calcs": 0.21,
        "Normalized EBITDA": -1471000.0,
        "Net Income From Continuing Operation Net Minority Interest": -2071000.0,
        "Reconciled Depreciation": 484000.0,
        "Reconciled Cost Of Revenue": 6618000.0,
        "EBITDA": -1471000.0,
        "EBIT": -1955000.0,
        "Normalized Income": -2071000.0,
        "Net Income From Continuing And Discontinued Operation": -2071000.0,
        "Total Expenses": 13528000.0,
        "Total Operating Income As Reported": -1955000.0,
        "Diluted Average Shares": 13497061.0,
        "Basic Average Shares": 13497061.0,
        "Diluted EPS": -0.15,
        "Basic EPS": -0.15,
        "Diluted NI Availto Com Stockholders": -2071000.0,
        "Net Income Common Stockholders": -2071000.0,
        "Net Income": -2071000.0,
        "Net Income Including Noncontrolling Interests": -2071000.0,
        "Net Income Continuous Operations": -2071000.0,
        "Tax Provision": 11000.0,
        "Pretax Income": -2060000.0,
        "Other Income Expense": -105000.0,
        "Other Non Operating Income Expenses": -105000.0,
        "Operating Income": -1955000.0,
        "Operating Expense": 6910000.0,
        "Research And Development": 2515000.0,
        "Selling General And Administration": 4395000.0,
        "Selling And Marketing Expense": 1795000.0,
        "General And Administrative Expense": 2600000.0,
        "Other Gand A": 2600000.0,
        "Gross Profit": 4955000.0,
        "Cost Of Revenue": 6618000.0,
        "Total Revenue": 11573000.0,
        "Operating Revenue": 10876000.0
    },
    "2024-01-31": {
        "Tax Effect Of Unusual Items": 0.0,
        "Tax Rate For Calcs": 0.21,
        "Normalized EBITDA": -2096000.0,
        "Net Income From Continuing Operation Net Minority Interest": -2530000.0,
        "Reconciled Depreciation": 481000.0,
        "Reconciled Cost Of Revenue": 7849000.0,
        "EBITDA": -2096000.0,
        "EBIT": -2577000.0,
        "Normalized Income": -2530000.0,
        "Net Income From Continuing And Discontinued Operation": -2530000.0,
        "Total Expenses": 14596000.0,
        "Total Operating Income As Reported": -2577000.0,
        "Diluted Average Shares": 13593758.0,
        "Basic Average Shares": 13593758.0,
        "Diluted EPS": -0.19,
        "Basic EPS": -0.19,
        "Diluted NI Availto Com Stockholders": -2530000.0,
        "Net Income Common Stockholders": -2530000.0,
        "Net Income": -2530000.0,
        "Net Income Including Noncontrolling Interests": -2530000.0,
        "Net Income Continuous Operations": -2530000.0,
        "Tax Provision": 11000.0,
        "Pretax Income": -2519000.0,
        "Other Income Expense": 58000.0,
        "Other Non Operating Income Expenses": 58000.0,
        "Operating Income": -2577000.0,
        "Operating Expense": 6747000.0,
        "Research And Development": 2186000.0,
        "Selling General And Administration": 4561000.0,
        "Selling And Marketing Expense": 1797000.0,
        "General And Administrative Expense": 2764000.0,
        "Other Gand A": 2764000.0,
        "Gross Profit": 4170000.0,
        "Cost Of Revenue": 7849000.0,
        "Total Revenue": 12019000.0,
        "Operating Revenue": 11184000.0
    },
    "2024-04-30": {
        "Tax Effect Of Unusual Items": 0.0,
        "Tax Rate For Calcs": 0.21,
        "Normalized EBITDA": 621000.0,
        "Net Income From Continuing Operation Net Minority Interest": -109000.0,
        "Reconciled Depreciation": 457000.0,
        "Reconciled Cost Of Revenue": 7250000.0,
        "EBITDA": 621000.0,
        "EBIT": 164000.0,
        "Normalized Income": -109000.0,
        "Net Income From Continuing And Discontinued Operation": -109000.0,
        "Total Expenses": 13838000.0,
        "Total Operating Income As Reported": -271000.0,
        "Diluted Average Shares": 13593758.0,
        "Basic Average Shares": 13593758.0,
        "Diluted EPS": -0.01,
        "Basic EPS": -0.01,
        "Diluted NI Availto Com Stockholders": -109000.0,
        "Net Income Common Stockholders": -109000.0,
        "Net Income": -109000.0,
        "Net Income Including Noncontrolling Interests": -109000.0,
        "Net Income Continuous Operations": -109000.0,
        "Tax Provision": -81000.0,
        "Pretax Income": -190000.0,
        "Other Income Expense": -354000.0,
        "Other Non Operating Income Expenses": 81000.0,
        "Operating Income": 164000.0,
        "Operating Expense": 6588000.0,
        "Research And Development": 2050000.0,
        "Selling General And Administration": 4538000.0,
        "Selling And Marketing Expense": 1776000.0,
        "General And Administrative Expense": 2762000.0,
        "Other Gand A": 2762000.0,
        "Gross Profit": 6752000.0,
        "Cost Of Revenue": 7250000.0,
        "Total Revenue": 14002000.0,
        "Operating Revenue": 16218000.0
    },
    "2024-07-31": {
        "Tax Effect Of Unusual Items": 0.0,
        "Tax Rate For Calcs": 0.015742,
        "Normalized EBITDA": 1778000.0,
        "Net Income From Continuing Operation Net Minority Interest": 1313000.0,
        "Reconciled Depreciation": 449000.0,
        "Reconciled Cost Of Revenue": 7072000.0,
        "EBITDA": 1778000.0,
        "EBIT": 1329000.0,
        "Normalized Income": 1313000.0,
        "Net Income From Continuing And Discontinued Operation": 1313000.0,
        "Total Expenses": 12732000.0,
        "Total Operating Income As Reported": 1329000.0,
        "Diluted Average Shares": 14042379.0,
        "Basic Average Shares": 13593766.0,
        "Diluted EPS": 0.09,
        "Basic EPS": 0.1,
        "Diluted NI Availto Com Stockholders": 1313000.0,
        "Net Income Common Stockholders": 1313000.0,
        "Net Income": 1313000.0,
        "Net Income Including Noncontrolling Interests": 1313000.0,
        "Net Income Continuous Operations": 1313000.0,
        "Tax Provision": 21000.0,
        "Pretax Income": 1334000.0,
        "Other Income Expense": 5000.0,
        "Other Non Operating Income Expenses": 5000.0,
        "Operating Income": 1329000.0,
        "Operating Expense": 5660000.0,
        "Research And Development": 1454000.0,
        "Selling General And Administration": 4206000.0,
        "Selling And Marketing Expense": 1679000.0,
        "General And Administrative Expense": 2527000.0,
        "Other Gand A": 2527000.0,
        "Gross Profit": 6989000.0,
        "Cost Of Revenue": 7072000.0,
        "Total Revenue": 14061000.0,
        "Operating Revenue": 13069000.0
    },
    "2024-10-31": {
        "Tax Effect Of Unusual Items": 0.0,
        "Tax Rate For Calcs": 0.014885,
        "Normalized EBITDA": 1131000.0,
        "Net Income From Continuing Operation Net Minority Interest": 728000.0,
        "Reconciled Depreciation": 399000.0,
        "Reconciled Cost Of Revenue": 7428000.0,
        "EBITDA": 1131000.0,
        "EBIT": 732000.0,
        "Normalized Income": 728000.0,
        "Net Income From Continuing And Discontinued Operation": 728000.0,
        "Total Expenses": 12757000.0,
        "Total Operating Income As Reported": 732000.0,
        "Diluted Average Shares": 13969967.0,
        "Basic Average Shares": 13593766.0,
        "Diluted EPS": 0.05,
        "Basic EPS": 0.05,
        "Diluted NI Availto Com Stockholders": 728000.0,
        "Net Income Common Stockholders": 728000.0,
        "Net Income": 728000.0,
        "Net Income Including Noncontrolling Interests": 728000.0,
        "Net Income Continuous Operations": 728000.0,
        "Tax Provision": 11000.0,
        "Pretax Income": 739000.0,
        "Other Income Expense": 7000.0,
        "Other Non Operating Income Expenses": 7000.0,
        "Operating Income": 732000.0,
        "Operating Expense": 5329000.0,
        "Research And Development": 1689000.0,
        "Selling General And Administration": 3640000.0,
        "Selling And Marketing Expense": 1751000.0,
        "General And Administrative Expense": 1889000.0,
        "Other Gand A": 1889000.0,
        "Gross Profit": 6061000.0,
        "Cost Of Revenue": 7428000.0,
        "Total Revenue": 13489000.0,
        "Operating Revenue": 12498000.0
    },
    "2025-01-31": {
        "Tax Effect Of Unusual Items": 0.0,
        "Tax Rate For Calcs": 0.005091,
        "Normalized EBITDA": 4897000.0,
        "Net Income From Continuing Operation Net Minority Interest": 4495000.0,
        "Reconciled Depreciation": 398000.0,
        "Reconciled Cost Of Revenue": 6617000.0,
        "EBITDA": 4897000.0,
        "EBIT": 4499000.0,
        "Normalized Income": 4495000.0,
        "Net Income From Continuing And Discontinued Operation": 4495000.0,
        "Total Expenses": 12540000.0,
        "Total Operating Income As Reported": 4499000.0,
        "Diluted Average Shares": 14364904.0,
        "Basic Average Shares": 13700627.0,
        "Diluted EPS": 0.31,
        "Basic EPS": 0.31,
        "Diluted NI Availto Com Stockholders": 4495000.0,
        "Net Income Common Stockholders": 4495000.0,
        "Net Income": 4495000.0,
        "Net Income Including Noncontrolling Interests": 4495000.0,
        "Net Income Continuous Operations": 4495000.0,
        "Tax Provision": 23000.0,
        "Pretax Income": 4518000.0,
        "Other Income Expense": 19000.0,
        "Other Non Operating Income Expenses": 19000.0,
        "Operating Income": 4499000.0,
        "Operating Expense": 5923000.0,
        "Research And Development": 1719000.0,
        "Selling General And Administration": 4204000.0,
        "Selling And Marketing Expense": 1806000.0,
        "General And Administrative Expense": 2398000.0,
        "Other Gand A": 2398000.0,
        "Gross Profit": 10422000.0,
        "Cost Of Revenue": 6617000.0,
        "Total Revenue": 17039000.0,
        "Operating Revenue": 16170000.0
    },
    "2025-04-30": {
        "Tax Effect Of Unusual Items": 0.0,
        "Tax Rate For Calcs": 0.065682,
        "Normalized EBITDA": -1320000.0,
        "Net Income From Continuing Operation Net Minority Interest": -1835000.0,
        "Reconciled Depreciation": 394000.0,
        "Reconciled Cost Of Revenue": 7271000.0,
        "EBITDA": -1320000.0,
        "EBIT": -1714000.0,
        "Normalized Income": -1835000.0,
        "Net Income From Continuing And Discontinued Operation": -1835000.0,
        "Total Expenses": 14069000.0,
        "Total Operating Income As Reported": -2007000.0,
        "Diluted Average Shares": 13753575.0,
        "Basic Average Shares": 13753575.0,
        "Diluted EPS": -0.13,
        "Basic EPS": -0.13,
        "Diluted NI Availto Com Stockholders": -1835000.0,
        "Net Income Common Stockholders": -1835000.0,
        "Net Income": -1835000.0,
        "Net Income Including Noncontrolling Interests": -1835000.0,
        "Net Income Continuous Operations": -1835000.0,
        "Tax Provision": -129000.0,
        "Pretax Income": -1964000.0,
        "Other Income Expense": -250000.0,
        "Other Non Operating Income Expenses": 43000.0,
        "Operating Income": -1714000.0,
        "Operating Expense": 6798000.0,
        "Research And Development": 1963000.0,
        "Selling General And Administration": 4835000.0,
        "Selling And Marketing Expense": 2309000.0,
        "General And Administrative Expense": 2526000.0,
        "Other Gand A": 2526000.0,
        "Gross Profit": 5084000.0,
        "Cost Of Revenue": 7271000.0,
        "Total Revenue": 12355000.0,
        "Operating Revenue": 15207000.0
    }
}