{
    "2024-03-31": {
        "Tax Effect Of Unusual Items": NaN,
        "Tax Rate For Calcs": NaN,
        "Normalized EBITDA": NaN,
        "Total Unusual Items": NaN,
        "Total Unusual Items Excluding Goodwill": NaN,
        "Net Income From Continuing Operation Net Minority Interest": NaN,
        "Reconciled Depreciation": NaN,
        "Reconciled Cost Of Revenue": NaN,
        "EBITDA": NaN,
        "EBIT": NaN,
        "Net Interest Income": NaN,
        "Interest Expense": NaN,
        "Interest Income": 59000.0,
        "Normalized Income": NaN,
        "Net Income From Continuing And Discontinued Operation": NaN,
        "Total Expenses": NaN,
        "Total Operating Income As Reported": NaN,
        "Diluted Average Shares": 1847718.0,
        "Basic Average Shares": 1847718.0,
        "Diluted EPS": -0.76,
        "Basic EPS": -0.76,
        "Diluted NI Availto Com Stockholders": NaN,
        "Net Income Common Stockholders": NaN,
        "Net Income": NaN,
        "Net Income Including Noncontrolling Interests": NaN,
        "Net Income Continuous Operations": NaN,
        "Tax Provision": NaN,
        "Pretax Income": NaN,
        "Other Income Expense": NaN,
        "Other Non Operating Income Expenses": NaN,
        "Special Income Charges": NaN,
        "Impairment Of Capital Assets": NaN,
        "Gain On Sale Of Security": NaN,
        "Net Non Operating Interest Income Expense": NaN,
        "Total Other Finance Cost": 40704.558911,
        "Interest Expense Non Operating": NaN,
        "Interest Income Non Operating": 59000.0,
        "Operating Income": NaN,
        "Operating Expense": NaN,
        "Research And Development": NaN,
        "Selling General And Administration": NaN,
        "Selling And Marketing Expense": 3374.037892,
        "General And Administrative Expense": 1650035.523979,
        "Other Gand A": 1650035.523979,
        "Gross Profit": NaN,
        "Cost Of Revenue": NaN,
        "Total Revenue": NaN,
        "Operating Revenue": NaN
    },
    "2023-12-31": {
        "Tax Effect Of Unusual Items": NaN,
        "Tax Rate For Calcs": NaN,
        "Normalized EBITDA": NaN,
        "Total Unusual Items": NaN,
        "Total Unusual Items Excluding Goodwill": NaN,
        "Net Income From Continuing Operation Net Minority Interest": NaN,
        "Reconciled Depreciation": NaN,
        "Reconciled Cost Of Revenue": NaN,
        "EBITDA": NaN,
        "EBIT": NaN,
        "Net Interest Income": NaN,
        "Interest Expense": NaN,
        "Interest Income": NaN,
        "Normalized Income": NaN,
        "Net Income From Continuing And Discontinued Operation": NaN,
        "Total Expenses": NaN,
        "Total Operating Income As Reported": NaN,
        "Diluted Average Shares": NaN,
        "Basic Average Shares": NaN,
        "Diluted EPS": NaN,
        "Basic EPS": NaN,
        "Diluted NI Availto Com Stockholders": NaN,
        "Net Income Common Stockholders": NaN,
        "Net Income": NaN,
        "Net Income Including Noncontrolling Interests": NaN,
        "Net Income Continuous Operations": NaN,
        "Tax Provision": NaN,
        "Pretax Income": NaN,
        "Other Income Expense": NaN,
        "Other Non Operating Income Expenses": NaN,
        "Special Income Charges": NaN,
        "Impairment Of Capital Assets": NaN,
        "Gain On Sale Of Security": NaN,
        "Net Non Operating Interest Income Expense": NaN,
        "Total Other Finance Cost": 997.367316,
        "Interest Expense Non Operating": NaN,
        "Interest Income Non Operating": NaN,
        "Operating Income": NaN,
        "Operating Expense": NaN,
        "Research And Development": NaN,
        "Selling General And Administration": NaN,
        "Selling And Marketing Expense": 5891.201018,
        "General And Administrative Expense": 1826739.577961,
        "Other Gand A": 1826739.577961,
        "Gross Profit": NaN,
        "Cost Of Revenue": NaN,
        "Total Revenue": NaN,
        "Operating Revenue": NaN
    },
    "2023-09-30": {
        "Tax Effect Of Unusual Items": NaN,
        "Tax Rate For Calcs": NaN,
        "Normalized EBITDA": NaN,
        "Total Unusual Items": NaN,
        "Total Unusual Items Excluding Goodwill": NaN,
        "Net Income From Continuing Operation Net Minority Interest": NaN,
        "Reconciled Depreciation": NaN,
        "Reconciled Cost Of Revenue": NaN,
        "EBITDA": NaN,
        "EBIT": NaN,
        "Net Interest Income": NaN,
        "Interest Expense": NaN,
        "Interest Income": NaN,
        "Normalized Income": NaN,
        "Net Income From Continuing And Discontinued Operation": NaN,
        "Total Expenses": NaN,
        "Total Operating Income As Reported": NaN,
        "Diluted Average Shares": 1847678.0,
        "Basic Average Shares": 1847678.0,
        "Diluted EPS": -0.42,
        "Basic EPS": -0.42,
        "Diluted NI Availto Com Stockholders": NaN,
        "Net Income Common Stockholders": NaN,
        "Net Income": NaN,
        "Net Income Including Noncontrolling Interests": NaN,
        "Net Income Continuous Operations": NaN,
        "Tax Provision": NaN,
        "Pretax Income": NaN,
        "Other Income Expense": NaN,
        "Other Non Operating Income Expenses": NaN,
        "Special Income Charges": 0.0,
        "Impairment Of Capital Assets": 0.0,
        "Gain On Sale Of Security": NaN,
        "Net Non Operating Interest Income Expense": NaN,
        "Total Other Finance Cost": NaN,
        "Interest Expense Non Operating": NaN,
        "Interest Income Non Operating": NaN,
        "Operating Income": NaN,
        "Operating Expense": NaN,
        "Research And Development": NaN,
        "Selling General And Administration": NaN,
        "Selling And Marketing Expense": 8708.158611,
        "General And Administrative Expense": NaN,
        "Other Gand A": NaN,
        "Gross Profit": NaN,
        "Cost Of Revenue": NaN,
        "Total Revenue": NaN,
        "Operating Revenue": NaN
    },
    "2023-06-30": {
        "Tax Effect Of Unusual Items": NaN,
        "Tax Rate For Calcs": NaN,
        "Normalized EBITDA": NaN,
        "Total Unusual Items": NaN,
        "Total Unusual Items Excluding Goodwill": NaN,
        "Net Income From Continuing Operation Net Minority Interest": NaN,
        "Reconciled Depreciation": NaN,
        "Reconciled Cost Of Revenue": NaN,
        "EBITDA": NaN,
        "EBIT": NaN,
        "Net Interest Income": NaN,
        "Interest Expense": NaN,
        "Normalized Income": NaN,
        "Net Income From Continuing And Discontinued Operation": NaN,
        "Total Expenses": NaN,
        "Total Operating Income As Reported": NaN,
        "Diluted Average Shares": 1846775.0,
        "Basic Average Shares": 1846775.0,
        "Diluted EPS": -0.47,
        "Basic EPS": -0.47,
        "Diluted NI Availto Com Stockholders": NaN,
        "Net Income Common Stockholders": NaN,
        "Net Income": NaN,
        "Net Income Including Noncontrolling Interests": NaN,
        "Net Income Continuous Operations": NaN,
        "Tax Provision": NaN,
        "Pretax Income": NaN,
        "Other Income Expense": NaN,
        "Other Non Operating Income Expenses": NaN,
        "Special Income Charges": NaN,
        "Impairment Of Capital Assets": NaN,
        "Gain On Sale Of Security": NaN,
        "Net Non Operating Interest Income Expense": NaN,
        "Total Other Finance Cost": NaN,
        "Interest Expense Non Operating": NaN,
        "Operating Income": NaN,
        "Operating Expense": NaN,
        "Research And Development": NaN,
        "Selling General And Administration": NaN,
        "Selling And Marketing Expense": 13458.0,
        "General And Administrative Expense": NaN,
        "Other Gand A": NaN,
        "Gross Profit": NaN,
        "Cost Of Revenue": NaN,
        "Total Revenue": NaN,
        "Operating Revenue": NaN
    },
    "2023-03-31": {
        "Tax Effect Of Unusual Items": NaN,
        "Tax Rate For Calcs": NaN,
        "Normalized EBITDA": NaN,
        "Total Unusual Items": NaN,
        "Total Unusual Items Excluding Goodwill": NaN,
        "Net Income From Continuing Operation Net Minority Interest": NaN,
        "Reconciled Depreciation": NaN,
        "Reconciled Cost Of Revenue": NaN,
        "EBITDA": NaN,
        "EBIT": NaN,
        "Net Interest Income": NaN,
        "Interest Expense": NaN,
        "Normalized Income": NaN,
        "Net Income From Continuing And Discontinued Operation": NaN,
        "Total Expenses": NaN,
        "Total Operating Income As Reported": NaN,
        "Diluted Average Shares": NaN,
        "Basic Average Shares": NaN,
        "Diluted EPS": NaN,
        "Basic EPS": NaN,
        "Diluted NI Availto Com Stockholders": NaN,
        "Net Income Common Stockholders": NaN,
        "Net Income": NaN,
        "Net Income Including Noncontrolling Interests": NaN,
        "Net Income Continuous Operations": NaN,
        "Tax Provision": NaN,
        "Pretax Income": NaN,
        "Other Income Expense": NaN,
        "Other Non Operating Income Expenses": NaN,
        "Special Income Charges": NaN,
        "Impairment Of Capital Assets": NaN,
        "Gain On Sale Of Security": NaN,
        "Net Non Operating Interest Income Expense": NaN,
        "Total Other Finance Cost": 40662.427917,
        "Interest Expense Non Operating": NaN,
        "Operating Income": NaN,
        "Operating Expense": NaN,
        "Research And Development": NaN,
        "Selling General And Administration": NaN,
        "Selling And Marketing Expense": 6046.87269,
        "General And Administrative Expense": NaN,
        "Other Gand A": NaN,
        "Gross Profit": NaN,
        "Cost Of Revenue": NaN,
        "Total Revenue": NaN,
        "Operating Revenue": NaN
    },
    "2022-12-31": {
        "Tax Effect Of Unusual Items": NaN,
        "Tax Rate For Calcs": NaN,
        "Normalized EBITDA": NaN,
        "Total Unusual Items": NaN,
        "Total Unusual Items Excluding Goodwill": NaN,
        "Net Income From Continuing Operation Net Minority Interest": NaN,
        "Reconciled Depreciation": NaN,
        "Reconciled Cost Of Revenue": NaN,
        "EBITDA": NaN,
        "EBIT": NaN,
        "Net Interest Income": NaN,
        "Interest Expense": NaN,
        "Normalized Income": NaN,
        "Net Income From Continuing And Discontinued Operation": NaN,
        "Total Expenses": NaN,
        "Total Operating Income As Reported": NaN,
        "Diluted Average Shares": NaN,
        "Basic Average Shares": NaN,
        "Diluted EPS": NaN,
        "Basic EPS": NaN,
        "Diluted NI Availto Com Stockholders": NaN,
        "Net Income Common Stockholders": NaN,
        "Net Income": NaN,
        "Net Income Including Noncontrolling Interests": NaN,
        "Net Income Continuous Operations": NaN,
        "Tax Provision": NaN,
        "Pretax Income": NaN,
        "Other Income Expense": NaN,
        "Other Non Operating Income Expenses": NaN,
        "Special Income Charges": 0.0,
        "Gain On Sale Of Ppe": 0.0,
        "Gain On Sale Of Security": NaN,
        "Net Non Operating Interest Income Expense": NaN,
        "Total Other Finance Cost": 307.583795,
        "Interest Expense Non Operating": NaN,
        "Operating Income": NaN,
        "Operating Expense": NaN,
        "Research And Development": NaN,
        "Selling General And Administration": NaN,
        "Selling And Marketing Expense": NaN,
        "General And Administrative Expense": NaN,
        "Other Gand A": NaN,
        "Gross Profit": NaN,
        "Cost Of Revenue": NaN,
        "Total Revenue": NaN,
        "Operating Revenue": NaN
    },
    "2024-06-30": {
        "Tax Effect Of Unusual Items": 443000.0,
        "Tax Rate For Calcs": 0.25,
        "Normalized EBITDA": -3269000.0,
        "Total Unusual Items": 1772000.0,
        "Total Unusual Items Excluding Goodwill": 1772000.0,
        "Net Income From Continuing Operation Net Minority Interest": -1422000.0,
        "Reconciled Depreciation": 377000.0,
        "Reconciled Cost Of Revenue": 1518000.0,
        "EBITDA": -1497000.0,
        "EBIT": -1874000.0,
        "Net Interest Income": 61000.0,
        "Interest Expense": 22000.0,
        "Interest Income": 83000.0,
        "Normalized Income": -2751000.0,
        "Net Income From Continuing And Discontinued Operation": -1422000.0,
        "Total Expenses": 6092000.0,
        "Total Operating Income As Reported": -3755000.0,
        "Diluted Average Shares": 2220303.0,
        "Basic Average Shares": 2220303.0,
        "Diluted EPS": -0.64,
        "Basic EPS": -0.64,
        "Diluted NI Availto Com Stockholders": -1422000.0,
        "Net Income Common Stockholders": -1422000.0,
        "Net Income": -1422000.0,
        "Net Income Including Noncontrolling Interests": -1422000.0,
        "Net Income Continuous Operations": -1422000.0,
        "Tax Provision": -474000.0,
        "Pretax Income": -1896000.0,
        "Other Income Expense": 1798000.0,
        "Other Non Operating Income Expenses": 26000.0,
        "Special Income Charges": NaN,
        "Impairment Of Capital Assets": NaN,
        "Gain On Sale Of Security": 1772000.0,
        "Net Non Operating Interest Income Expense": 61000.0,
        "Total Other Finance Cost": NaN,
        "Interest Expense Non Operating": 22000.0,
        "Interest Income Non Operating": 83000.0,
        "Operating Income": -3755000.0,
        "Operating Expense": 4574000.0,
        "Research And Development": 1530000.0,
        "Selling General And Administration": 3044000.0,
        "Selling And Marketing Expense": NaN,
        "General And Administrative Expense": 3044000.0,
        "Other Gand A": 3044000.0,
        "Gross Profit": 819000.0,
        "Cost Of Revenue": 1518000.0,
        "Total Revenue": 2337000.0,
        "Operating Revenue": 2337000.0
    },
    "2024-09-30": {
        "Tax Effect Of Unusual Items": -23709.561957,
        "Tax Rate For Calcs": 0.01909,
        "Normalized EBITDA": -4124000.0,
        "Total Unusual Items": -1242000.0,
        "Total Unusual Items Excluding Goodwill": -1242000.0,
        "Net Income From Continuing Operation Net Minority Interest": -5755000.0,
        "Reconciled Depreciation": 479000.0,
        "Reconciled Cost Of Revenue": 914000.0,
        "EBITDA": -5366000.0,
        "EBIT": -5845000.0,
        "Net Interest Income": -22000.0,
        "Interest Expense": 22000.0,
        "Interest Income": NaN,
        "Normalized Income": -4536709.561957,
        "Net Income From Continuing And Discontinued Operation": -5755000.0,
        "Total Expenses": 6705000.0,
        "Total Operating Income As Reported": -6293000.0,
        "Diluted Average Shares": 3106503.0,
        "Basic Average Shares": 3106503.0,
        "Diluted EPS": -1.85,
        "Basic EPS": -1.85,
        "Diluted NI Availto Com Stockholders": -5755000.0,
        "Net Income Common Stockholders": -5755000.0,
        "Net Income": -5755000.0,
        "Net Income Including Noncontrolling Interests": -5755000.0,
        "Net Income Continuous Operations": -5755000.0,
        "Tax Provision": -112000.0,
        "Pretax Income": -5867000.0,
        "Other Income Expense": -1011000.0,
        "Other Non Operating Income Expenses": 231000.0,
        "Special Income Charges": -1459000.0,
        "Impairment Of Capital Assets": 1459000.0,
        "Gain On Sale Of Security": 217000.0,
        "Net Non Operating Interest Income Expense": -22000.0,
        "Total Other Finance Cost": NaN,
        "Interest Expense Non Operating": 22000.0,
        "Interest Income Non Operating": NaN,
        "Operating Income": -4834000.0,
        "Operating Expense": 5791000.0,
        "Research And Development": 2799000.0,
        "Selling General And Administration": 2992000.0,
        "Selling And Marketing Expense": NaN,
        "General And Administrative Expense": 2992000.0,
        "Other Gand A": 2992000.0,
        "Gross Profit": 957000.0,
        "Cost Of Revenue": 914000.0,
        "Total Revenue": 1871000.0,
        "Operating Revenue": 1871000.0
    },
    "2024-12-31": {
        "Tax Effect Of Unusual Items": -324900.0,
        "Tax Rate For Calcs": 0.15,
        "Normalized EBITDA": -3068000.0,
        "Total Unusual Items": -2166000.0,
        "Total Unusual Items Excluding Goodwill": -2166000.0,
        "Net Income From Continuing Operation Net Minority Interest": -6731000.0,
        "Reconciled Depreciation": 392000.0,
        "Reconciled Cost Of Revenue": 1273000.0,
        "EBITDA": -5234000.0,
        "EBIT": -5626000.0,
        "Net Interest Income": 418000.0,
        "Interest Expense": 23000.0,
        "Interest Income": NaN,
        "Normalized Income": -4889900.0,
        "Net Income From Continuing And Discontinued Operation": -6731000.0,
        "Total Expenses": 6932000.0,
        "Total Operating Income As Reported": -6408000.0,
        "Diluted Average Shares": NaN,
        "Basic Average Shares": NaN,
        "Diluted EPS": NaN,
        "Basic EPS": NaN,
        "Diluted NI Availto Com Stockholders": -6731000.0,
        "Net Income Common Stockholders": -6731000.0,
        "Net Income": -6731000.0,
        "Net Income Including Noncontrolling Interests": -6731000.0,
        "Net Income Continuous Operations": -6731000.0,
        "Tax Provision": 1082000.0,
        "Pretax Income": -5649000.0,
        "Other Income Expense": -2457000.0,
        "Other Non Operating Income Expenses": -291000.0,
        "Special Income Charges": -2798000.0,
        "Impairment Of Capital Assets": 2798000.0,
        "Gain On Sale Of Security": 632000.0,
        "Net Non Operating Interest Income Expense": 418000.0,
        "Total Other Finance Cost": NaN,
        "Interest Expense Non Operating": 23000.0,
        "Interest Income Non Operating": NaN,
        "Operating Income": -3610000.0,
        "Operating Expense": 5659000.0,
        "Research And Development": 2913000.0,
        "Selling General And Administration": 2746000.0,
        "Selling And Marketing Expense": NaN,
        "General And Administrative Expense": 2746000.0,
        "Other Gand A": -1065000.0,
        "Gross Profit": 2049000.0,
        "Cost Of Revenue": 1273000.0,
        "Total Revenue": 3322000.0,
        "Operating Revenue": 3322000.0
    },
    "2025-03-31": {
        "Tax Effect Of Unusual Items": 0.0,
        "Tax Rate For Calcs": 0.0,
        "Normalized EBITDA": -3178000.0,
        "Total Unusual Items": -82000.0,
        "Total Unusual Items Excluding Goodwill": -82000.0,
        "Net Income From Continuing Operation Net Minority Interest": -3655000.0,
        "Reconciled Depreciation": 325000.0,
        "Reconciled Cost Of Revenue": 1057000.0,
        "EBITDA": -3260000.0,
        "EBIT": -3585000.0,
        "Net Interest Income": 36000.0,
        "Interest Expense": 70000.0,
        "Interest Income": 106000.0,
        "Normalized Income": -3573000.0,
        "Net Income From Continuing And Discontinued Operation": -3655000.0,
        "Total Expenses": 5117000.0,
        "Total Operating Income As Reported": -3617000.0,
        "Diluted Average Shares": 3144682.0,
        "Basic Average Shares": 3144682.0,
        "Diluted EPS": -1.16,
        "Basic EPS": -1.16,
        "Diluted NI Availto Com Stockholders": -3655000.0,
        "Net Income Common Stockholders": -3655000.0,
        "Net Income": -3655000.0,
        "Net Income Including Noncontrolling Interests": -3655000.0,
        "Net Income Continuous Operations": -3655000.0,
        "Tax Provision": 0.0,
        "Pretax Income": -3655000.0,
        "Other Income Expense": -74000.0,
        "Other Non Operating Income Expenses": 8000.0,
        "Special Income Charges": NaN,
        "Impairment Of Capital Assets": NaN,
        "Gain On Sale Of Security": -82000.0,
        "Net Non Operating Interest Income Expense": 36000.0,
        "Total Other Finance Cost": NaN,
        "Interest Expense Non Operating": 70000.0,
        "Interest Income Non Operating": 106000.0,
        "Operating Income": -3617000.0,
        "Operating Expense": 4060000.0,
        "Research And Development": 1134000.0,
        "Selling General And Administration": 2926000.0,
        "Selling And Marketing Expense": NaN,
        "General And Administrative Expense": NaN,
        "Other Gand A": NaN,
        "Gross Profit": 443000.0,
        "Cost Of Revenue": 1057000.0,
        "Total Revenue": 1500000.0,
        "Operating Revenue": 1500000.0
    },
    "2025-06-30": {
        "Tax Effect Of Unusual Items": -62250.0,
        "Tax Rate For Calcs": 0.15,
        "Normalized EBITDA": -1975000.0,
        "Total Unusual Items": -415000.0,
        "Total Unusual Items Excluding Goodwill": -415000.0,
        "Net Income From Continuing Operation Net Minority Interest": -2701000.0,
        "Reconciled Depreciation": 287000.0,
        "Reconciled Cost Of Revenue": 1775000.0,
        "EBITDA": -2390000.0,
        "EBIT": -2677000.0,
        "Net Interest Income": 60000.0,
        "Interest Expense": 23000.0,
        "Interest Income": 83000.0,
        "Normalized Income": -2348250.0,
        "Net Income From Continuing And Discontinued Operation": -2701000.0,
        "Total Expenses": 5102000.0,
        "Total Operating Income As Reported": -2353000.0,
        "Diluted Average Shares": 3174913.0,
        "Basic Average Shares": 3174913.0,
        "Diluted EPS": -0.85,
        "Basic EPS": -0.85,
        "Diluted NI Availto Com Stockholders": -2701000.0,
        "Net Income Common Stockholders": -2701000.0,
        "Net Income": -2701000.0,
        "Net Income Including Noncontrolling Interests": -2701000.0,
        "Net Income Continuous Operations": -2701000.0,
        "Tax Provision": 1000.0,
        "Pretax Income": -2700000.0,
        "Other Income Expense": -407000.0,
        "Other Non Operating Income Expenses": 8000.0,
        "Special Income Charges": NaN,
        "Impairment Of Capital Assets": NaN,
        "Gain On Sale Of Security": -415000.0,
        "Net Non Operating Interest Income Expense": 60000.0,
        "Total Other Finance Cost": NaN,
        "Interest Expense Non Operating": 23000.0,
        "Interest Income Non Operating": 83000.0,
        "Operating Income": -2353000.0,
        "Operating Expense": 3327000.0,
        "Research And Development": 690000.0,
        "Selling General And Administration": 2637000.0,
        "Selling And Marketing Expense": NaN,
        "General And Administrative Expense": NaN,
        "Other Gand A": NaN,
        "Gross Profit": 974000.0,
        "Cost Of Revenue": 1775000.0,
        "Total Revenue": 2749000.0,
        "Operating Revenue": 2749000.0
    }
}