{
    "2023-04-30": {
        "Tax Effect Of Unusual Items": NaN,
        "Tax Rate For Calcs": NaN,
        "Normalized EBITDA": NaN,
        "Total Unusual Items": NaN,
        "Total Unusual Items Excluding Goodwill": NaN,
        "Net Income From Continuing Operation Net Minority Interest": NaN,
        "Reconciled Depreciation": NaN,
        "Reconciled Cost Of Revenue": NaN,
        "EBITDA": NaN,
        "EBIT": NaN,
        "Net Interest Income": NaN,
        "Interest Expense": NaN,
        "Interest Income": NaN,
        "Normalized Income": NaN,
        "Net Income From Continuing And Discontinued Operation": NaN,
        "Total Expenses": NaN,
        "Total Operating Income As Reported": NaN,
        "Diluted Average Shares": 4110000000.0,
        "Basic Average Shares": 4089000000.0,
        "Diluted EPS": 0.78,
        "Basic EPS": 0.79,
        "Diluted NI Availto Com Stockholders": NaN,
        "Net Income Common Stockholders": NaN,
        "Net Income": NaN,
        "Net Income Including Noncontrolling Interests": NaN,
        "Net Income Continuous Operations": NaN,
        "Tax Provision": NaN,
        "Pretax Income": NaN,
        "Other Income Expense": NaN,
        "Other Non Operating Income Expenses": NaN,
        "Special Income Charges": NaN,
        "Restructuring And Mergern Acquisition": NaN,
        "Gain On Sale Of Security": NaN,
        "Net Non Operating Interest Income Expense": NaN,
        "Interest Expense Non Operating": NaN,
        "Interest Income Non Operating": NaN,
        "Operating Income": NaN,
        "Operating Expense": NaN,
        "Depreciation Amortization Depletion Income Statement": NaN,
        "Depreciation And Amortization In Income Statement": NaN,
        "Amortization": NaN,
        "Amortization Of Intangibles Income Statement": NaN,
        "Research And Development": NaN,
        "Selling General And Administration": NaN,
        "Selling And Marketing Expense": NaN,
        "General And Administrative Expense": NaN,
        "Other Gand A": NaN,
        "Gross Profit": NaN,
        "Cost Of Revenue": NaN,
        "Total Revenue": NaN,
        "Operating Revenue": NaN
    },
    "2023-01-31": {
        "Tax Effect Of Unusual Items": -39104000.0,
        "Tax Rate For Calcs": 0.188,
        "Normalized EBITDA": 4168000000.0,
        "Total Unusual Items": -208000000.0,
        "Total Unusual Items Excluding Goodwill": -208000000.0,
        "Net Income From Continuing Operation Net Minority Interest": 2773000000.0,
        "Reconciled Depreciation": 438000000.0,
        "Reconciled Cost Of Revenue": 4798000000.0,
        "EBITDA": 3960000000.0,
        "EBIT": 3522000000.0,
        "Net Interest Income": 112000000.0,
        "Interest Expense": 107000000.0,
        "Interest Income": 219000000.0,
        "Normalized Income": 2941896000.0,
        "Net Income From Continuing And Discontinued Operation": 2773000000.0,
        "Total Expenses": 10057000000.0,
        "Total Operating Income As Reported": 3292000000.0,
        "Diluted Average Shares": 4116000000.0,
        "Basic Average Shares": 4103000000.0,
        "Diluted EPS": 0.67,
        "Basic EPS": 0.68,
        "Diluted NI Availto Com Stockholders": 2773000000.0,
        "Net Income Common Stockholders": 2773000000.0,
        "Net Income": 2773000000.0,
        "Net Income Including Noncontrolling Interests": 2773000000.0,
        "Net Income Continuous Operations": 2773000000.0,
        "Tax Provision": 642000000.0,
        "Pretax Income": 3415000000.0,
        "Other Income Expense": -232000000.0,
        "Other Non Operating Income Expenses": -24000000.0,
        "Special Income Charges": -243000000.0,
        "Restructuring And Mergern Acquisition": 243000000.0,
        "Gain On Sale Of Security": 35000000.0,
        "Net Non Operating Interest Income Expense": 112000000.0,
        "Interest Expense Non Operating": 107000000.0,
        "Interest Income Non Operating": 219000000.0,
        "Operating Income": 3535000000.0,
        "Operating Expense": 4892000000.0,
        "Depreciation Amortization Depletion Income Statement": 71000000.0,
        "Depreciation And Amortization In Income Statement": 71000000.0,
        "Amortization": 71000000.0,
        "Amortization Of Intangibles Income Statement": 71000000.0,
        "Research And Development": 1855000000.0,
        "Selling General And Administration": 2966000000.0,
        "Selling And Marketing Expense": 2384000000.0,
        "General And Administrative Expense": 582000000.0,
        "Other Gand A": 582000000.0,
        "Gross Profit": 8427000000.0,
        "Cost Of Revenue": 5165000000.0,
        "Total Revenue": 13592000000.0,
        "Operating Revenue": 13592000000.0
    },
    "2022-10-31": {
        "Tax Effect Of Unusual Items": -27144000.0,
        "Tax Rate For Calcs": 0.232,
        "Normalized EBITDA": 4107000000.0,
        "Total Unusual Items": -117000000.0,
        "Total Unusual Items Excluding Goodwill": -117000000.0,
        "Net Income From Continuing Operation Net Minority Interest": 2670000000.0,
        "Reconciled Depreciation": 415000000.0,
        "Reconciled Cost Of Revenue": 4942000000.0,
        "EBITDA": 3990000000.0,
        "EBIT": 3575000000.0,
        "Net Interest Income": 69000000.0,
        "Interest Expense": 100000000.0,
        "Interest Income": 169000000.0,
        "Normalized Income": 2759856000.0,
        "Net Income From Continuing And Discontinued Operation": 2670000000.0,
        "Total Expenses": 10094000000.0,
        "Total Operating Income As Reported": 3540000000.0,
        "Diluted Average Shares": 4116000000.0,
        "Basic Average Shares": 4108000000.0,
        "Diluted EPS": 0.65,
        "Basic EPS": 0.65,
        "Diluted NI Availto Com Stockholders": 2670000000.0,
        "Net Income Common Stockholders": 2670000000.0,
        "Net Income": 2670000000.0,
        "Net Income Including Noncontrolling Interests": 2670000000.0,
        "Net Income Continuous Operations": 2670000000.0,
        "Tax Provision": 805000000.0,
        "Pretax Income": 3475000000.0,
        "Other Income Expense": -132000000.0,
        "Other Non Operating Income Expenses": -15000000.0,
        "Special Income Charges": 2000000.0,
        "Restructuring And Mergern Acquisition": -2000000.0,
        "Gain On Sale Of Security": -119000000.0,
        "Net Non Operating Interest Income Expense": 69000000.0,
        "Interest Expense Non Operating": 100000000.0,
        "Interest Income Non Operating": 169000000.0,
        "Operating Income": 3538000000.0,
        "Operating Expense": 4808000000.0,
        "Depreciation Amortization Depletion Income Statement": 71000000.0,
        "Depreciation And Amortization In Income Statement": 71000000.0,
        "Amortization": 71000000.0,
        "Amortization Of Intangibles Income Statement": 71000000.0,
        "Research And Development": 1781000000.0,
        "Selling General And Administration": 2956000000.0,
        "Selling And Marketing Expense": 2391000000.0,
        "General And Administrative Expense": 565000000.0,
        "Other Gand A": 565000000.0,
        "Gross Profit": 8346000000.0,
        "Cost Of Revenue": 5286000000.0,
        "Total Revenue": 13632000000.0,
        "Operating Revenue": 13632000000.0
    },
    "2022-07-31": {
        "Tax Effect Of Unusual Items": 352000.0,
        "Tax Rate For Calcs": 0.176,
        "Normalized EBITDA": 3937000000.0,
        "Total Unusual Items": 2000000.0,
        "Total Unusual Items Excluding Goodwill": 2000000.0,
        "Net Income From Continuing Operation Net Minority Interest": 2815000000.0,
        "Reconciled Depreciation": 430000000.0,
        "Reconciled Cost Of Revenue": 4720000000.0,
        "EBITDA": 3939000000.0,
        "EBIT": 3509000000.0,
        "Net Interest Income": 36000000.0,
        "Interest Expense": 93000000.0,
        "Interest Income": 129000000.0,
        "Normalized Income": 2813352000.0,
        "Net Income From Continuing And Discontinued Operation": 2815000000.0,
        "Total Expenses": 9670000000.0,
        "Total Operating Income As Reported": 3434000000.0,
        "Diluted Average Shares": 4156000000.0,
        "Basic Average Shares": 4128000000.0,
        "Diluted EPS": 0.68,
        "Basic EPS": 0.68,
        "Diluted NI Availto Com Stockholders": 2815000000.0,
        "Net Income Common Stockholders": 2815000000.0,
        "Net Income": 2815000000.0,
        "Net Income Including Noncontrolling Interests": 2815000000.0,
        "Net Income Continuous Operations": 2815000000.0,
        "Tax Provision": 601000000.0,
        "Pretax Income": 3416000000.0,
        "Other Income Expense": -52000000.0,
        "Other Non Operating Income Expenses": -54000000.0,
        "Special Income Charges": 2000000.0,
        "Restructuring And Mergern Acquisition": -2000000.0,
        "Gain On Sale Of Security": -21000000.0,
        "Net Non Operating Interest Income Expense": 36000000.0,
        "Interest Expense Non Operating": 93000000.0,
        "Interest Income Non Operating": 129000000.0,
        "Operating Income": 3432000000.0,
        "Operating Expense": 4593000000.0,
        "Depreciation Amortization Depletion Income Statement": 73000000.0,
        "Depreciation And Amortization In Income Statement": 73000000.0,
        "Amortization": 73000000.0,
        "Amortization Of Intangibles Income Statement": 73000000.0,
        "Research And Development": 1682000000.0,
        "Selling General And Administration": 2838000000.0,
        "Selling And Marketing Expense": 2349000000.0,
        "General And Administrative Expense": 489000000.0,
        "Other Gand A": 489000000.0,
        "Gross Profit": 8025000000.0,
        "Cost Of Revenue": 5077000000.0,
        "Total Revenue": 13102000000.0,
        "Operating Revenue": 13102000000.0
    },
    "2022-04-30": {
        "Diluted EPS": 0.73,
        "Total Revenue": NaN,
        "Gross Profit": NaN,
        "Operating Income": NaN,
        "EBIT": NaN,
        "Net Income": NaN
    },
    "2022-01-31": {
        "Diluted EPS": 0.71,
        "Total Revenue": NaN,
        "Gross Profit": NaN,
        "Operating Income": NaN,
        "EBIT": NaN,
        "Net Income": NaN
    },
    "2021-10-31": {
        "Diluted EPS": 0.7,
        "Total Revenue": NaN,
        "Gross Profit": NaN,
        "Operating Income": NaN,
        "EBIT": NaN,
        "Net Income": NaN
    },
    "2021-07-31": {
        "Diluted EPS": 0.71,
        "Total Revenue": NaN,
        "Gross Profit": NaN,
        "Operating Income": NaN,
        "EBIT": NaN,
        "Net Income": NaN
    },
    "2021-04-30": {
        "Diluted EPS": 0.68,
        "Total Revenue": NaN,
        "Gross Profit": NaN,
        "Operating Income": NaN,
        "EBIT": NaN,
        "Net Income": NaN
    },
    "2021-01-31": {
        "Diluted EPS": 0.6,
        "Total Revenue": NaN,
        "Gross Profit": NaN,
        "Operating Income": NaN,
        "EBIT": NaN,
        "Net Income": NaN
    },
    "2020-10-31": {
        "Diluted EPS": 0.51,
        "Total Revenue": NaN,
        "Gross Profit": NaN,
        "Operating Income": NaN,
        "EBIT": NaN,
        "Net Income": NaN
    },
    "2020-07-31": {
        "Diluted EPS": 0.63,
        "Total Revenue": NaN,
        "Gross Profit": NaN,
        "Operating Income": NaN,
        "EBIT": NaN,
        "Net Income": NaN
    },
    "2020-04-30": {
        "Diluted EPS": 0.65,
        "Total Revenue": NaN,
        "Gross Profit": NaN,
        "Operating Income": NaN,
        "EBIT": NaN,
        "Net Income": NaN
    },
    "2020-01-31": {
        "Diluted EPS": 0.68,
        "Total Revenue": NaN,
        "Gross Profit": NaN,
        "Operating Income": NaN,
        "EBIT": NaN,
        "Net Income": NaN
    },
    "2019-10-31": {
        "Diluted EPS": 0.68,
        "Total Revenue": NaN,
        "Gross Profit": NaN,
        "Operating Income": NaN,
        "EBIT": NaN,
        "Net Income": NaN
    },
    "2019-07-31": {
        "Diluted EPS": 0.52,
        "Total Revenue": NaN,
        "Gross Profit": NaN,
        "Operating Income": NaN,
        "EBIT": NaN,
        "Net Income": NaN
    },
    "2019-04-30": {
        "Diluted EPS": 0.69,
        "Total Revenue": NaN,
        "Gross Profit": NaN,
        "Operating Income": NaN,
        "EBIT": NaN,
        "Net Income": NaN
    },
    "2019-01-31": {
        "Diluted EPS": 0.63,
        "Total Revenue": NaN,
        "Gross Profit": NaN,
        "Operating Income": NaN,
        "EBIT": NaN,
        "Net Income": NaN
    },
    "2018-10-31": {
        "Diluted EPS": 0.77,
        "Total Revenue": NaN,
        "Gross Profit": NaN,
        "Operating Income": NaN,
        "EBIT": NaN,
        "Net Income": NaN
    },
    "2018-07-31": {
        "Diluted EPS": 0.76,
        "Total Revenue": NaN,
        "Gross Profit": NaN,
        "Operating Income": NaN,
        "EBIT": NaN,
        "Net Income": NaN
    },
    "2018-04-30": {
        "Diluted EPS": 0.56,
        "Total Revenue": NaN,
        "Gross Profit": NaN,
        "Operating Income": NaN,
        "EBIT": NaN,
        "Net Income": NaN
    },
    "2018-01-31": {
        "Diluted EPS": -1.78,
        "Total Revenue": NaN,
        "Gross Profit": NaN,
        "Operating Income": NaN,
        "EBIT": NaN,
        "Net Income": NaN
    },
    "2017-10-31": {
        "Diluted EPS": 0.48,
        "Total Revenue": NaN,
        "Gross Profit": NaN,
        "Operating Income": NaN,
        "EBIT": NaN,
        "Net Income": NaN
    },
    "2017-07-31": {
        "Diluted EPS": 0.47,
        "Total Revenue": NaN,
        "Gross Profit": NaN,
        "Operating Income": NaN,
        "EBIT": NaN,
        "Net Income": NaN
    },
    "2017-04-30": {
        "Diluted EPS": 0.5,
        "Total Revenue": NaN,
        "Gross Profit": NaN,
        "Operating Income": NaN,
        "EBIT": NaN,
        "Net Income": NaN
    },
    "2017-01-31": {
        "Diluted EPS": 0.47,
        "Total Revenue": NaN,
        "Gross Profit": NaN,
        "Operating Income": NaN,
        "EBIT": NaN,
        "Net Income": NaN
    },
    "2016-10-31": {
        "Diluted EPS": 0.46,
        "Total Revenue": NaN,
        "Gross Profit": NaN,
        "Operating Income": NaN,
        "EBIT": NaN,
        "Net Income": NaN
    },
    "2016-07-31": {
        "Diluted EPS": 0.55,
        "Total Revenue": NaN,
        "Gross Profit": NaN,
        "Operating Income": NaN,
        "EBIT": NaN,
        "Net Income": NaN
    },
    "2016-04-30": {
        "Diluted EPS": 0.46,
        "Total Revenue": NaN,
        "Gross Profit": NaN,
        "Operating Income": NaN,
        "EBIT": NaN,
        "Net Income": NaN
    },
    "2016-01-31": {
        "Diluted EPS": 0.62,
        "Total Revenue": NaN,
        "Gross Profit": NaN,
        "Operating Income": NaN,
        "EBIT": NaN,
        "Net Income": NaN
    },
    "2015-10-31": {
        "Diluted EPS": 0.48,
        "Total Revenue": NaN,
        "Gross Profit": NaN,
        "Operating Income": NaN,
        "EBIT": NaN,
        "Net Income": NaN
    },
    "2015-07-31": {
        "Diluted EPS": 0.47,
        "Total Revenue": NaN,
        "Gross Profit": NaN,
        "Operating Income": NaN,
        "EBIT": NaN,
        "Net Income": NaN
    },
    "2015-04-30": {
        "Diluted EPS": 0.47,
        "Total Revenue": NaN,
        "Gross Profit": NaN,
        "Operating Income": NaN,
        "EBIT": NaN,
        "Net Income": NaN
    },
    "2015-01-31": {
        "Diluted EPS": 0.46,
        "Total Revenue": NaN,
        "Gross Profit": NaN,
        "Operating Income": NaN,
        "EBIT": NaN,
        "Net Income": NaN
    },
    "2014-10-31": {
        "Diluted EPS": 0.35,
        "Total Revenue": NaN,
        "Gross Profit": NaN,
        "Operating Income": NaN,
        "EBIT": NaN,
        "Net Income": NaN
    },
    "2014-07-31": {
        "Diluted EPS": 0.43,
        "Total Revenue": NaN,
        "Gross Profit": NaN,
        "Operating Income": NaN,
        "EBIT": NaN,
        "Net Income": NaN
    },
    "2014-04-30": {
        "Diluted EPS": 0.42,
        "Total Revenue": NaN,
        "Gross Profit": NaN,
        "Operating Income": NaN,
        "EBIT": NaN,
        "Net Income": NaN
    },
    "2014-01-31": {
        "Diluted EPS": 0.27,
        "Total Revenue": NaN,
        "Gross Profit": NaN,
        "Operating Income": NaN,
        "EBIT": NaN,
        "Net Income": NaN
    },
    "2013-10-31": {
        "Diluted EPS": 0.37,
        "Total Revenue": NaN,
        "Gross Profit": NaN,
        "Operating Income": NaN,
        "EBIT": NaN,
        "Net Income": NaN
    },
    "2013-07-31": {
        "Diluted EPS": 0.42,
        "Total Revenue": NaN,
        "Gross Profit": NaN,
        "Operating Income": NaN,
        "EBIT": NaN,
        "Net Income": NaN
    },
    "2013-04-30": {
        "Diluted EPS": 0.46,
        "Total Revenue": NaN,
        "Gross Profit": NaN,
        "Operating Income": NaN,
        "EBIT": NaN,
        "Net Income": NaN
    },
    "2013-01-31": {
        "Diluted EPS": 0.59,
        "Total Revenue": NaN,
        "Gross Profit": NaN,
        "Operating Income": NaN,
        "EBIT": NaN,
        "Net Income": NaN
    },
    "2012-10-31": {
        "Diluted EPS": 0.39,
        "Total Revenue": NaN,
        "Gross Profit": NaN,
        "Operating Income": NaN,
        "EBIT": NaN,
        "Net Income": NaN
    },
    "2012-07-31": {
        "Diluted EPS": 0.36,
        "Total Revenue": NaN,
        "Gross Profit": NaN,
        "Operating Income": NaN,
        "EBIT": NaN,
        "Net Income": NaN
    },
    "2012-04-30": {
        "Diluted EPS": 0.4,
        "Total Revenue": NaN,
        "Gross Profit": NaN,
        "Operating Income": NaN,
        "EBIT": NaN,
        "Net Income": NaN
    },
    "2012-01-31": {
        "Diluted EPS": 0.4,
        "Total Revenue": NaN,
        "Gross Profit": NaN,
        "Operating Income": NaN,
        "EBIT": NaN,
        "Net Income": NaN
    },
    "2011-10-31": {
        "Diluted EPS": 0.33,
        "Total Revenue": NaN,
        "Gross Profit": NaN,
        "Operating Income": NaN,
        "EBIT": NaN,
        "Net Income": NaN
    },
    "2011-07-31": {
        "Diluted EPS": 0.23,
        "Total Revenue": NaN,
        "Gross Profit": NaN,
        "Operating Income": NaN,
        "EBIT": NaN,
        "Net Income": NaN
    },
    "2011-04-30": {
        "Diluted EPS": 0.33,
        "Total Revenue": NaN,
        "Gross Profit": NaN,
        "Operating Income": NaN,
        "EBIT": NaN,
        "Net Income": NaN
    },
    "2011-01-31": {
        "Diluted EPS": 0.27,
        "Total Revenue": NaN,
        "Gross Profit": NaN,
        "Operating Income": NaN,
        "EBIT": NaN,
        "Net Income": NaN
    },
    "2010-10-31": {
        "Diluted EPS": 0.34,
        "Total Revenue": NaN,
        "Gross Profit": NaN,
        "Operating Income": NaN,
        "EBIT": NaN,
        "Net Income": NaN
    },
    "2010-07-31": {
        "Diluted EPS": 0.34,
        "Total Revenue": NaN,
        "Gross Profit": NaN,
        "Operating Income": NaN,
        "EBIT": NaN,
        "Net Income": NaN
    },
    "2010-04-30": {
        "Diluted EPS": 0.37,
        "Total Revenue": NaN,
        "Gross Profit": NaN,
        "Operating Income": NaN,
        "EBIT": NaN,
        "Net Income": NaN
    },
    "2010-01-31": {
        "Diluted EPS": 0.32,
        "Total Revenue": NaN,
        "Gross Profit": NaN,
        "Operating Income": NaN,
        "EBIT": NaN,
        "Net Income": NaN
    },
    "2009-10-31": {
        "Diluted EPS": 0.3,
        "Total Revenue": NaN,
        "Gross Profit": NaN,
        "Operating Income": NaN,
        "EBIT": NaN,
        "Net Income": NaN
    },
    "2009-07-31": {
        "Diluted EPS": 0.19,
        "Total Revenue": NaN,
        "Gross Profit": NaN,
        "Operating Income": NaN,
        "EBIT": NaN,
        "Net Income": NaN
    },
    "2009-04-30": {
        "Diluted EPS": 0.23,
        "Total Revenue": NaN,
        "Gross Profit": NaN,
        "Operating Income": NaN,
        "EBIT": NaN,
        "Net Income": NaN
    },
    "2009-01-31": {
        "Diluted EPS": 0.26,
        "Total Revenue": NaN,
        "Gross Profit": NaN,
        "Operating Income": NaN,
        "EBIT": NaN,
        "Net Income": NaN
    },
    "2023-07-31": {
        "Tax Effect Of Unusual Items": NaN,
        "Tax Rate For Calcs": NaN,
        "Normalized EBITDA": NaN,
        "Total Unusual Items": NaN,
        "Total Unusual Items Excluding Goodwill": NaN,
        "Net Income From Continuing Operation Net Minority Interest": NaN,
        "Reconciled Depreciation": NaN,
        "Reconciled Cost Of Revenue": NaN,
        "EBITDA": NaN,
        "EBIT": NaN,
        "Net Interest Income": NaN,
        "Interest Expense": NaN,
        "Interest Income": NaN,
        "Normalized Income": NaN,
        "Net Income From Continuing And Discontinued Operation": NaN,
        "Total Expenses": NaN,
        "Total Operating Income As Reported": NaN,
        "Diluted Average Shares": 4093000000.0,
        "Basic Average Shares": 4071000000.0,
        "Diluted EPS": 0.97,
        "Basic EPS": 0.97,
        "Diluted NI Availto Com Stockholders": NaN,
        "Net Income Common Stockholders": NaN,
        "Net Income": NaN,
        "Net Income Including Noncontrolling Interests": NaN,
        "Net Income Continuous Operations": NaN,
        "Tax Provision": NaN,
        "Pretax Income": NaN,
        "Other Income Expense": NaN,
        "Other Non Operating Income Expenses": NaN,
        "Special Income Charges": NaN,
        "Restructuring And Mergern Acquisition": NaN,
        "Gain On Sale Of Security": NaN,
        "Net Non Operating Interest Income Expense": NaN,
        "Interest Expense Non Operating": NaN,
        "Interest Income Non Operating": NaN,
        "Operating Income": NaN,
        "Operating Expense": NaN,
        "Depreciation Amortization Depletion Income Statement": NaN,
        "Depreciation And Amortization In Income Statement": NaN,
        "Amortization": NaN,
        "Amortization Of Intangibles Income Statement": NaN,
        "Research And Development": NaN,
        "Selling General And Administration": NaN,
        "Selling And Marketing Expense": NaN,
        "General And Administrative Expense": NaN,
        "Other Gand A": NaN,
        "Gross Profit": NaN,
        "Cost Of Revenue": NaN,
        "Total Revenue": NaN,
        "Operating Revenue": NaN
    },
    "2023-10-31": {
        "Tax Effect Of Unusual Items": -35113912.651959,
        "Tax Rate For Calcs": 0.181,
        "Normalized EBITDA": 5148000000.0,
        "Total Unusual Items": -194000000.0,
        "Total Unusual Items Excluding Goodwill": -194000000.0,
        "Net Income From Continuing Operation Net Minority Interest": 3638000000.0,
        "Reconciled Depreciation": 401000000.0,
        "Reconciled Cost Of Revenue": 4777000000.0,
        "EBITDA": 4954000000.0,
        "EBIT": 4553000000.0,
        "Net Interest Income": 249000000.0,
        "Interest Expense": 111000000.0,
        "Interest Income": 360000000.0,
        "Normalized Income": 3796886087.348041,
        "Net Income From Continuing And Discontinued Operation": 3638000000.0,
        "Total Expenses": 10269000000.0,
        "Total Operating Income As Reported": 4276000000.0,
        "Diluted Average Shares": 4087000000.0,
        "Basic Average Shares": 4057000000.0,
        "Diluted EPS": 0.89,
        "Basic EPS": 0.9,
        "Diluted NI Availto Com Stockholders": 3638000000.0,
        "Net Income Common Stockholders": 3638000000.0,
        "Net Income": 3638000000.0,
        "Net Income Including Noncontrolling Interests": 3638000000.0,
        "Net Income Continuous Operations": 3638000000.0,
        "Tax Provision": 804000000.0,
        "Pretax Income": 4442000000.0,
        "Other Income Expense": -206000000.0,
        "Other Non Operating Income Expenses": -12000000.0,
        "Special Income Charges": -123000000.0,
        "Restructuring And Mergern Acquisition": 123000000.0,
        "Gain On Sale Of Security": -71000000.0,
        "Net Non Operating Interest Income Expense": 249000000.0,
        "Interest Expense Non Operating": 111000000.0,
        "Interest Income Non Operating": 360000000.0,
        "Operating Income": 4399000000.0,
        "Operating Expense": 5158000000.0,
        "Depreciation Amortization Depletion Income Statement": 67000000.0,
        "Depreciation And Amortization In Income Statement": 67000000.0,
        "Amortization": 67000000.0,
        "Amortization Of Intangibles Income Statement": 67000000.0,
        "Research And Development": 1913000000.0,
        "Selling General And Administration": 3178000000.0,
        "Selling And Marketing Expense": 2506000000.0,
        "General And Administrative Expense": 672000000.0,
        "Other Gand A": 672000000.0,
        "Gross Profit": 9557000000.0,
        "Cost Of Revenue": 5111000000.0,
        "Total Revenue": 14668000000.0,
        "Operating Revenue": 14668000000.0
    },
    "2024-01-31": {
        "Tax Effect Of Unusual Items": -20541000.0,
        "Tax Rate For Calcs": 0.167,
        "Normalized EBITDA": 3826000000.0,
        "Total Unusual Items": -123000000.0,
        "Total Unusual Items Excluding Goodwill": -123000000.0,
        "Net Income From Continuing Operation Net Minority Interest": 2634000000.0,
        "Reconciled Depreciation": 422000000.0,
        "Reconciled Cost Of Revenue": 4218000000.0,
        "EBITDA": NaN,
        "EBIT": 3281000000.0,
        "Net Interest Income": 204000000.0,
        "Interest Expense": 120000000.0,
        "Interest Income": 324000000.0,
        "Normalized Income": 2736459000.0,
        "Net Income From Continuing And Discontinued Operation": 2634000000.0,
        "Total Expenses": 9683000000.0,
        "Total Operating Income As Reported": 3096000000.0,
        "Diluted Average Shares": 4073000000.0,
        "Basic Average Shares": 4055000000.0,
        "Diluted EPS": 0.65,
        "Basic EPS": 0.65,
        "Diluted NI Availto Com Stockholders": 2634000000.0,
        "Net Income Common Stockholders": 2634000000.0,
        "Net Income": 2634000000.0,
        "Net Income Including Noncontrolling Interests": 2634000000.0,
        "Net Income Continuous Operations": 2634000000.0,
        "Tax Provision": 527000000.0,
        "Pretax Income": 3161000000.0,
        "Other Income Expense": -151000000.0,
        "Other Non Operating Income Expenses": -28000000.0,
        "Special Income Charges": -12000000.0,
        "Restructuring And Mergern Acquisition": 12000000.0,
        "Gain On Sale Of Security": -111000000.0,
        "Net Non Operating Interest Income Expense": 204000000.0,
        "Interest Expense Non Operating": 120000000.0,
        "Interest Income Non Operating": 324000000.0,
        "Operating Income": 3108000000.0,
        "Operating Expense": 5109000000.0,
        "Depreciation Amortization Depletion Income Statement": 66000000.0,
        "Depreciation And Amortization In Income Statement": 66000000.0,
        "Amortization": 66000000.0,
        "Amortization Of Intangibles Income Statement": 66000000.0,
        "Research And Development": 1943000000.0,
        "Selling General And Administration": 3100000000.0,
        "Selling And Marketing Expense": 2458000000.0,
        "General And Administrative Expense": 642000000.0,
        "Other Gand A": 642000000.0,
        "Gross Profit": 8217000000.0,
        "Cost Of Revenue": 4574000000.0,
        "Total Revenue": 12791000000.0,
        "Operating Revenue": 12791000000.0
    },
    "2024-04-30": {
        "Tax Effect Of Unusual Items": NaN,
        "Tax Rate For Calcs": NaN,
        "Normalized EBITDA": NaN,
        "Total Unusual Items": NaN,
        "Total Unusual Items Excluding Goodwill": NaN,
        "Net Income From Continuing Operation Net Minority Interest": NaN,
        "Reconciled Depreciation": NaN,
        "Reconciled Cost Of Revenue": NaN,
        "EBITDA": NaN,
        "EBIT": NaN,
        "Net Interest Income": NaN,
        "Interest Expense": NaN,
        "Interest Income": NaN,
        "Normalized Income": NaN,
        "Net Income From Continuing And Discontinued Operation": NaN,
        "Total Expenses": NaN,
        "Total Operating Income As Reported": NaN,
        "Diluted Average Shares": 4060000000.0,
        "Basic Average Shares": 4042000000.0,
        "Diluted EPS": 0.46,
        "Basic EPS": 0.47,
        "Diluted NI Availto Com Stockholders": NaN,
        "Net Income Common Stockholders": NaN,
        "Net Income": NaN,
        "Net Income Including Noncontrolling Interests": NaN,
        "Net Income Continuous Operations": NaN,
        "Tax Provision": NaN,
        "Pretax Income": NaN,
        "Other Income Expense": NaN,
        "Other Non Operating Income Expenses": NaN,
        "Special Income Charges": NaN,
        "Restructuring And Mergern Acquisition": NaN,
        "Gain On Sale Of Security": NaN,
        "Net Non Operating Interest Income Expense": NaN,
        "Interest Expense Non Operating": NaN,
        "Interest Income Non Operating": NaN,
        "Operating Income": NaN,
        "Operating Expense": NaN,
        "Depreciation Amortization Depletion Income Statement": NaN,
        "Depreciation And Amortization In Income Statement": NaN,
        "Amortization": NaN,
        "Amortization Of Intangibles Income Statement": NaN,
        "Research And Development": NaN,
        "Selling General And Administration": NaN,
        "Selling And Marketing Expense": NaN,
        "General And Administrative Expense": NaN,
        "Other Gand A": NaN,
        "Gross Profit": NaN,
        "Cost Of Revenue": NaN,
        "Total Revenue": NaN,
        "Operating Revenue": NaN
    },
    "2024-07-31": {
        "Tax Effect Of Unusual Items": -9082637.729549,
        "Tax Rate For Calcs": 0.097663,
        "Normalized EBITDA": 3730000000.0,
        "Total Unusual Items": -93000000.0,
        "Total Unusual Items Excluding Goodwill": -93000000.0,
        "Net Income From Continuing Operation Net Minority Interest": 2162000000.0,
        "Reconciled Depreciation": 823000000.0,
        "Reconciled Cost Of Revenue": 4306000000.0,
        "EBITDA": 3637000000.0,
        "EBIT": 2814000000.0,
        "Net Interest Income": -148000000.0,
        "Interest Expense": 418000000.0,
        "Interest Income": 270000000.0,
        "Normalized Income": 2245917362.270451,
        "Net Income From Continuing And Discontinued Operation": 2162000000.0,
        "Total Expenses": 10912000000.0,
        "Total Operating Income As Reported": 2618000000.0,
        "Diluted Average Shares": 4035000000.0,
        "Basic Average Shares": 4018000000.0,
        "Diluted EPS": 0.54,
        "Basic EPS": 0.54,
        "Diluted NI Availto Com Stockholders": 2162000000.0,
        "Net Income Common Stockholders": 2162000000.0,
        "Net Income": 2162000000.0,
        "Net Income Including Noncontrolling Interests": 2162000000.0,
        "Net Income Continuous Operations": 2162000000.0,
        "Tax Provision": 234000000.0,
        "Pretax Income": 2396000000.0,
        "Other Income Expense": -186000000.0,
        "Other Non Operating Income Expenses": -93000000.0,
        "Special Income Charges": -112000000.0,
        "Restructuring And Mergern Acquisition": 112000000.0,
        "Gain On Sale Of Security": 19000000.0,
        "Net Non Operating Interest Income Expense": -148000000.0,
        "Interest Expense Non Operating": 418000000.0,
        "Interest Income Non Operating": 270000000.0,
        "Operating Income": 2730000000.0,
        "Operating Expense": 6051000000.0,
        "Depreciation Amortization Depletion Income Statement": 268000000.0,
        "Depreciation And Amortization In Income Statement": 268000000.0,
        "Amortization": 268000000.0,
        "Amortization Of Intangibles Income Statement": 268000000.0,
        "Research And Development": 2179000000.0,
        "Selling General And Administration": 3604000000.0,
        "Selling And Marketing Expense": 2841000000.0,
        "General And Administrative Expense": 763000000.0,
        "Other Gand A": 763000000.0,
        "Gross Profit": 8781000000.0,
        "Cost Of Revenue": 4861000000.0,
        "Total Revenue": 13642000000.0,
        "Operating Revenue": 13642000000.0
    },
    "2024-10-31": {
        "Tax Effect Of Unusual Items": -124320000.0,
        "Tax Rate For Calcs": 0.21,
        "Normalized EBITDA": 4066000000.0,
        "Total Unusual Items": -592000000.0,
        "Total Unusual Items Excluding Goodwill": -592000000.0,
        "Net Income From Continuing Operation Net Minority Interest": 2711000000.0,
        "Reconciled Depreciation": 789000000.0,
        "Reconciled Cost Of Revenue": 4196000000.0,
        "EBITDA": 3474000000.0,
        "EBIT": 2685000000.0,
        "Net Interest Income": -132000000.0,
        "Interest Expense": 418000000.0,
        "Interest Income": 286000000.0,
        "Normalized Income": 3178680000.0,
        "Net Income From Continuing And Discontinued Operation": 2711000000.0,
        "Total Expenses": 10818000000.0,
        "Total Operating Income As Reported": 2358000000.0,
        "Diluted Average Shares": 4013000000.0,
        "Basic Average Shares": 3990000000.0,
        "Diluted EPS": 0.68,
        "Basic EPS": 0.68,
        "Diluted NI Availto Com Stockholders": 2711000000.0,
        "Net Income Common Stockholders": 2711000000.0,
        "Net Income": 2711000000.0,
        "Net Income Including Noncontrolling Interests": 2711000000.0,
        "Net Income Continuous Operations": 2711000000.0,
        "Tax Provision": -444000000.0,
        "Pretax Income": 2267000000.0,
        "Other Income Expense": -624000000.0,
        "Other Non Operating Income Expenses": -32000000.0,
        "Special Income Charges": -665000000.0,
        "Restructuring And Mergern Acquisition": 665000000.0,
        "Gain On Sale Of Security": 73000000.0,
        "Net Non Operating Interest Income Expense": -132000000.0,
        "Interest Expense Non Operating": 418000000.0,
        "Interest Income Non Operating": 286000000.0,
        "Operating Income": 3023000000.0,
        "Operating Expense": 6098000000.0,
        "Depreciation Amortization Depletion Income Statement": 265000000.0,
        "Depreciation And Amortization In Income Statement": 265000000.0,
        "Amortization": 265000000.0,
        "Amortization Of Intangibles Income Statement": 265000000.0,
        "Research And Development": 2286000000.0,
        "Selling General And Administration": 3547000000.0,
        "Selling And Marketing Expense": 2752000000.0,
        "General And Administrative Expense": 795000000.0,
        "Other Gand A": 795000000.0,
        "Gross Profit": 9121000000.0,
        "Cost Of Revenue": 4720000000.0,
        "Total Revenue": 13841000000.0,
        "Operating Revenue": 13841000000.0
    },
    "2025-01-31": {
        "Tax Effect Of Unusual Items": -5724000.0,
        "Tax Rate For Calcs": 0.159,
        "Normalized EBITDA": 4088000000.0,
        "Total Unusual Items": -36000000.0,
        "Total Unusual Items Excluding Goodwill": -36000000.0,
        "Net Income From Continuing Operation Net Minority Interest": 2428000000.0,
        "Reconciled Depreciation": 761000000.0,
        "Reconciled Cost Of Revenue": 4384000000.0,
        "EBITDA": 4052000000.0,
        "EBIT": 3291000000.0,
        "Net Interest Income": -166000000.0,
        "Interest Expense": 404000000.0,
        "Interest Income": 238000000.0,
        "Normalized Income": 2458276000.0,
        "Net Income From Continuing And Discontinued Operation": 2428000000.0,
        "Total Expenses": 10868000000.0,
        "Total Operating Income As Reported": 3113000000.0,
        "Diluted Average Shares": 4005000000.0,
        "Basic Average Shares": 3981000000.0,
        "Diluted EPS": 0.61,
        "Basic EPS": 0.61,
        "Diluted NI Availto Com Stockholders": 2428000000.0,
        "Net Income Common Stockholders": 2428000000.0,
        "Net Income": 2428000000.0,
        "Net Income Including Noncontrolling Interests": 2428000000.0,
        "Net Income Continuous Operations": 2428000000.0,
        "Tax Provision": 459000000.0,
        "Pretax Income": 2887000000.0,
        "Other Income Expense": -70000000.0,
        "Other Non Operating Income Expenses": -34000000.0,
        "Special Income Charges": -10000000.0,
        "Restructuring And Mergern Acquisition": 10000000.0,
        "Gain On Sale Of Security": -26000000.0,
        "Net Non Operating Interest Income Expense": -166000000.0,
        "Interest Expense Non Operating": 404000000.0,
        "Interest Income Non Operating": 238000000.0,
        "Operating Income": 3123000000.0,
        "Operating Expense": 5988000000.0,
        "Depreciation Amortization Depletion Income Statement": 265000000.0,
        "Depreciation And Amortization In Income Statement": 265000000.0,
        "Amortization": 265000000.0,
        "Amortization Of Intangibles Income Statement": 265000000.0,
        "Research And Development": 2299000000.0,
        "Selling General And Administration": 3424000000.0,
        "Selling And Marketing Expense": 2672000000.0,
        "General And Administrative Expense": 752000000.0,
        "Other Gand A": 752000000.0,
        "Gross Profit": 9111000000.0,
        "Cost Of Revenue": 4880000000.0,
        "Total Revenue": 13991000000.0,
        "Operating Revenue": 13991000000.0
    },
    "2025-04-30": {
        "Tax Effect Of Unusual Items": -13950000.0,
        "Tax Rate For Calcs": 0.155,
        "Normalized EBITDA": 4066000000.0,
        "Total Unusual Items": -90000000.0,
        "Total Unusual Items Excluding Goodwill": -90000000.0,
        "Net Income From Continuing Operation Net Minority Interest": 2491000000.0,
        "Reconciled Depreciation": 626000000.0,
        "Reconciled Cost Of Revenue": 4489000000.0,
        "EBITDA": 3976000000.0,
        "EBIT": 3350000000.0,
        "Net Interest Income": -153000000.0,
        "Interest Expense": 403000000.0,
        "Interest Income": 250000000.0,
        "Normalized Income": 2567050000.0,
        "Net Income From Continuing And Discontinued Operation": 2491000000.0,
        "Total Expenses": 10913000000.0,
        "Total Operating Income As Reported": 3202000000.0,
        "Diluted Average Shares": 4002000000.0,
        "Basic Average Shares": 3972000000.0,
        "Diluted EPS": 0.62,
        "Basic EPS": 0.63,
        "Diluted NI Availto Com Stockholders": 2491000000.0,
        "Net Income Common Stockholders": 2491000000.0,
        "Net Income": 2491000000.0,
        "Net Income Including Noncontrolling Interests": 2491000000.0,
        "Net Income Continuous Operations": 2491000000.0,
        "Tax Provision": 456000000.0,
        "Pretax Income": 2947000000.0,
        "Other Income Expense": -136000000.0,
        "Other Non Operating Income Expenses": -46000000.0,
        "Special Income Charges": -34000000.0,
        "Restructuring And Mergern Acquisition": 34000000.0,
        "Gain On Sale Of Security": -56000000.0,
        "Net Non Operating Interest Income Expense": -153000000.0,
        "Interest Expense Non Operating": 403000000.0,
        "Interest Income Non Operating": 250000000.0,
        "Operating Income": 3236000000.0,
        "Operating Expense": 6042000000.0,
        "Depreciation Amortization Depletion Income Statement": 244000000.0,
        "Depreciation And Amortization In Income Statement": 244000000.0,
        "Amortization": 244000000.0,
        "Amortization Of Intangibles Income Statement": 244000000.0,
        "Research And Development": 2335000000.0,
        "Selling General And Administration": 3463000000.0,
        "Selling And Marketing Expense": 2724000000.0,
        "General And Administrative Expense": 739000000.0,
        "Other Gand A": 739000000.0,
        "Gross Profit": 9278000000.0,
        "Cost Of Revenue": 4871000000.0,
        "Total Revenue": 14149000000.0,
        "Operating Revenue": 14149000000.0
    },
    "2025-07-31": {
        "Tax Effect Of Unusual Items": 8384128.042681,
        "Tax Rate For Calcs": 0.149717,
        "Normalized EBITDA": 3946000000.0,
        "Total Unusual Items": 56000000.0,
        "Total Unusual Items Excluding Goodwill": 56000000.0,
        "Net Income From Continuing Operation Net Minority Interest": 2550000000.0,
        "Reconciled Depreciation": 635000000.0,
        "Reconciled Cost Of Revenue": 5012000000.0,
        "EBITDA": 4002000000.0,
        "EBIT": 3367000000.0,
        "Net Interest Income": -141000000.0,
        "Interest Expense": 368000000.0,
        "Interest Income": 227000000.0,
        "Normalized Income": 2502384128.042681,
        "Net Income From Continuing And Discontinued Operation": 2550000000.0,
        "Total Expenses": 11551000000.0,
        "Total Operating Income As Reported": 3087000000.0,
        "Diluted Average Shares": 3992000000.0,
        "Basic Average Shares": 3960000000.0,
        "Diluted EPS": 0.71,
        "Basic EPS": 0.71,
        "Diluted NI Availto Com Stockholders": 2550000000.0,
        "Net Income Common Stockholders": 2550000000.0,
        "Net Income": 2550000000.0,
        "Net Income Including Noncontrolling Interests": 2550000000.0,
        "Net Income Continuous Operations": 2550000000.0,
        "Tax Provision": 449000000.0,
        "Pretax Income": 2999000000.0,
        "Other Income Expense": 18000000.0,
        "Other Non Operating Income Expenses": -38000000.0,
        "Special Income Charges": -35000000.0,
        "Restructuring And Mergern Acquisition": 35000000.0,
        "Gain On Sale Of Security": 91000000.0,
        "Net Non Operating Interest Income Expense": -141000000.0,
        "Interest Expense Non Operating": 368000000.0,
        "Interest Income Non Operating": 227000000.0,
        "Operating Income": 3122000000.0,
        "Operating Expense": 6158000000.0,
        "Depreciation Amortization Depletion Income Statement": 254000000.0,
        "Depreciation And Amortization In Income Statement": 254000000.0,
        "Amortization": 254000000.0,
        "Amortization Of Intangibles Income Statement": 254000000.0,
        "Research And Development": 2380000000.0,
        "Selling General And Administration": 3524000000.0,
        "Selling And Marketing Expense": 2818000000.0,
        "General And Administrative Expense": 706000000.0,
        "Other Gand A": 706000000.0,
        "Gross Profit": 9280000000.0,
        "Cost Of Revenue": 5393000000.0,
        "Total Revenue": 14673000000.0,
        "Operating Revenue": 14673000000.0
    }
}