{
    "2023-06-30": {
        "Tax Effect Of Unusual Items": 2888888.888889,
        "Tax Rate For Calcs": 0.240741,
        "Normalized EBITDA": 1891000000.0,
        "Total Unusual Items": 12000000.0,
        "Total Unusual Items Excluding Goodwill": 12000000.0,
        "Net Income From Continuing Operation Net Minority Interest": 984000000.0,
        "Reconciled Depreciation": 406000000.0,
        "Reconciled Cost Of Revenue": 2245000000.0,
        "EBITDA": 1903000000.0,
        "EBIT": 1497000000.0,
        "Net Interest Income": -201000000.0,
        "Interest Expense": 201000000.0,
        "Normalized Income": 974888888.888889,
        "Net Income From Continuing And Discontinued Operation": 984000000.0,
        "Total Expenses": 2245000000.0,
        "Rent Expense Supplemental": 90000000.0,
        "Total Operating Income As Reported": 1466000000.0,
        "Diluted Average Shares": 2025000000.0,
        "Basic Average Shares": 2020000000.0,
        "Diluted EPS": 0.49,
        "Basic EPS": 0.49,
        "Diluted NI Availto Com Stockholders": 984000000.0,
        "Net Income Common Stockholders": 984000000.0,
        "Net Income": 984000000.0,
        "Net Income Including Noncontrolling Interests": 984000000.0,
        "Net Income Continuous Operations": 984000000.0,
        "Tax Provision": 312000000.0,
        "Pretax Income": 1296000000.0,
        "Other Income Expense": 43000000.0,
        "Other Non Operating Income Expenses": 31000000.0,
        "Special Income Charges": 12000000.0,
        "Gain On Sale Of Ppe": 12000000.0,
        "Net Non Operating Interest Income Expense": -201000000.0,
        "Interest Expense Non Operating": 201000000.0,
        "Operating Income": 1454000000.0,
        "Gross Profit": 1454000000.0,
        "Cost Of Revenue": 2245000000.0,
        "Total Revenue": 3699000000.0,
        "Operating Revenue": 3552000000.0
    },
    "2023-03-31": {
        "Tax Effect Of Unusual Items": 1944785.276074,
        "Tax Rate For Calcs": 0.243098,
        "Normalized EBITDA": 1890000000.0,
        "Total Unusual Items": 8000000.0,
        "Total Unusual Items Excluding Goodwill": 8000000.0,
        "Net Income From Continuing Operation Net Minority Interest": 987000000.0,
        "Reconciled Depreciation": 393000000.0,
        "Reconciled Cost Of Revenue": 2250000000.0,
        "EBITDA": 1898000000.0,
        "EBIT": 1505000000.0,
        "Net Interest Income": -201000000.0,
        "Interest Expense": 201000000.0,
        "Normalized Income": 980944785.276074,
        "Net Income From Continuing And Discontinued Operation": 987000000.0,
        "Total Expenses": 2250000000.0,
        "Rent Expense Supplemental": 82000000.0,
        "Total Operating Income As Reported": 1464000000.0,
        "Diluted Average Shares": 2058000000.0,
        "Basic Average Shares": 2054000000.0,
        "Diluted EPS": 0.48,
        "Basic EPS": 0.48,
        "Diluted NI Availto Com Stockholders": 987000000.0,
        "Net Income Common Stockholders": 987000000.0,
        "Net Income": 987000000.0,
        "Net Income Including Noncontrolling Interests": 987000000.0,
        "Net Income Continuous Operations": 987000000.0,
        "Tax Provision": 317000000.0,
        "Pretax Income": 1304000000.0,
        "Other Income Expense": 49000000.0,
        "Other Non Operating Income Expenses": 41000000.0,
        "Special Income Charges": 8000000.0,
        "Gain On Sale Of Ppe": 8000000.0,
        "Net Non Operating Interest Income Expense": -201000000.0,
        "Interest Expense Non Operating": 201000000.0,
        "Operating Income": 1456000000.0,
        "Gross Profit": 1456000000.0,
        "Cost Of Revenue": 2250000000.0,
        "Total Revenue": 3706000000.0,
        "Operating Revenue": 3528000000.0
    },
    "2022-12-31": {
        "Tax Effect Of Unusual Items": 12062883.435583,
        "Tax Rate For Calcs": 0.219325,
        "Normalized EBITDA": 1841000000.0,
        "Total Unusual Items": 55000000.0,
        "Total Unusual Items Excluding Goodwill": 55000000.0,
        "Net Income From Continuing Operation Net Minority Interest": 1018000000.0,
        "Reconciled Depreciation": 393000000.0,
        "Reconciled Cost Of Revenue": 2326000000.0,
        "EBITDA": 1896000000.0,
        "EBIT": 1503000000.0,
        "Net Interest Income": -157000000.0,
        "Interest Expense": 199000000.0,
        "Normalized Income": 975062883.435583,
        "Net Income From Continuing And Discontinued Operation": 1018000000.0,
        "Total Expenses": 2247000000.0,
        "Rent Expense Supplemental": 97000000.0,
        "Total Operating Income As Reported": 1459000000.0,
        "Diluted Average Shares": 2085000000.0,
        "Basic Average Shares": 2066000000.0,
        "Diluted EPS": 0.49,
        "Basic EPS": 0.49274,
        "Diluted NI Availto Com Stockholders": 1018000000.0,
        "Net Income Common Stockholders": 1018000000.0,
        "Net Income": 1018000000.0,
        "Net Income Including Noncontrolling Interests": 1018000000.0,
        "Net Income Continuous Operations": 1018000000.0,
        "Tax Provision": 286000000.0,
        "Pretax Income": 1304000000.0,
        "Other Income Expense": -22000000.0,
        "Other Non Operating Income Expenses": -77000000.0,
        "Special Income Charges": 55000000.0,
        "Gain On Sale Of Ppe": 55000000.0,
        "Net Non Operating Interest Income Expense": -157000000.0,
        "Interest Expense Non Operating": 199000000.0,
        "Operating Income": 1483000000.0,
        "Gross Profit": 1404000000.0,
        "Cost Of Revenue": 2326000000.0,
        "Total Revenue": 3730000000.0,
        "Operating Revenue": 3499000000.0
    },
    "2022-09-30": {
        "Tax Effect Of Unusual Items": 5919887.56149,
        "Tax Rate For Calcs": 0.219255,
        "Normalized EBITDA": 1967000000.0,
        "Total Unusual Items": 27000000.0,
        "Total Unusual Items Excluding Goodwill": 27000000.0,
        "Net Income From Continuing Operation Net Minority Interest": 1111000000.0,
        "Reconciled Depreciation": 378000000.0,
        "Reconciled Cost Of Revenue": 2343000000.0,
        "EBITDA": 1994000000.0,
        "EBIT": 1616000000.0,
        "Net Interest Income": -193000000.0,
        "Interest Expense": 193000000.0,
        "Normalized Income": 1089919887.56149,
        "Net Income From Continuing And Discontinued Operation": 1111000000.0,
        "Total Expenses": 2343000000.0,
        "Rent Expense Supplemental": 104000000.0,
        "Total Operating Income As Reported": 1579000000.0,
        "Diluted Average Shares": 2126000000.0,
        "Basic Average Shares": 2122000000.0,
        "Diluted EPS": 0.52,
        "Basic EPS": 0.52,
        "Diluted NI Availto Com Stockholders": 1111000000.0,
        "Net Income Common Stockholders": 1111000000.0,
        "Net Income": 1111000000.0,
        "Net Income Including Noncontrolling Interests": 1111000000.0,
        "Net Income Continuous Operations": 1111000000.0,
        "Tax Provision": 312000000.0,
        "Pretax Income": 1423000000.0,
        "Other Income Expense": 64000000.0,
        "Other Non Operating Income Expenses": 37000000.0,
        "Special Income Charges": 27000000.0,
        "Gain On Sale Of Ppe": 27000000.0,
        "Net Non Operating Interest Income Expense": -193000000.0,
        "Interest Expense Non Operating": 193000000.0,
        "Operating Income": 1552000000.0,
        "Gross Profit": 1552000000.0,
        "Cost Of Revenue": 2343000000.0,
        "Total Revenue": 3895000000.0,
        "Operating Revenue": 3622000000.0
    },
    "2022-06-30": {
        "Tax Effect Of Unusual Items": 31463414.634146,
        "Tax Rate For Calcs": 0.243902,
        "Normalized EBITDA": 1969000000.0,
        "Total Unusual Items": 129000000.0,
        "Total Unusual Items Excluding Goodwill": 129000000.0,
        "Net Income From Continuing Operation Net Minority Interest": 1178000000.0,
        "Reconciled Depreciation": 369000000.0,
        "Reconciled Cost Of Revenue": 2241000000.0,
        "EBITDA": 2098000000.0,
        "EBIT": 1729000000.0,
        "Net Interest Income": -171000000.0,
        "Interest Expense": 171000000.0,
        "Normalized Income": 1080463414.634146,
        "Net Income From Continuing And Discontinued Operation": 1178000000.0,
        "Total Expenses": 2241000000.0,
        "Rent Expense Supplemental": 95000000.0,
        "Total Operating Income As Reported": 1703000000.0,
        "Diluted Average Shares": 2163000000.0,
        "Basic Average Shares": 2158000000.0,
        "Diluted EPS": 0.54,
        "Basic EPS": 0.55,
        "Diluted NI Availto Com Stockholders": 1178000000.0,
        "Net Income Common Stockholders": 1178000000.0,
        "Net Income": 1178000000.0,
        "Net Income Including Noncontrolling Interests": 1178000000.0,
        "Net Income Continuous Operations": 1178000000.0,
        "Tax Provision": 380000000.0,
        "Pretax Income": 1558000000.0,
        "Other Income Expense": 155000000.0,
        "Other Non Operating Income Expenses": 26000000.0,
        "Special Income Charges": 129000000.0,
        "Gain On Sale Of Ppe": 129000000.0,
        "Net Non Operating Interest Income Expense": -171000000.0,
        "Interest Expense Non Operating": 171000000.0,
        "Operating Income": 1574000000.0,
        "Gross Profit": 1574000000.0,
        "Cost Of Revenue": 2241000000.0,
        "Total Revenue": 3815000000.0,
        "Operating Revenue": 3613000000.0
    },
    "2022-03-31": {
        "Diluted EPS": 0.39,
        "Total Revenue": NaN,
        "Gross Profit": NaN,
        "Operating Income": NaN,
        "EBIT": NaN,
        "Net Income": 859
    },
    "2021-12-31": {
        "Diluted EPS": 0.42,
        "Total Revenue": NaN,
        "Gross Profit": NaN,
        "Operating Income": NaN,
        "EBIT": NaN,
        "Net Income": 934
    },
    "2021-09-30": {
        "Diluted EPS": 0.43,
        "Total Revenue": NaN,
        "Gross Profit": NaN,
        "Operating Income": NaN,
        "EBIT": NaN,
        "Net Income": 968
    },
    "2021-06-30": {
        "Diluted EPS": 0.52,
        "Total Revenue": NaN,
        "Gross Profit": NaN,
        "Operating Income": NaN,
        "EBIT": NaN,
        "Net Income": NaN
    },
    "2021-03-31": {
        "Diluted EPS": 0.31,
        "Total Revenue": NaN,
        "Gross Profit": NaN,
        "Operating Income": NaN,
        "EBIT": NaN,
        "Net Income": 706
    },
    "2020-12-31": {
        "Diluted EPS": 0.33,
        "Total Revenue": NaN,
        "Gross Profit": NaN,
        "Operating Income": NaN,
        "EBIT": NaN,
        "Net Income": 760
    },
    "2020-09-30": {
        "Diluted EPS": 0.32,
        "Total Revenue": NaN,
        "Gross Profit": NaN,
        "Operating Income": NaN,
        "EBIT": NaN,
        "Net Income": 736
    },
    "2020-06-30": {
        "Diluted EPS": 0.22,
        "Total Revenue": NaN,
        "Gross Profit": NaN,
        "Operating Income": 828,
        "EBIT": NaN,
        "Net Income": 499
    },
    "2020-03-31": {
        "Diluted EPS": 0.33,
        "Total Revenue": NaN,
        "Gross Profit": NaN,
        "Operating Income": NaN,
        "EBIT": NaN,
        "Net Income": 770
    },
    "2019-12-31": {
        "Diluted EPS": 0.33,
        "Total Revenue": NaN,
        "Gross Profit": NaN,
        "Operating Income": NaN,
        "EBIT": NaN,
        "Net Income": 771
    },
    "2019-09-30": {
        "Diluted EPS": 0.36,
        "Total Revenue": NaN,
        "Gross Profit": NaN,
        "Operating Income": NaN,
        "EBIT": NaN,
        "Net Income": 856
    },
    "2019-06-30": {
        "Diluted EPS": 0.36,
        "Total Revenue": NaN,
        "Gross Profit": NaN,
        "Operating Income": NaN,
        "EBIT": NaN,
        "Net Income": 870
    },
    "2019-03-31": {
        "Diluted EPS": 0.34,
        "Total Revenue": NaN,
        "Gross Profit": NaN,
        "Operating Income": NaN,
        "EBIT": NaN,
        "Net Income": 834
    },
    "2018-12-31": {
        "Diluted EPS": 0.33,
        "Total Revenue": NaN,
        "Gross Profit": NaN,
        "Operating Income": NaN,
        "EBIT": NaN,
        "Net Income": 843
    },
    "2018-09-30": {
        "Diluted EPS": 0.35,
        "Total Revenue": NaN,
        "Gross Profit": NaN,
        "Operating Income": NaN,
        "EBIT": NaN,
        "Net Income": 894
    },
    "2018-06-30": {
        "Diluted EPS": 0.34,
        "Total Revenue": NaN,
        "Gross Profit": NaN,
        "Operating Income": NaN,
        "EBIT": NaN,
        "Net Income": 877
    },
    "2018-03-31": {
        "Diluted EPS": 0.26,
        "Total Revenue": NaN,
        "Gross Profit": NaN,
        "Operating Income": NaN,
        "EBIT": NaN,
        "Net Income": 695
    },
    "2017-12-31": {
        "Diluted EPS": 1.51,
        "Total Revenue": NaN,
        "Gross Profit": NaN,
        "Operating Income": NaN,
        "EBIT": NaN,
        "Net Income": NaN
    },
    "2017-09-30": {
        "Diluted EPS": 0.17,
        "Total Revenue": NaN,
        "Gross Profit": NaN,
        "Operating Income": 868,
        "EBIT": NaN,
        "Net Income": 459
    },
    "2017-06-30": {
        "Diluted EPS": 0.18,
        "Total Revenue": NaN,
        "Gross Profit": NaN,
        "Operating Income": 957,
        "EBIT": NaN,
        "Net Income": 510
    },
    "2017-03-31": {
        "Diluted EPS": 0.13,
        "Total Revenue": NaN,
        "Gross Profit": NaN,
        "Operating Income": 769,
        "EBIT": NaN,
        "Net Income": 362
    },
    "2016-12-31": {
        "Diluted EPS": 0.16,
        "Total Revenue": NaN,
        "Gross Profit": NaN,
        "Operating Income": NaN,
        "EBIT": NaN,
        "Net Income": 458
    },
    "2016-09-30": {
        "Diluted EPS": 0.16,
        "Total Revenue": NaN,
        "Gross Profit": NaN,
        "Operating Income": 841,
        "EBIT": NaN,
        "Net Income": 455
    },
    "2016-06-30": {
        "Diluted EPS": 0.16,
        "Total Revenue": NaN,
        "Gross Profit": NaN,
        "Operating Income": 840,
        "EBIT": NaN,
        "Net Income": 445
    },
    "2016-03-31": {
        "Diluted EPS": 0.12,
        "Total Revenue": NaN,
        "Gross Profit": NaN,
        "Operating Income": 704,
        "EBIT": NaN,
        "Net Income": 356
    },
    "2015-12-31": {
        "Diluted EPS": 0.16,
        "Total Revenue": NaN,
        "Gross Profit": NaN,
        "Operating Income": 791,
        "EBIT": NaN,
        "Net Income": 466
    },
    "2015-09-30": {
        "Diluted EPS": 0.17,
        "Total Revenue": NaN,
        "Gross Profit": NaN,
        "Operating Income": 933,
        "EBIT": NaN,
        "Net Income": 507
    },
    "2015-06-30": {
        "Diluted EPS": 0.19,
        "Total Revenue": NaN,
        "Gross Profit": NaN,
        "Operating Income": NaN,
        "EBIT": NaN,
        "Net Income": 553
    },
    "2015-03-31": {
        "Diluted EPS": 0.15,
        "Total Revenue": NaN,
        "Gross Profit": NaN,
        "Operating Income": 843,
        "EBIT": NaN,
        "Net Income": 442
    },
    "2014-12-31": {
        "Diluted EPS": 0.16,
        "Total Revenue": NaN,
        "Gross Profit": NaN,
        "Operating Income": 901,
        "EBIT": NaN,
        "Net Income": 491
    },
    "2014-09-30": {
        "Diluted EPS": 0.17,
        "Total Revenue": NaN,
        "Gross Profit": NaN,
        "Operating Income": 976,
        "EBIT": NaN,
        "Net Income": 509
    },
    "2014-06-30": {
        "Diluted EPS": 0.18,
        "Total Revenue": NaN,
        "Gross Profit": NaN,
        "Operating Income": 997,
        "EBIT": NaN,
        "Net Income": 529
    },
    "2014-03-31": {
        "Diluted EPS": 0.13,
        "Total Revenue": NaN,
        "Gross Profit": NaN,
        "Operating Income": 739,
        "EBIT": NaN,
        "Net Income": 398
    },
    "2013-12-31": {
        "Diluted EPS": 0.14,
        "Total Revenue": NaN,
        "Gross Profit": NaN,
        "Operating Income": 813,
        "EBIT": NaN,
        "Net Income": 426
    },
    "2013-09-30": {
        "Diluted EPS": 0.15,
        "Total Revenue": NaN,
        "Gross Profit": NaN,
        "Operating Income": 840,
        "EBIT": NaN,
        "Net Income": 455
    },
    "2013-06-30": {
        "Diluted EPS": 0.17,
        "Total Revenue": NaN,
        "Gross Profit": NaN,
        "Operating Income": 940,
        "EBIT": NaN,
        "Net Income": 521
    },
    "2013-03-31": {
        "Diluted EPS": 0.15,
        "Total Revenue": NaN,
        "Gross Profit": NaN,
        "Operating Income": 880,
        "EBIT": NaN,
        "Net Income": 462
    },
    "2012-12-31": {
        "Diluted EPS": 0.14,
        "Total Revenue": NaN,
        "Gross Profit": NaN,
        "Operating Income": 811,
        "EBIT": NaN,
        "Net Income": 447
    },
    "2012-09-30": {
        "Diluted EPS": 0.15,
        "Total Revenue": NaN,
        "Gross Profit": NaN,
        "Operating Income": 854,
        "EBIT": NaN,
        "Net Income": 455
    },
    "2012-06-30": {
        "Diluted EPS": 0.16,
        "Total Revenue": NaN,
        "Gross Profit": NaN,
        "Operating Income": 943,
        "EBIT": NaN,
        "Net Income": 512
    },
    "2012-03-31": {
        "Diluted EPS": 0.14,
        "Total Revenue": NaN,
        "Gross Profit": NaN,
        "Operating Income": 856,
        "EBIT": NaN,
        "Net Income": 449
    },
    "2011-12-31": {
        "Diluted EPS": 0.15,
        "Total Revenue": NaN,
        "Gross Profit": NaN,
        "Operating Income": 893,
        "EBIT": NaN,
        "Net Income": 489
    },
    "2011-09-30": {
        "Diluted EPS": 0.14,
        "Total Revenue": NaN,
        "Gross Profit": NaN,
        "Operating Income": 878,
        "EBIT": NaN,
        "Net Income": 464
    },
    "2011-06-30": {
        "Diluted EPS": 0.15,
        "Total Revenue": NaN,
        "Gross Profit": NaN,
        "Operating Income": 926,
        "EBIT": NaN,
        "Net Income": 506
    },
    "2011-03-31": {
        "Diluted EPS": 0.12,
        "Total Revenue": NaN,
        "Gross Profit": NaN,
        "Operating Income": 773,
        "EBIT": NaN,
        "Net Income": 395
    },
    "2010-12-31": {
        "Diluted EPS": 0.12,
        "Total Revenue": NaN,
        "Gross Profit": NaN,
        "Operating Income": 846,
        "EBIT": NaN,
        "Net Income": 430
    },
    "2010-09-30": {
        "Diluted EPS": 0.12,
        "Total Revenue": NaN,
        "Gross Profit": NaN,
        "Operating Income": 825,
        "EBIT": NaN,
        "Net Income": 414
    },
    "2010-06-30": {
        "Diluted EPS": 0.12,
        "Total Revenue": NaN,
        "Gross Profit": NaN,
        "Operating Income": 768,
        "EBIT": 998,
        "Net Income": 414
    },
    "2010-03-31": {
        "Diluted EPS": 0.09,
        "Total Revenue": NaN,
        "Gross Profit": NaN,
        "Operating Income": 632,
        "EBIT": 860,
        "Net Income": 305
    },
    "2009-12-31": {
        "Diluted EPS": 0.08,
        "Total Revenue": NaN,
        "Gross Profit": NaN,
        "Operating Income": 577,
        "EBIT": 805,
        "Net Income": 302
    },
    "2009-09-30": {
        "Diluted EPS": 0.08,
        "Total Revenue": NaN,
        "Gross Profit": NaN,
        "Operating Income": 594,
        "EBIT": 818,
        "Net Income": 290
    },
    "2009-06-30": {
        "Diluted EPS": 0.09,
        "Total Revenue": NaN,
        "Gross Profit": NaN,
        "Operating Income": 577,
        "EBIT": 804,
        "Net Income": 305
    },
    "2009-03-31": {
        "Diluted EPS": 0.07,
        "Total Revenue": NaN,
        "Gross Profit": NaN,
        "Operating Income": 522,
        "EBIT": 746,
        "Net Income": 246
    },
    "2023-09-30": {
        "Tax Effect Of Unusual Items": NaN,
        "Tax Rate For Calcs": NaN,
        "Normalized EBITDA": NaN,
        "Total Unusual Items": NaN,
        "Total Unusual Items Excluding Goodwill": NaN,
        "Net Income From Continuing Operation Net Minority Interest": NaN,
        "Reconciled Depreciation": NaN,
        "Reconciled Cost Of Revenue": NaN,
        "EBITDA": NaN,
        "EBIT": NaN,
        "Net Interest Income": NaN,
        "Interest Expense": NaN,
        "Normalized Income": NaN,
        "Net Income From Continuing And Discontinued Operation": NaN,
        "Total Expenses": NaN,
        "Rent Expense Supplemental": NaN,
        "Total Operating Income As Reported": NaN,
        "Diluted Average Shares": 1999000000.0,
        "Basic Average Shares": 1994000000.0,
        "Diluted EPS": 0.41,
        "Basic EPS": 0.42,
        "Diluted NI Availto Com Stockholders": NaN,
        "Net Income Common Stockholders": NaN,
        "Net Income": NaN,
        "Net Income Including Noncontrolling Interests": NaN,
        "Net Income Continuous Operations": NaN,
        "Tax Provision": NaN,
        "Pretax Income": NaN,
        "Other Income Expense": NaN,
        "Other Non Operating Income Expenses": NaN,
        "Special Income Charges": NaN,
        "Gain On Sale Of Ppe": NaN,
        "Net Non Operating Interest Income Expense": NaN,
        "Interest Expense Non Operating": NaN,
        "Operating Income": NaN,
        "Gross Profit": NaN,
        "Cost Of Revenue": NaN,
        "Total Revenue": NaN,
        "Operating Revenue": NaN
    },
    "2023-12-31": {
        "Tax Effect Of Unusual Items": NaN,
        "Tax Rate For Calcs": NaN,
        "Normalized EBITDA": NaN,
        "Total Unusual Items": 8000000.0,
        "Total Unusual Items Excluding Goodwill": 8000000.0,
        "Net Income From Continuing Operation Net Minority Interest": NaN,
        "Reconciled Depreciation": NaN,
        "Reconciled Cost Of Revenue": NaN,
        "EBITDA": NaN,
        "EBIT": NaN,
        "Net Interest Income": NaN,
        "Interest Expense": NaN,
        "Normalized Income": NaN,
        "Net Income From Continuing And Discontinued Operation": NaN,
        "Total Expenses": NaN,
        "Rent Expense Supplemental": NaN,
        "Total Operating Income As Reported": NaN,
        "Diluted Average Shares": NaN,
        "Basic Average Shares": NaN,
        "Diluted EPS": NaN,
        "Basic EPS": NaN,
        "Diluted NI Availto Com Stockholders": NaN,
        "Net Income Common Stockholders": NaN,
        "Net Income": NaN,
        "Net Income Including Noncontrolling Interests": NaN,
        "Net Income Continuous Operations": NaN,
        "Tax Provision": NaN,
        "Pretax Income": NaN,
        "Other Income Expense": NaN,
        "Other Non Operating Income Expenses": NaN,
        "Special Income Charges": 8000000.0,
        "Gain On Sale Of Ppe": 8000000.0,
        "Net Non Operating Interest Income Expense": NaN,
        "Interest Expense Non Operating": NaN,
        "Operating Income": NaN,
        "Gross Profit": NaN,
        "Cost Of Revenue": NaN,
        "Total Revenue": NaN,
        "Operating Revenue": NaN
    },
    "2024-03-31": {
        "Tax Effect Of Unusual Items": NaN,
        "Tax Rate For Calcs": NaN,
        "Normalized EBITDA": NaN,
        "Total Unusual Items": 1000000.0,
        "Total Unusual Items Excluding Goodwill": 1000000.0,
        "Net Income From Continuing Operation Net Minority Interest": NaN,
        "Reconciled Depreciation": NaN,
        "Reconciled Cost Of Revenue": NaN,
        "EBITDA": NaN,
        "EBIT": NaN,
        "Net Interest Income": NaN,
        "Interest Expense": NaN,
        "Normalized Income": NaN,
        "Net Income From Continuing And Discontinued Operation": NaN,
        "Total Expenses": NaN,
        "Rent Expense Supplemental": NaN,
        "Total Operating Income As Reported": NaN,
        "Diluted Average Shares": NaN,
        "Basic Average Shares": NaN,
        "Diluted EPS": NaN,
        "Basic EPS": NaN,
        "Diluted NI Availto Com Stockholders": NaN,
        "Net Income Common Stockholders": NaN,
        "Net Income": NaN,
        "Net Income Including Noncontrolling Interests": NaN,
        "Net Income Continuous Operations": NaN,
        "Tax Provision": NaN,
        "Pretax Income": NaN,
        "Other Income Expense": NaN,
        "Other Non Operating Income Expenses": NaN,
        "Special Income Charges": 1000000.0,
        "Gain On Sale Of Ppe": 1000000.0,
        "Impairment Of Capital Assets": NaN,
        "Net Non Operating Interest Income Expense": NaN,
        "Interest Expense Non Operating": NaN,
        "Operating Income": NaN,
        "Gross Profit": NaN,
        "Cost Of Revenue": NaN,
        "Total Revenue": NaN,
        "Operating Revenue": NaN
    },
    "2024-06-30": {
        "Tax Effect Of Unusual Items": NaN,
        "Tax Rate For Calcs": NaN,
        "Normalized EBITDA": NaN,
        "Total Unusual Items": 8000000.0,
        "Total Unusual Items Excluding Goodwill": 8000000.0,
        "Net Income From Continuing Operation Net Minority Interest": NaN,
        "Reconciled Depreciation": NaN,
        "Reconciled Cost Of Revenue": NaN,
        "EBITDA": NaN,
        "EBIT": NaN,
        "Net Interest Income": NaN,
        "Interest Expense": NaN,
        "Normalized Income": NaN,
        "Net Income From Continuing And Discontinued Operation": NaN,
        "Total Expenses": NaN,
        "Rent Expense Supplemental": NaN,
        "Total Operating Income As Reported": NaN,
        "Diluted Average Shares": NaN,
        "Basic Average Shares": NaN,
        "Diluted EPS": NaN,
        "Basic EPS": NaN,
        "Diluted NI Availto Com Stockholders": NaN,
        "Net Income Common Stockholders": NaN,
        "Net Income": NaN,
        "Net Income Including Noncontrolling Interests": NaN,
        "Net Income Continuous Operations": NaN,
        "Tax Provision": NaN,
        "Pretax Income": NaN,
        "Other Income Expense": NaN,
        "Other Non Operating Income Expenses": NaN,
        "Special Income Charges": 8000000.0,
        "Gain On Sale Of Ppe": 8000000.0,
        "Impairment Of Capital Assets": NaN,
        "Net Non Operating Interest Income Expense": NaN,
        "Interest Expense Non Operating": NaN,
        "Operating Income": NaN,
        "Gross Profit": NaN,
        "Cost Of Revenue": NaN,
        "Total Revenue": NaN,
        "Operating Revenue": NaN
    },
    "2024-09-30": {
        "Tax Effect Of Unusual Items": -244932.432432,
        "Tax Rate For Calcs": 0.244932,
        "Normalized EBITDA": 1807000000.0,
        "Total Unusual Items": -1000000.0,
        "Total Unusual Items Excluding Goodwill": -1000000.0,
        "Net Income From Continuing Operation Net Minority Interest": 894000000.0,
        "Reconciled Depreciation": 416000000.0,
        "Reconciled Cost Of Revenue": 2264000000.0,
        "EBITDA": 1806000000.0,
        "EBIT": 1390000000.0,
        "Net Interest Income": -206000000.0,
        "Interest Expense": 206000000.0,
        "Normalized Income": 894755067.567568,
        "Net Income From Continuing And Discontinued Operation": 894000000.0,
        "Total Expenses": 2264000000.0,
        "Rent Expense Supplemental": 91000000.0,
        "Total Operating Income As Reported": 1354000000.0,
        "Diluted Average Shares": 1940000000.0,
        "Basic Average Shares": 1928419153.0,
        "Diluted EPS": 0.46,
        "Basic EPS": 0.463592,
        "Diluted NI Availto Com Stockholders": 894000000.0,
        "Net Income Common Stockholders": 894000000.0,
        "Net Income": 894000000.0,
        "Net Income Including Noncontrolling Interests": 894000000.0,
        "Net Income Continuous Operations": 894000000.0,
        "Tax Provision": 290000000.0,
        "Pretax Income": 1184000000.0,
        "Other Income Expense": 35000000.0,
        "Other Non Operating Income Expenses": 36000000.0,
        "Special Income Charges": -1000000.0,
        "Gain On Sale Of Ppe": -1000000.0,
        "Impairment Of Capital Assets": NaN,
        "Net Non Operating Interest Income Expense": -206000000.0,
        "Interest Expense Non Operating": 206000000.0,
        "Operating Income": 1355000000.0,
        "Gross Profit": 1355000000.0,
        "Cost Of Revenue": 2264000000.0,
        "Total Revenue": 3619000000.0,
        "Operating Revenue": 3507000000.0
    },
    "2024-12-31": {
        "Tax Effect Of Unusual Items": -22772435.897436,
        "Tax Rate For Calcs": 0.21688,
        "Normalized EBITDA": 1670000000.0,
        "Total Unusual Items": -105000000.0,
        "Total Unusual Items Excluding Goodwill": -105000000.0,
        "Net Income From Continuing Operation Net Minority Interest": 733000000.0,
        "Reconciled Depreciation": 422000000.0,
        "Reconciled Cost Of Revenue": 2328000000.0,
        "EBITDA": 1565000000.0,
        "EBIT": 1143000000.0,
        "Net Interest Income": -122000000.0,
        "Interest Expense": 207000000.0,
        "Normalized Income": 815227564.102564,
        "Net Income From Continuing And Discontinued Operation": 733000000.0,
        "Total Expenses": 2278000000.0,
        "Rent Expense Supplemental": 95000000.0,
        "Total Operating Income As Reported": 1106000000.0,
        "Diluted Average Shares": 1921000000.0,
        "Basic Average Shares": 1900189590.0,
        "Diluted EPS": 0.38,
        "Basic EPS": 0.385751,
        "Diluted NI Availto Com Stockholders": 733000000.0,
        "Net Income Common Stockholders": 733000000.0,
        "Net Income": 733000000.0,
        "Net Income Including Noncontrolling Interests": 733000000.0,
        "Net Income Continuous Operations": 733000000.0,
        "Tax Provision": 203000000.0,
        "Pretax Income": 936000000.0,
        "Other Income Expense": -203000000.0,
        "Other Non Operating Income Expenses": -98000000.0,
        "Special Income Charges": -105000000.0,
        "Gain On Sale Of Ppe": 3000000.0,
        "Impairment Of Capital Assets": NaN,
        "Net Non Operating Interest Income Expense": -122000000.0,
        "Interest Expense Non Operating": 207000000.0,
        "Operating Income": 1261000000.0,
        "Gross Profit": 1211000000.0,
        "Cost Of Revenue": 2328000000.0,
        "Total Revenue": 3539000000.0,
        "Operating Revenue": 3410000000.0
    },
    "2025-03-31": {
        "Tax Effect Of Unusual Items": 0.0,
        "Tax Rate For Calcs": 0.247086,
        "Normalized EBITDA": 1492000000.0,
        "Total Unusual Items": NaN,
        "Total Unusual Items Excluding Goodwill": NaN,
        "Net Income From Continuing Operation Net Minority Interest": 646000000.0,
        "Reconciled Depreciation": 425000000.0,
        "Reconciled Cost Of Revenue": 2382000000.0,
        "EBITDA": 1492000000.0,
        "EBIT": 1067000000.0,
        "Net Interest Income": -209000000.0,
        "Interest Expense": 209000000.0,
        "Normalized Income": 646000000.0,
        "Net Income From Continuing And Discontinued Operation": 646000000.0,
        "Total Expenses": 2382000000.0,
        "Rent Expense Supplemental": 87000000.0,
        "Total Operating Income As Reported": 1041000000.0,
        "Diluted Average Shares": 1892000000.0,
        "Basic Average Shares": 1878545871.0,
        "Diluted EPS": 0.34,
        "Basic EPS": 0.343883,
        "Diluted NI Availto Com Stockholders": 646000000.0,
        "Net Income Common Stockholders": 646000000.0,
        "Net Income": 646000000.0,
        "Net Income Including Noncontrolling Interests": 646000000.0,
        "Net Income Continuous Operations": 646000000.0,
        "Tax Provision": 212000000.0,
        "Pretax Income": 858000000.0,
        "Other Income Expense": 26000000.0,
        "Other Non Operating Income Expenses": 26000000.0,
        "Special Income Charges": NaN,
        "Gain On Sale Of Ppe": NaN,
        "Impairment Of Capital Assets": NaN,
        "Net Non Operating Interest Income Expense": -209000000.0,
        "Interest Expense Non Operating": 209000000.0,
        "Operating Income": 1041000000.0,
        "Gross Profit": 1041000000.0,
        "Cost Of Revenue": 2382000000.0,
        "Total Revenue": 3423000000.0,
        "Operating Revenue": 3308000000.0
    },
    "2025-06-30": {
        "Tax Effect Of Unusual Items": 0.0,
        "Tax Rate For Calcs": 0.241537,
        "Normalized EBITDA": 1732000000.0,
        "Total Unusual Items": NaN,
        "Total Unusual Items Excluding Goodwill": NaN,
        "Net Income From Continuing Operation Net Minority Interest": 829000000.0,
        "Reconciled Depreciation": 427000000.0,
        "Reconciled Cost Of Revenue": 2291000000.0,
        "EBITDA": 1732000000.0,
        "EBIT": 1305000000.0,
        "Net Interest Income": -212000000.0,
        "Interest Expense": 212000000.0,
        "Normalized Income": 829000000.0,
        "Net Income From Continuing And Discontinued Operation": 829000000.0,
        "Total Expenses": 2291000000.0,
        "Rent Expense Supplemental": 94000000.0,
        "Total Operating Income As Reported": 1283000000.0,
        "Diluted Average Shares": 1869000000.0,
        "Basic Average Shares": 1864277014.0,
        "Diluted EPS": 0.44,
        "Basic EPS": 0.444676,
        "Diluted NI Availto Com Stockholders": 829000000.0,
        "Net Income Common Stockholders": 829000000.0,
        "Net Income": 829000000.0,
        "Net Income Including Noncontrolling Interests": 829000000.0,
        "Net Income Continuous Operations": 829000000.0,
        "Tax Provision": 264000000.0,
        "Pretax Income": 1093000000.0,
        "Other Income Expense": 22000000.0,
        "Other Non Operating Income Expenses": 22000000.0,
        "Special Income Charges": NaN,
        "Gain On Sale Of Ppe": NaN,
        "Impairment Of Capital Assets": NaN,
        "Net Non Operating Interest Income Expense": -212000000.0,
        "Interest Expense Non Operating": 212000000.0,
        "Operating Income": 1283000000.0,
        "Gross Profit": 1283000000.0,
        "Cost Of Revenue": 2291000000.0,
        "Total Revenue": 3574000000.0,
        "Operating Revenue": 3436000000.0
    },
    "2025-09-30": {
        "Tax Effect Of Unusual Items": -37256124.721604,
        "Tax Rate For Calcs": 0.227171,
        "Normalized EBITDA": 1696000000.0,
        "Total Unusual Items": -164000000.0,
        "Total Unusual Items Excluding Goodwill": -164000000.0,
        "Net Income From Continuing Operation Net Minority Interest": 694000000.0,
        "Reconciled Depreciation": 424000000.0,
        "Reconciled Cost Of Revenue": 2336000000.0,
        "EBITDA": 1532000000.0,
        "EBIT": 1108000000.0,
        "Net Interest Income": -210000000.0,
        "Interest Expense": 210000000.0,
        "Normalized Income": 820743875.278396,
        "Net Income From Continuing And Discontinued Operation": 694000000.0,
        "Total Expenses": 2336000000.0,
        "Rent Expense Supplemental": 86000000.0,
        "Total Operating Income As Reported": 1087000000.0,
        "Diluted Average Shares": 1867000000.0,
        "Basic Average Shares": 1864000000.0,
        "Diluted EPS": 0.37,
        "Basic EPS": 0.37,
        "Diluted NI Availto Com Stockholders": 694000000.0,
        "Net Income Common Stockholders": 694000000.0,
        "Net Income": 694000000.0,
        "Net Income Including Noncontrolling Interests": 694000000.0,
        "Net Income Continuous Operations": 694000000.0,
        "Tax Provision": 204000000.0,
        "Pretax Income": 898000000.0,
        "Other Income Expense": -143000000.0,
        "Other Non Operating Income Expenses": 21000000.0,
        "Special Income Charges": -164000000.0,
        "Gain On Sale Of Ppe": NaN,
        "Impairment Of Capital Assets": 164000000.0,
        "Net Non Operating Interest Income Expense": -210000000.0,
        "Interest Expense Non Operating": 210000000.0,
        "Operating Income": 1251000000.0,
        "Gross Profit": 1251000000.0,
        "Cost Of Revenue": 2336000000.0,
        "Total Revenue": 3587000000.0,
        "Operating Revenue": 3432000000.0
    }
}