{
    "2024-12-31": {
        "Tax Effect Of Unusual Items": -30646432.96388,
        "Tax Rate For Calcs": 0.258775,
        "Normalized EBITDA": 123325000.0,
        "Total Unusual Items": -118429000.0,
        "Total Unusual Items Excluding Goodwill": -118429000.0,
        "Net Income From Continuing Operation Net Minority Interest": -137965000.0,
        "Reconciled Depreciation": 109775000.0,
        "Reconciled Cost Of Revenue": 56146000.0,
        "EBITDA": 4896000.0,
        "EBIT": -104879000.0,
        "Net Interest Income": -80844000.0,
        "Interest Expense": 81252000.0,
        "Interest Income": 408000.0,
        "Normalized Income": -50182432.96388,
        "Net Income From Continuing And Discontinued Operation": -137965000.0,
        "Total Expenses": 219004000.0,
        "Total Operating Income As Reported": -41358000.0,
        "Diluted Average Shares": NaN,
        "Basic Average Shares": NaN,
        "Diluted EPS": NaN,
        "Basic EPS": NaN,
        "Diluted NI Availto Com Stockholders": -137965000.0,
        "Net Income Common Stockholders": -137965000.0,
        "Net Income": -137965000.0,
        "Net Income Including Noncontrolling Interests": -137965000.0,
        "Net Income Continuous Operations": -137965000.0,
        "Tax Provision": -48166000.0,
        "Pretax Income": -186131000.0,
        "Other Income Expense": -118429000.0,
        "Special Income Charges": -118430000.0,
        "Other Special Charges": 0.0,
        "Impairment Of Capital Assets": 54500000.0,
        "Restructuring And Mergern Acquisition": 63930000.0,
        "Gain On Sale Of Security": 1000.0,
        "Net Non Operating Interest Income Expense": -80844000.0,
        "Interest Expense Non Operating": 81252000.0,
        "Interest Income Non Operating": 408000.0,
        "Operating Income": 13141000.0,
        "Operating Expense": 161871000.0,
        "Depreciation Amortization Depletion Income Statement": 108788000.0,
        "Depreciation And Amortization In Income Statement": 108788000.0,
        "Amortization": 85970000.0,
        "Amortization Of Intangibles Income Statement": 85970000.0,
        "Depreciation Income Statement": 22818000.0,
        "Selling General And Administration": 53083000.0,
        "General And Administrative Expense": 53083000.0,
        "Other Gand A": -15693000.0,
        "Salaries And Wages": 68776000.0,
        "Gross Profit": 175012000.0,
        "Cost Of Revenue": 57133000.0,
        "Total Revenue": 232145000.0,
        "Operating Revenue": 232145000.0
    },
    "2024-09-30": {
        "Tax Effect Of Unusual Items": -23504694.628227,
        "Tax Rate For Calcs": 0.065015,
        "Normalized EBITDA": 134237000.0,
        "Total Unusual Items": -361525000.0,
        "Total Unusual Items Excluding Goodwill": -361525000.0,
        "Net Income From Continuing Operation Net Minority Interest": -391450000.0,
        "Reconciled Depreciation": 109590000.0,
        "Reconciled Cost Of Revenue": 59778000.0,
        "EBITDA": -227288000.0,
        "EBIT": -336878000.0,
        "Net Interest Income": -80547000.0,
        "Interest Expense": 81792000.0,
        "Interest Income": 1245000.0,
        "Normalized Income": -53429694.628227,
        "Net Income From Continuing And Discontinued Operation": -391450000.0,
        "Total Expenses": 207093000.0,
        "Total Operating Income As Reported": -338210000.0,
        "Diluted Average Shares": 16143520.0,
        "Basic Average Shares": 16143520.0,
        "Diluted EPS": -24.25,
        "Basic EPS": -24.25,
        "Diluted NI Availto Com Stockholders": -391450000.0,
        "Net Income Common Stockholders": -391450000.0,
        "Net Income": -391450000.0,
        "Net Income Including Noncontrolling Interests": -391450000.0,
        "Net Income Continuous Operations": -391450000.0,
        "Tax Provision": -27220000.0,
        "Pretax Income": -418670000.0,
        "Other Income Expense": -361525000.0,
        "Special Income Charges": -361612000.0,
        "Other Special Charges": NaN,
        "Impairment Of Capital Assets": 361612000.0,
        "Restructuring And Mergern Acquisition": 0.0,
        "Gain On Sale Of Security": 87000.0,
        "Net Non Operating Interest Income Expense": -80547000.0,
        "Interest Expense Non Operating": 81792000.0,
        "Interest Income Non Operating": 1245000.0,
        "Operating Income": 23402000.0,
        "Operating Expense": 146268000.0,
        "Depreciation Amortization Depletion Income Statement": 108543000.0,
        "Depreciation And Amortization In Income Statement": 108543000.0,
        "Amortization": 85971000.0,
        "Amortization Of Intangibles Income Statement": 85971000.0,
        "Depreciation Income Statement": 22572000.0,
        "Selling General And Administration": 37725000.0,
        "General And Administrative Expense": 37725000.0,
        "Other Gand A": 32847000.0,
        "Salaries And Wages": 4878000.0,
        "Gross Profit": 169670000.0,
        "Cost Of Revenue": 60825000.0,
        "Total Revenue": 230495000.0,
        "Operating Revenue": 230495000.0
    },
    "2024-06-30": {
        "Tax Effect Of Unusual Items": -25205248.190307,
        "Tax Rate For Calcs": 0.045543,
        "Normalized EBITDA": 139173000.0,
        "Total Unusual Items": -553442000.0,
        "Total Unusual Items Excluding Goodwill": -553442000.0,
        "Net Income From Continuing Operation Net Minority Interest": -576727000.0,
        "Reconciled Depreciation": 108848000.0,
        "Reconciled Cost Of Revenue": 60303000.0,
        "EBITDA": -414269000.0,
        "EBIT": -523117000.0,
        "Net Interest Income": -80578000.0,
        "Interest Expense": 81129000.0,
        "Interest Income": 551000.0,
        "Normalized Income": -48490248.190307,
        "Net Income From Continuing And Discontinued Operation": -576727000.0,
        "Total Expenses": 203702000.0,
        "Total Operating Income As Reported": -523927000.0,
        "Diluted Average Shares": 16116996.0,
        "Basic Average Shares": 16116996.0,
        "Diluted EPS": -35.78,
        "Basic EPS": -35.78,
        "Diluted NI Availto Com Stockholders": -576727000.0,
        "Net Income Common Stockholders": -576727000.0,
        "Net Income": -576727000.0,
        "Net Income Including Noncontrolling Interests": -576727000.0,
        "Net Income Continuous Operations": -576727000.0,
        "Tax Provision": -27519000.0,
        "Pretax Income": -604246000.0,
        "Other Income Expense": -553442000.0,
        "Special Income Charges": -553701000.0,
        "Other Special Charges": NaN,
        "Impairment Of Capital Assets": 553701000.0,
        "Restructuring And Mergern Acquisition": 0.0,
        "Gain On Sale Of Security": 259000.0,
        "Net Non Operating Interest Income Expense": -80578000.0,
        "Interest Expense Non Operating": 81129000.0,
        "Interest Income Non Operating": 551000.0,
        "Operating Income": 29774000.0,
        "Operating Expense": 142333000.0,
        "Depreciation Amortization Depletion Income Statement": 107782000.0,
        "Depreciation And Amortization In Income Statement": 107782000.0,
        "Amortization": 85971000.0,
        "Amortization Of Intangibles Income Statement": 85971000.0,
        "Depreciation Income Statement": 21811000.0,
        "Selling General And Administration": 34551000.0,
        "General And Administrative Expense": 34551000.0,
        "Other Gand A": 15658000.0,
        "Salaries And Wages": 18893000.0,
        "Gross Profit": 172107000.0,
        "Cost Of Revenue": 61369000.0,
        "Total Revenue": 233476000.0,
        "Operating Revenue": 233476000.0
    },
    "2024-03-31": {
        "Tax Effect Of Unusual Items": NaN,
        "Tax Rate For Calcs": NaN,
        "Normalized EBITDA": NaN,
        "Total Unusual Items": NaN,
        "Total Unusual Items Excluding Goodwill": NaN,
        "Net Income From Continuing Operation Net Minority Interest": NaN,
        "Reconciled Depreciation": NaN,
        "Reconciled Cost Of Revenue": NaN,
        "EBITDA": NaN,
        "EBIT": NaN,
        "Net Interest Income": NaN,
        "Interest Expense": NaN,
        "Interest Income": NaN,
        "Normalized Income": NaN,
        "Net Income From Continuing And Discontinued Operation": NaN,
        "Total Expenses": NaN,
        "Total Operating Income As Reported": NaN,
        "Diluted Average Shares": 16158356.0,
        "Basic Average Shares": 16158356.0,
        "Diluted EPS": -33.4,
        "Basic EPS": -33.4,
        "Diluted NI Availto Com Stockholders": NaN,
        "Net Income Common Stockholders": NaN,
        "Net Income": NaN,
        "Net Income Including Noncontrolling Interests": NaN,
        "Net Income Continuous Operations": NaN,
        "Tax Provision": NaN,
        "Pretax Income": NaN,
        "Other Income Expense": NaN,
        "Special Income Charges": NaN,
        "Other Special Charges": -5913000.0,
        "Impairment Of Capital Assets": NaN,
        "Restructuring And Mergern Acquisition": NaN,
        "Gain On Sale Of Security": 130000.0,
        "Net Non Operating Interest Income Expense": NaN,
        "Interest Expense Non Operating": NaN,
        "Interest Income Non Operating": NaN,
        "Operating Income": NaN,
        "Operating Expense": NaN,
        "Depreciation Amortization Depletion Income Statement": NaN,
        "Depreciation And Amortization In Income Statement": NaN,
        "Amortization": NaN,
        "Amortization Of Intangibles Income Statement": NaN,
        "Depreciation Income Statement": NaN,
        "Selling General And Administration": NaN,
        "General And Administrative Expense": NaN,
        "Other Gand A": NaN,
        "Salaries And Wages": NaN,
        "Gross Profit": NaN,
        "Cost Of Revenue": NaN,
        "Total Revenue": NaN,
        "Operating Revenue": NaN
    },
    "2023-12-31": {
        "Tax Effect Of Unusual Items": NaN,
        "Tax Rate For Calcs": NaN,
        "Normalized EBITDA": NaN,
        "Total Unusual Items": NaN,
        "Total Unusual Items Excluding Goodwill": NaN,
        "Net Income From Continuing Operation Net Minority Interest": NaN,
        "Reconciled Depreciation": NaN,
        "Reconciled Cost Of Revenue": NaN,
        "EBITDA": NaN,
        "EBIT": NaN,
        "Net Interest Income": NaN,
        "Interest Expense": NaN,
        "Interest Income": NaN,
        "Normalized Income": NaN,
        "Net Income From Continuing And Discontinued Operation": NaN,
        "Total Expenses": NaN,
        "Total Operating Income As Reported": NaN,
        "Diluted Average Shares": NaN,
        "Basic Average Shares": NaN,
        "Diluted EPS": NaN,
        "Basic EPS": NaN,
        "Diluted NI Availto Com Stockholders": NaN,
        "Net Income Common Stockholders": NaN,
        "Net Income": NaN,
        "Net Income Including Noncontrolling Interests": NaN,
        "Net Income Continuous Operations": NaN,
        "Tax Provision": NaN,
        "Pretax Income": NaN,
        "Other Income Expense": NaN,
        "Special Income Charges": NaN,
        "Other Special Charges": -7061000.0,
        "Impairment Of Capital Assets": NaN,
        "Restructuring And Mergern Acquisition": NaN,
        "Gain On Sale Of Security": 2232000.0,
        "Net Non Operating Interest Income Expense": NaN,
        "Interest Expense Non Operating": NaN,
        "Interest Income Non Operating": NaN,
        "Operating Income": NaN,
        "Operating Expense": NaN,
        "Depreciation Amortization Depletion Income Statement": NaN,
        "Depreciation And Amortization In Income Statement": NaN,
        "Amortization": NaN,
        "Amortization Of Intangibles Income Statement": NaN,
        "Depreciation Income Statement": NaN,
        "Selling General And Administration": NaN,
        "General And Administrative Expense": NaN,
        "Other Gand A": NaN,
        "Salaries And Wages": NaN,
        "Gross Profit": NaN,
        "Cost Of Revenue": NaN,
        "Total Revenue": NaN,
        "Operating Revenue": NaN
    },
    "2023-09-30": {
        "Tax Effect Of Unusual Items": NaN,
        "Tax Rate For Calcs": NaN,
        "Normalized EBITDA": NaN,
        "Total Unusual Items": NaN,
        "Total Unusual Items Excluding Goodwill": NaN,
        "Net Income From Continuing Operation Net Minority Interest": NaN,
        "Reconciled Depreciation": NaN,
        "Reconciled Cost Of Revenue": NaN,
        "EBITDA": NaN,
        "EBIT": NaN,
        "Net Interest Income": NaN,
        "Interest Expense": NaN,
        "Interest Income": NaN,
        "Normalized Income": NaN,
        "Net Income From Continuing And Discontinued Operation": NaN,
        "Total Expenses": NaN,
        "Total Operating Income As Reported": NaN,
        "Diluted Average Shares": 16161095.0,
        "Basic Average Shares": 16161095.0,
        "Diluted EPS": -1.6,
        "Basic EPS": -1.6,
        "Diluted NI Availto Com Stockholders": NaN,
        "Net Income Common Stockholders": NaN,
        "Net Income": NaN,
        "Net Income Including Noncontrolling Interests": NaN,
        "Net Income Continuous Operations": NaN,
        "Tax Provision": NaN,
        "Pretax Income": NaN,
        "Other Income Expense": NaN,
        "Special Income Charges": NaN,
        "Other Special Charges": -10129000.0,
        "Impairment Of Capital Assets": NaN,
        "Restructuring And Mergern Acquisition": NaN,
        "Gain On Sale Of Security": NaN,
        "Net Non Operating Interest Income Expense": NaN,
        "Interest Expense Non Operating": NaN,
        "Interest Income Non Operating": NaN,
        "Operating Income": NaN,
        "Operating Expense": NaN,
        "Depreciation Amortization Depletion Income Statement": NaN,
        "Depreciation And Amortization In Income Statement": NaN,
        "Amortization": NaN,
        "Amortization Of Intangibles Income Statement": NaN,
        "Depreciation Income Statement": NaN,
        "Selling General And Administration": NaN,
        "General And Administrative Expense": NaN,
        "Other Gand A": NaN,
        "Salaries And Wages": NaN,
        "Gross Profit": NaN,
        "Cost Of Revenue": NaN,
        "Total Revenue": NaN,
        "Operating Revenue": NaN
    },
    "2023-06-30": {
        "Tax Effect Of Unusual Items": NaN,
        "Tax Rate For Calcs": NaN,
        "Normalized EBITDA": NaN,
        "Total Unusual Items": NaN,
        "Total Unusual Items Excluding Goodwill": NaN,
        "Net Income From Continuing Operation Net Minority Interest": NaN,
        "Reconciled Depreciation": NaN,
        "Reconciled Cost Of Revenue": NaN,
        "EBITDA": NaN,
        "EBIT": NaN,
        "Net Interest Income": NaN,
        "Interest Expense": NaN,
        "Interest Income": NaN,
        "Normalized Income": NaN,
        "Net Income From Continuing And Discontinued Operation": NaN,
        "Total Expenses": NaN,
        "Total Operating Income As Reported": NaN,
        "Diluted Average Shares": 16083483.0,
        "Basic Average Shares": 16083483.0,
        "Diluted EPS": -2.4,
        "Basic EPS": -2.4,
        "Diluted NI Availto Com Stockholders": NaN,
        "Net Income Common Stockholders": NaN,
        "Net Income": NaN,
        "Net Income Including Noncontrolling Interests": NaN,
        "Net Income Continuous Operations": NaN,
        "Tax Provision": NaN,
        "Pretax Income": NaN,
        "Other Income Expense": NaN,
        "Special Income Charges": NaN,
        "Other Special Charges": NaN,
        "Impairment Of Capital Assets": NaN,
        "Restructuring And Mergern Acquisition": NaN,
        "Gain On Sale Of Security": NaN,
        "Net Non Operating Interest Income Expense": NaN,
        "Interest Expense Non Operating": NaN,
        "Interest Income Non Operating": NaN,
        "Operating Income": NaN,
        "Operating Expense": NaN,
        "Depreciation Amortization Depletion Income Statement": NaN,
        "Depreciation And Amortization In Income Statement": NaN,
        "Amortization": NaN,
        "Amortization Of Intangibles Income Statement": NaN,
        "Depreciation Income Statement": NaN,
        "Selling General And Administration": NaN,
        "General And Administrative Expense": NaN,
        "Other Gand A": NaN,
        "Salaries And Wages": NaN,
        "Gross Profit": NaN,
        "Cost Of Revenue": NaN,
        "Total Revenue": NaN,
        "Operating Revenue": NaN
    },
    "2025-03-31": {
        "Tax Effect Of Unusual Items": -1746579.850447,
        "Tax Rate For Calcs": 0.206403,
        "Normalized EBITDA": 121769000.0,
        "Total Unusual Items": -8462000.0,
        "Total Unusual Items Excluding Goodwill": -8462000.0,
        "Net Income From Continuing Operation Net Minority Interest": -71319000.0,
        "Reconciled Depreciation": 111539000.0,
        "Reconciled Cost Of Revenue": 59414000.0,
        "EBITDA": 113307000.0,
        "EBIT": 1768000.0,
        "Net Interest Income": -91148000.0,
        "Interest Expense": 91636000.0,
        "Interest Income": 488000.0,
        "Normalized Income": -64603579.850447,
        "Net Income From Continuing And Discontinued Operation": -71319000.0,
        "Total Expenses": 221588000.0,
        "Total Operating Income As Reported": 9742000.0,
        "Diluted Average Shares": 16273439.0,
        "Basic Average Shares": 16273439.0,
        "Diluted EPS": -4.38,
        "Basic EPS": -4.38,
        "Diluted NI Availto Com Stockholders": -71319000.0,
        "Net Income Common Stockholders": -71319000.0,
        "Net Income": -71319000.0,
        "Net Income Including Noncontrolling Interests": -71319000.0,
        "Net Income Continuous Operations": -71319000.0,
        "Tax Provision": -18549000.0,
        "Pretax Income": -89868000.0,
        "Other Income Expense": -8462000.0,
        "Special Income Charges": -8462000.0,
        "Other Special Charges": 670000.0,
        "Impairment Of Capital Assets": 0.0,
        "Restructuring And Mergern Acquisition": 7792000.0,
        "Gain On Sale Of Security": NaN,
        "Net Non Operating Interest Income Expense": -91148000.0,
        "Interest Expense Non Operating": 91636000.0,
        "Interest Income Non Operating": 488000.0,
        "Operating Income": 9742000.0,
        "Operating Expense": 161152000.0,
        "Depreciation Amortization Depletion Income Statement": 110517000.0,
        "Depreciation And Amortization In Income Statement": 110517000.0,
        "Amortization": 85971000.0,
        "Amortization Of Intangibles Income Statement": 85971000.0,
        "Depreciation Income Statement": 24546000.0,
        "Selling General And Administration": 50635000.0,
        "General And Administrative Expense": 50635000.0,
        "Other Gand A": 45694000.0,
        "Salaries And Wages": 4941000.0,
        "Gross Profit": 170894000.0,
        "Cost Of Revenue": 60436000.0,
        "Total Revenue": 231330000.0,
        "Operating Revenue": 231330000.0
    },
    "2025-06-30": {
        "Tax Effect Of Unusual Items": -21287.367964,
        "Tax Rate For Calcs": 0.244682,
        "Normalized EBITDA": 128920000.0,
        "Total Unusual Items": -87000.0,
        "Total Unusual Items Excluding Goodwill": -87000.0,
        "Net Income From Continuing Operation Net Minority Interest": -62640000.0,
        "Reconciled Depreciation": 112019000.0,
        "Reconciled Cost Of Revenue": 60036000.0,
        "EBITDA": 128833000.0,
        "EBIT": 16814000.0,
        "Net Interest Income": -99423000.0,
        "Interest Expense": 99746000.0,
        "Interest Income": 323000.0,
        "Normalized Income": -62574287.367964,
        "Net Income From Continuing And Discontinued Operation": -62640000.0,
        "Total Expenses": 224992000.0,
        "Total Operating Income As Reported": 16578000.0,
        "Diluted Average Shares": 16453896.0,
        "Basic Average Shares": 16453896.0,
        "Diluted EPS": -3.81,
        "Basic EPS": -3.81,
        "Diluted NI Availto Com Stockholders": -62640000.0,
        "Net Income Common Stockholders": -62640000.0,
        "Net Income": -62640000.0,
        "Net Income Including Noncontrolling Interests": -62640000.0,
        "Net Income Continuous Operations": -62640000.0,
        "Tax Provision": -20292000.0,
        "Pretax Income": -82932000.0,
        "Other Income Expense": -87000.0,
        "Special Income Charges": -87000.0,
        "Other Special Charges": NaN,
        "Impairment Of Capital Assets": 0.0,
        "Restructuring And Mergern Acquisition": 87000.0,
        "Gain On Sale Of Security": NaN,
        "Net Non Operating Interest Income Expense": -99423000.0,
        "Interest Expense Non Operating": 99746000.0,
        "Interest Income Non Operating": 323000.0,
        "Operating Income": 16578000.0,
        "Operating Expense": 164169000.0,
        "Depreciation Amortization Depletion Income Statement": 111232000.0,
        "Depreciation And Amortization In Income Statement": 111232000.0,
        "Amortization": 85971000.0,
        "Amortization Of Intangibles Income Statement": 85971000.0,
        "Depreciation Income Statement": 25261000.0,
        "Selling General And Administration": 52937000.0,
        "General And Administrative Expense": 52937000.0,
        "Other Gand A": 28050000.0,
        "Salaries And Wages": 24887000.0,
        "Gross Profit": 180747000.0,
        "Cost Of Revenue": 60823000.0,
        "Total Revenue": 241570000.0,
        "Operating Revenue": 241570000.0
    }
}