{
    "2023-12-31": {
        "Tax Effect Of Unusual Items": 0.0,
        "Tax Rate For Calcs": 0.0,
        "Normalized EBITDA": -4601400.0,
        "Total Unusual Items": -21478121.0,
        "Total Unusual Items Excluding Goodwill": -21478121.0,
        "Net Income From Continuing Operation Net Minority Interest": -27617081.0,
        "Reconciled Depreciation": 26623.0,
        "Reconciled Cost Of Revenue": 154738.0,
        "EBITDA": -26079521.0,
        "EBIT": -26106144.0,
        "Net Interest Income": -1481320.0,
        "Interest Expense": 1510937.0,
        "Interest Income": 29617.0,
        "Normalized Income": -6138960.0,
        "Net Income From Continuing And Discontinued Operation": -27617081.0,
        "Total Expenses": 4091416.0,
        "Rent Expense Supplemental": NaN,
        "Total Operating Income As Reported": NaN,
        "Diluted Average Shares": NaN,
        "Basic Average Shares": NaN,
        "Diluted EPS": NaN,
        "Basic EPS": NaN,
        "Diluted NI Availto Com Stockholders": -27617081.0,
        "Net Income Common Stockholders": -27617081.0,
        "Net Income": -27617081.0,
        "Net Income Including Noncontrolling Interests": -27617081.0,
        "Net Income Continuous Operations": -27617081.0,
        "Tax Provision": NaN,
        "Pretax Income": -27617081.0,
        "Other Income Expense": -22044345.0,
        "Other Non Operating Income Expenses": NaN,
        "Special Income Charges": -785751.0,
        "Gain On Sale Of Ppe": NaN,
        "Impairment Of Capital Assets": NaN,
        "Earnings From Equity Interest": -706307.0,
        "Gain On Sale Of Security": -20692370.0,
        "Net Non Operating Interest Income Expense": -1481320.0,
        "Interest Expense Non Operating": 1510937.0,
        "Interest Income Non Operating": 29617.0,
        "Operating Income": -4091416.0,
        "Operating Expense": 3936678.0,
        "Other Operating Expenses": 736996.0,
        "Selling General And Administration": 3199682.0,
        "Selling And Marketing Expense": NaN,
        "General And Administrative Expense": 3115898.0,
        "Other Gand A": -1306477.0,
        "Insurance And Claims": NaN,
        "Rent And Landing Fees": NaN,
        "Salaries And Wages": NaN,
        "Gross Profit": -154738.0,
        "Cost Of Revenue": 154738.0,
        "Total Revenue": 0.0,
        "Operating Revenue": 0.0
    },
    "2023-09-30": {
        "Tax Effect Of Unusual Items": NaN,
        "Tax Rate For Calcs": NaN,
        "Normalized EBITDA": NaN,
        "Total Unusual Items": NaN,
        "Total Unusual Items Excluding Goodwill": NaN,
        "Net Income From Continuing Operation Net Minority Interest": NaN,
        "Reconciled Depreciation": NaN,
        "Reconciled Cost Of Revenue": NaN,
        "EBITDA": NaN,
        "EBIT": NaN,
        "Net Interest Income": NaN,
        "Interest Expense": NaN,
        "Interest Income": NaN,
        "Normalized Income": NaN,
        "Net Income From Continuing And Discontinued Operation": NaN,
        "Total Expenses": NaN,
        "Rent Expense Supplemental": 127006.0,
        "Total Operating Income As Reported": NaN,
        "Diluted Average Shares": 9393922.0,
        "Basic Average Shares": 9393922.0,
        "Diluted EPS": -1.399759,
        "Basic EPS": -1.399759,
        "Diluted NI Availto Com Stockholders": NaN,
        "Net Income Common Stockholders": NaN,
        "Net Income": NaN,
        "Net Income Including Noncontrolling Interests": NaN,
        "Net Income Continuous Operations": NaN,
        "Tax Provision": NaN,
        "Pretax Income": NaN,
        "Other Income Expense": NaN,
        "Other Non Operating Income Expenses": NaN,
        "Special Income Charges": NaN,
        "Gain On Sale Of Ppe": NaN,
        "Impairment Of Capital Assets": NaN,
        "Earnings From Equity Interest": NaN,
        "Gain On Sale Of Security": NaN,
        "Net Non Operating Interest Income Expense": NaN,
        "Interest Expense Non Operating": NaN,
        "Interest Income Non Operating": NaN,
        "Operating Income": NaN,
        "Operating Expense": NaN,
        "Other Operating Expenses": NaN,
        "Selling General And Administration": NaN,
        "Selling And Marketing Expense": NaN,
        "General And Administrative Expense": NaN,
        "Other Gand A": NaN,
        "Insurance And Claims": NaN,
        "Rent And Landing Fees": 127006.0,
        "Salaries And Wages": NaN,
        "Gross Profit": NaN,
        "Cost Of Revenue": NaN,
        "Total Revenue": NaN,
        "Operating Revenue": NaN
    },
    "2023-06-30": {
        "Tax Effect Of Unusual Items": NaN,
        "Tax Rate For Calcs": NaN,
        "Normalized EBITDA": NaN,
        "Total Unusual Items": NaN,
        "Total Unusual Items Excluding Goodwill": NaN,
        "Net Income From Continuing Operation Net Minority Interest": NaN,
        "Reconciled Depreciation": NaN,
        "Reconciled Cost Of Revenue": NaN,
        "EBITDA": NaN,
        "EBIT": NaN,
        "Net Interest Income": NaN,
        "Interest Expense": NaN,
        "Interest Income": NaN,
        "Normalized Income": NaN,
        "Net Income From Continuing And Discontinued Operation": NaN,
        "Total Expenses": NaN,
        "Rent Expense Supplemental": 126451.0,
        "Total Operating Income As Reported": NaN,
        "Diluted Average Shares": NaN,
        "Basic Average Shares": NaN,
        "Diluted EPS": NaN,
        "Basic EPS": NaN,
        "Diluted NI Availto Com Stockholders": NaN,
        "Net Income Common Stockholders": NaN,
        "Net Income": NaN,
        "Net Income Including Noncontrolling Interests": NaN,
        "Net Income Continuous Operations": NaN,
        "Tax Provision": 0.0,
        "Pretax Income": NaN,
        "Other Income Expense": NaN,
        "Other Non Operating Income Expenses": 606499.0,
        "Special Income Charges": NaN,
        "Gain On Sale Of Ppe": NaN,
        "Other Special Charges": 0.0,
        "Write Off": 7111.0,
        "Impairment Of Capital Assets": 7111.0,
        "Earnings From Equity Interest": NaN,
        "Gain On Sale Of Security": NaN,
        "Net Non Operating Interest Income Expense": NaN,
        "Interest Expense Non Operating": NaN,
        "Interest Income Non Operating": NaN,
        "Operating Income": NaN,
        "Operating Expense": NaN,
        "Other Operating Expenses": NaN,
        "Selling General And Administration": NaN,
        "Selling And Marketing Expense": NaN,
        "General And Administrative Expense": NaN,
        "Other Gand A": NaN,
        "Insurance And Claims": NaN,
        "Rent And Landing Fees": 126451.0,
        "Salaries And Wages": NaN,
        "Gross Profit": NaN,
        "Cost Of Revenue": NaN,
        "Total Revenue": NaN,
        "Operating Revenue": NaN
    },
    "2023-03-31": {
        "Tax Effect Of Unusual Items": NaN,
        "Tax Rate For Calcs": NaN,
        "Normalized EBITDA": NaN,
        "Total Unusual Items": NaN,
        "Total Unusual Items Excluding Goodwill": NaN,
        "Net Income From Continuing Operation Net Minority Interest": NaN,
        "Reconciled Depreciation": NaN,
        "Reconciled Cost Of Revenue": NaN,
        "EBITDA": NaN,
        "EBIT": NaN,
        "Net Interest Income": NaN,
        "Interest Expense": NaN,
        "Interest Income": NaN,
        "Normalized Income": NaN,
        "Net Income From Continuing And Discontinued Operation": NaN,
        "Total Expenses": NaN,
        "Rent Expense Supplemental": 126452.0,
        "Total Operating Income As Reported": NaN,
        "Diluted Average Shares": 7306718.0,
        "Basic Average Shares": 7306718.0,
        "Diluted EPS": -1.084685,
        "Basic EPS": -1.084685,
        "Diluted NI Availto Com Stockholders": NaN,
        "Net Income Common Stockholders": NaN,
        "Net Income": NaN,
        "Net Income Including Noncontrolling Interests": NaN,
        "Net Income Continuous Operations": NaN,
        "Tax Provision": 0.0,
        "Pretax Income": NaN,
        "Other Income Expense": NaN,
        "Other Non Operating Income Expenses": NaN,
        "Special Income Charges": NaN,
        "Gain On Sale Of Ppe": NaN,
        "Other Special Charges": NaN,
        "Write Off": 0.0,
        "Impairment Of Capital Assets": 0.0,
        "Earnings From Equity Interest": NaN,
        "Gain On Sale Of Security": NaN,
        "Net Non Operating Interest Income Expense": NaN,
        "Interest Expense Non Operating": NaN,
        "Interest Income Non Operating": NaN,
        "Operating Income": NaN,
        "Operating Expense": NaN,
        "Other Operating Expenses": NaN,
        "Selling General And Administration": NaN,
        "Selling And Marketing Expense": 122493.0,
        "General And Administrative Expense": NaN,
        "Other Gand A": NaN,
        "Insurance And Claims": 222455.0,
        "Rent And Landing Fees": 126452.0,
        "Salaries And Wages": 1275188.0,
        "Gross Profit": NaN,
        "Cost Of Revenue": NaN,
        "Total Revenue": NaN,
        "Operating Revenue": NaN
    },
    "2024-03-31": {
        "Tax Effect Of Unusual Items": NaN,
        "Tax Rate For Calcs": NaN,
        "Normalized EBITDA": NaN,
        "Total Unusual Items": NaN,
        "Total Unusual Items Excluding Goodwill": NaN,
        "Net Income From Continuing Operation Net Minority Interest": NaN,
        "Reconciled Depreciation": NaN,
        "Reconciled Cost Of Revenue": NaN,
        "EBITDA": NaN,
        "EBIT": NaN,
        "Net Interest Income": NaN,
        "Interest Expense": NaN,
        "Interest Income": NaN,
        "Normalized Income": NaN,
        "Net Income From Continuing And Discontinued Operation": NaN,
        "Total Expenses": NaN,
        "Total Operating Income As Reported": NaN,
        "Diluted Average Shares": 9587113.0,
        "Basic Average Shares": 9587113.0,
        "Diluted EPS": -2.14,
        "Basic EPS": -2.14,
        "Diluted NI Availto Com Stockholders": NaN,
        "Average Dilution Earnings": NaN,
        "Net Income Common Stockholders": NaN,
        "Net Income": NaN,
        "Minority Interests": NaN,
        "Net Income Including Noncontrolling Interests": NaN,
        "Net Income Continuous Operations": NaN,
        "Tax Provision": NaN,
        "Pretax Income": NaN,
        "Other Income Expense": NaN,
        "Other Non Operating Income Expenses": NaN,
        "Special Income Charges": NaN,
        "Gain On Sale Of Ppe": NaN,
        "Impairment Of Capital Assets": NaN,
        "Earnings From Equity Interest": NaN,
        "Gain On Sale Of Security": NaN,
        "Net Non Operating Interest Income Expense": NaN,
        "Interest Expense Non Operating": NaN,
        "Interest Income Non Operating": NaN,
        "Operating Income": NaN,
        "Operating Expense": NaN,
        "Other Operating Expenses": NaN,
        "Selling General And Administration": NaN,
        "Selling And Marketing Expense": NaN,
        "General And Administrative Expense": NaN,
        "Other Gand A": NaN,
        "Insurance And Claims": NaN,
        "Salaries And Wages": NaN,
        "Gross Profit": NaN,
        "Cost Of Revenue": NaN,
        "Total Revenue": NaN,
        "Operating Revenue": NaN
    },
    "2022-12-31": {
        "Tax Effect Of Unusual Items": NaN,
        "Tax Rate For Calcs": NaN,
        "Normalized EBITDA": NaN,
        "Total Unusual Items": NaN,
        "Total Unusual Items Excluding Goodwill": NaN,
        "Net Income From Continuing Operation Net Minority Interest": NaN,
        "Reconciled Depreciation": NaN,
        "Reconciled Cost Of Revenue": NaN,
        "EBITDA": NaN,
        "EBIT": NaN,
        "Net Interest Income": NaN,
        "Interest Expense": NaN,
        "Interest Income": NaN,
        "Normalized Income": NaN,
        "Net Income From Continuing And Discontinued Operation": NaN,
        "Total Expenses": NaN,
        "Rent Expense Supplemental": 126451.0,
        "Diluted Average Shares": 7101395.0,
        "Basic Average Shares": 7101395.0,
        "Diluted EPS": -2.01489,
        "Basic EPS": -2.01489,
        "Diluted NI Availto Com Stockholders": NaN,
        "Net Income Common Stockholders": NaN,
        "Net Income": NaN,
        "Net Income Including Noncontrolling Interests": NaN,
        "Net Income Continuous Operations": NaN,
        "Tax Provision": 0.0,
        "Pretax Income": NaN,
        "Other Income Expense": NaN,
        "Other Non Operating Income Expenses": NaN,
        "Special Income Charges": NaN,
        "Other Special Charges": NaN,
        "Write Off": NaN,
        "Impairment Of Capital Assets": NaN,
        "Earnings From Equity Interest": NaN,
        "Gain On Sale Of Security": NaN,
        "Net Non Operating Interest Income Expense": NaN,
        "Interest Expense Non Operating": NaN,
        "Interest Income Non Operating": NaN,
        "Operating Income": NaN,
        "Operating Expense": NaN,
        "Other Operating Expenses": NaN,
        "Selling General And Administration": NaN,
        "Selling And Marketing Expense": NaN,
        "General And Administrative Expense": NaN,
        "Other Gand A": NaN,
        "Insurance And Claims": NaN,
        "Rent And Landing Fees": 126451.0,
        "Salaries And Wages": NaN,
        "Gross Profit": NaN,
        "Cost Of Revenue": NaN,
        "Total Revenue": NaN,
        "Operating Revenue": NaN
    },
    "2022-09-30": {
        "Tax Effect Of Unusual Items": NaN,
        "Tax Rate For Calcs": NaN,
        "Normalized EBITDA": NaN,
        "Total Unusual Items": NaN,
        "Total Unusual Items Excluding Goodwill": NaN,
        "Net Income From Continuing Operation Net Minority Interest": NaN,
        "Reconciled Depreciation": NaN,
        "Reconciled Cost Of Revenue": NaN,
        "EBITDA": NaN,
        "EBIT": NaN,
        "Net Interest Income": NaN,
        "Interest Expense": NaN,
        "Interest Income": NaN,
        "Normalized Income": NaN,
        "Net Income From Continuing And Discontinued Operation": NaN,
        "Total Expenses": NaN,
        "Rent Expense Supplemental": 146925.0,
        "Diluted Average Shares": 6774590.0,
        "Basic Average Shares": 6774590.0,
        "Diluted EPS": -1.046819,
        "Basic EPS": -1.046819,
        "Diluted NI Availto Com Stockholders": NaN,
        "Net Income Common Stockholders": NaN,
        "Net Income": NaN,
        "Net Income Including Noncontrolling Interests": NaN,
        "Net Income Continuous Operations": NaN,
        "Tax Provision": 0.0,
        "Pretax Income": NaN,
        "Other Income Expense": NaN,
        "Other Non Operating Income Expenses": 15656.0,
        "Special Income Charges": NaN,
        "Other Special Charges": -338301.0,
        "Write Off": NaN,
        "Impairment Of Capital Assets": NaN,
        "Earnings From Equity Interest": NaN,
        "Gain On Sale Of Security": NaN,
        "Net Non Operating Interest Income Expense": NaN,
        "Interest Expense Non Operating": NaN,
        "Interest Income Non Operating": NaN,
        "Operating Income": NaN,
        "Operating Expense": NaN,
        "Other Operating Expenses": NaN,
        "Selling General And Administration": NaN,
        "Selling And Marketing Expense": NaN,
        "General And Administrative Expense": NaN,
        "Other Gand A": NaN,
        "Insurance And Claims": NaN,
        "Rent And Landing Fees": 146925.0,
        "Salaries And Wages": NaN,
        "Gross Profit": NaN,
        "Cost Of Revenue": NaN,
        "Total Revenue": NaN,
        "Operating Revenue": NaN
    },
    "2024-06-30": {
        "Tax Effect Of Unusual Items": 0.0,
        "Tax Rate For Calcs": 0.0,
        "Normalized EBITDA": -3044716.0,
        "Total Unusual Items": -12553491.0,
        "Total Unusual Items Excluding Goodwill": -12553491.0,
        "Net Income From Continuing Operation Net Minority Interest": -18545753.0,
        "Reconciled Depreciation": 26996.0,
        "Reconciled Cost Of Revenue": 155113.0,
        "EBITDA": -15598207.0,
        "EBIT": -15625203.0,
        "Net Interest Income": -2910141.0,
        "Interest Expense": 2920550.0,
        "Interest Income": 10409.0,
        "Normalized Income": -5992262.0,
        "Net Income From Continuing And Discontinued Operation": -18545753.0,
        "Total Expenses": 2386488.0,
        "Total Operating Income As Reported": -3082121.0,
        "Diluted Average Shares": 9775758.0,
        "Basic Average Shares": 9775758.0,
        "Diluted EPS": -1.9,
        "Basic EPS": -1.9,
        "Diluted NI Availto Com Stockholders": -18545753.0,
        "Average Dilution Earnings": 0.0,
        "Net Income Common Stockholders": -18545753.0,
        "Net Income": -18545753.0,
        "Minority Interests": 0.0,
        "Net Income Including Noncontrolling Interests": -18545753.0,
        "Net Income Continuous Operations": -18545753.0,
        "Tax Provision": 0.0,
        "Pretax Income": -18545753.0,
        "Other Income Expense": -13249124.0,
        "Other Non Operating Income Expenses": NaN,
        "Special Income Charges": 0.0,
        "Gain On Sale Of Ppe": 0.0,
        "Impairment Of Capital Assets": 0.0,
        "Earnings From Equity Interest": -695633.0,
        "Gain On Sale Of Security": -12553491.0,
        "Net Non Operating Interest Income Expense": -2910141.0,
        "Interest Expense Non Operating": 2920550.0,
        "Interest Income Non Operating": 10409.0,
        "Operating Income": -2386488.0,
        "Operating Expense": 2231375.0,
        "Other Operating Expenses": 38969.0,
        "Selling General And Administration": 2192406.0,
        "Selling And Marketing Expense": 169904.0,
        "General And Administrative Expense": 2022502.0,
        "Other Gand A": 511553.0,
        "Insurance And Claims": 286010.0,
        "Salaries And Wages": 1224939.0,
        "Gross Profit": -155113.0,
        "Cost Of Revenue": 155113.0,
        "Total Revenue": 0.0,
        "Operating Revenue": 0.0
    },
    "2024-09-30": {
        "Tax Effect Of Unusual Items": -5919926.25,
        "Tax Rate For Calcs": 0.21,
        "Normalized EBITDA": 22913939.0,
        "Total Unusual Items": -28190125.0,
        "Total Unusual Items Excluding Goodwill": -28190125.0,
        "Net Income From Continuing Operation Net Minority Interest": -9712416.0,
        "Reconciled Depreciation": 34253.0,
        "Reconciled Cost Of Revenue": 214529.0,
        "EBITDA": -5276186.0,
        "EBIT": -5310439.0,
        "Net Interest Income": -3606837.0,
        "Interest Expense": 3683150.0,
        "Interest Income": 76313.0,
        "Normalized Income": 12557782.75,
        "Net Income From Continuing And Discontinued Operation": -9712416.0,
        "Total Expenses": 5786873.0,
        "Total Operating Income As Reported": 22738984.0,
        "Diluted Average Shares": 11973992.0,
        "Basic Average Shares": 11973992.0,
        "Diluted EPS": -0.81,
        "Basic EPS": -0.81,
        "Diluted NI Availto Com Stockholders": -9712416.0,
        "Average Dilution Earnings": NaN,
        "Net Income Common Stockholders": -9712416.0,
        "Net Income": -9712416.0,
        "Minority Interests": NaN,
        "Net Income Including Noncontrolling Interests": -9712416.0,
        "Net Income Continuous Operations": -9712416.0,
        "Tax Provision": 718827.0,
        "Pretax Income": -8993589.0,
        "Other Income Expense": 400121.0,
        "Other Non Operating Income Expenses": 64389.0,
        "Special Income Charges": 873984.0,
        "Gain On Sale Of Ppe": 873984.0,
        "Impairment Of Capital Assets": 0.0,
        "Earnings From Equity Interest": 28525857.0,
        "Gain On Sale Of Security": -29064109.0,
        "Net Non Operating Interest Income Expense": -3606837.0,
        "Interest Expense Non Operating": 3683150.0,
        "Interest Income Non Operating": 76313.0,
        "Operating Income": -5786873.0,
        "Operating Expense": 5572344.0,
        "Other Operating Expenses": 2960719.0,
        "Selling General And Administration": 2611625.0,
        "Selling And Marketing Expense": 183181.0,
        "General And Administrative Expense": 2428444.0,
        "Other Gand A": 732391.0,
        "Insurance And Claims": 352942.0,
        "Salaries And Wages": 1343111.0,
        "Gross Profit": -214529.0,
        "Cost Of Revenue": 214529.0,
        "Total Revenue": 0.0,
        "Operating Revenue": 0.0
    },
    "2024-12-31": {
        "Tax Effect Of Unusual Items": 678106.8,
        "Tax Rate For Calcs": 0.21,
        "Normalized EBITDA": 9824548.0,
        "Total Unusual Items": 3229080.0,
        "Total Unusual Items Excluding Goodwill": 3229080.0,
        "Net Income From Continuing Operation Net Minority Interest": 10725117.0,
        "Reconciled Depreciation": 33631.0,
        "Reconciled Cost Of Revenue": 186582.0,
        "EBITDA": 13053628.0,
        "EBIT": 13019997.0,
        "Net Interest Income": -2843011.0,
        "Interest Expense": 3097108.0,
        "Interest Income": 254097.0,
        "Normalized Income": 8174143.8,
        "Net Income From Continuing And Discontinued Operation": 10725117.0,
        "Total Expenses": 4505402.0,
        "Total Operating Income As Reported": 9473843.0,
        "Diluted Average Shares": NaN,
        "Basic Average Shares": NaN,
        "Diluted EPS": NaN,
        "Basic EPS": NaN,
        "Diluted NI Availto Com Stockholders": 10725117.0,
        "Average Dilution Earnings": NaN,
        "Net Income Common Stockholders": 10725117.0,
        "Net Income": 10725117.0,
        "Minority Interests": NaN,
        "Net Income Including Noncontrolling Interests": 10725117.0,
        "Net Income Continuous Operations": 10725117.0,
        "Tax Provision": -802228.0,
        "Pretax Income": 9922889.0,
        "Other Income Expense": 17271302.0,
        "Other Non Operating Income Expenses": 62977.0,
        "Special Income Charges": 335309.0,
        "Gain On Sale Of Ppe": 335309.0,
        "Impairment Of Capital Assets": 0.0,
        "Earnings From Equity Interest": 13979245.0,
        "Gain On Sale Of Security": 2893771.0,
        "Net Non Operating Interest Income Expense": -2843011.0,
        "Interest Expense Non Operating": 3097108.0,
        "Interest Income Non Operating": 254097.0,
        "Operating Income": -4505402.0,
        "Operating Expense": 4318820.0,
        "Other Operating Expenses": 979575.0,
        "Selling General And Administration": 3339245.0,
        "Selling And Marketing Expense": -42255.0,
        "General And Administrative Expense": 3381500.0,
        "Other Gand A": 1444663.0,
        "Insurance And Claims": 332640.0,
        "Salaries And Wages": 1604197.0,
        "Gross Profit": -186582.0,
        "Cost Of Revenue": 186582.0,
        "Total Revenue": 0.0,
        "Operating Revenue": 0.0
    },
    "2025-03-31": {
        "Tax Effect Of Unusual Items": -8206458.96,
        "Tax Rate For Calcs": 0.21,
        "Normalized EBITDA": 19535066.0,
        "Total Unusual Items": -39078376.0,
        "Total Unusual Items Excluding Goodwill": -39078376.0,
        "Net Income From Continuing Operation Net Minority Interest": -22548325.0,
        "Reconciled Depreciation": 33622.0,
        "Reconciled Cost Of Revenue": 142461.0,
        "EBITDA": -19543310.0,
        "EBIT": -19576932.0,
        "Net Interest Income": -2515772.0,
        "Interest Expense": 2747712.0,
        "Interest Income": 231940.0,
        "Normalized Income": 8323592.04,
        "Net Income From Continuing And Discontinued Operation": -22548325.0,
        "Total Expenses": 3050530.0,
        "Total Operating Income As Reported": 19269504.0,
        "Diluted Average Shares": 12020108.0,
        "Basic Average Shares": 12020108.0,
        "Diluted EPS": -1.88,
        "Basic EPS": -1.88,
        "Diluted NI Availto Com Stockholders": -22548325.0,
        "Average Dilution Earnings": NaN,
        "Net Income Common Stockholders": -22548325.0,
        "Net Income": -22548325.0,
        "Minority Interests": NaN,
        "Net Income Including Noncontrolling Interests": -22548325.0,
        "Net Income Continuous Operations": -22548325.0,
        "Tax Provision": 223681.0,
        "Pretax Income": -22324644.0,
        "Other Income Expense": -16758342.0,
        "Other Non Operating Income Expenses": NaN,
        "Special Income Charges": 1170820.0,
        "Gain On Sale Of Ppe": 1170820.0,
        "Impairment Of Capital Assets": NaN,
        "Earnings From Equity Interest": 22320034.0,
        "Gain On Sale Of Security": -40249196.0,
        "Net Non Operating Interest Income Expense": -2515772.0,
        "Interest Expense Non Operating": 2747712.0,
        "Interest Income Non Operating": 231940.0,
        "Operating Income": -3050530.0,
        "Operating Expense": 2908069.0,
        "Other Operating Expenses": 460003.0,
        "Selling General And Administration": 2448066.0,
        "Selling And Marketing Expense": 110303.0,
        "General And Administrative Expense": 2337763.0,
        "Other Gand A": 773581.0,
        "Insurance And Claims": 268131.0,
        "Salaries And Wages": 1296051.0,
        "Gross Profit": -142461.0,
        "Cost Of Revenue": 142461.0,
        "Total Revenue": 0.0,
        "Operating Revenue": 0.0
    },
    "2025-06-30": {
        "Tax Effect Of Unusual Items": -1146061.35,
        "Tax Rate For Calcs": 0.21,
        "Normalized EBITDA": 23397461.0,
        "Total Unusual Items": -5457435.0,
        "Total Unusual Items Excluding Goodwill": -5457435.0,
        "Net Income From Continuing Operation Net Minority Interest": 15924865.0,
        "Reconciled Depreciation": 33741.0,
        "Reconciled Cost Of Revenue": 136552.0,
        "EBITDA": 17940026.0,
        "EBIT": 17906285.0,
        "Net Interest Income": -1707262.0,
        "Interest Expense": 2033871.0,
        "Interest Income": 326609.0,
        "Normalized Income": 20236238.65,
        "Net Income From Continuing And Discontinued Operation": 15924865.0,
        "Total Expenses": 4289073.0,
        "Total Operating Income As Reported": 23037111.0,
        "Diluted Average Shares": 12328749.0,
        "Basic Average Shares": 12116897.0,
        "Diluted EPS": 1.24,
        "Basic EPS": 1.26,
        "Diluted NI Availto Com Stockholders": 15924865.0,
        "Average Dilution Earnings": 0.0,
        "Net Income Common Stockholders": 15924865.0,
        "Net Income": 15924865.0,
        "Minority Interests": 0.0,
        "Net Income Including Noncontrolling Interests": 15924865.0,
        "Net Income Continuous Operations": 15924865.0,
        "Tax Provision": -52451.0,
        "Pretax Income": 15872414.0,
        "Other Income Expense": 21868749.0,
        "Other Non Operating Income Expenses": NaN,
        "Special Income Charges": 959453.0,
        "Gain On Sale Of Ppe": 959453.0,
        "Impairment Of Capital Assets": NaN,
        "Earnings From Equity Interest": 27326184.0,
        "Gain On Sale Of Security": -6416888.0,
        "Net Non Operating Interest Income Expense": -1707262.0,
        "Interest Expense Non Operating": 2033871.0,
        "Interest Income Non Operating": 326609.0,
        "Operating Income": -4289073.0,
        "Operating Expense": 4152521.0,
        "Other Operating Expenses": 1038469.0,
        "Selling General And Administration": 3114052.0,
        "Selling And Marketing Expense": 269277.0,
        "General And Administrative Expense": 2844775.0,
        "Other Gand A": 955886.0,
        "Insurance And Claims": 270773.0,
        "Salaries And Wages": 1618116.0,
        "Gross Profit": -136552.0,
        "Cost Of Revenue": 136552.0,
        "Total Revenue": 0.0,
        "Operating Revenue": 0.0
    }
}