{
    "2023-03-31": {
        "Tax Effect Of Unusual Items": NaN,
        "Tax Rate For Calcs": NaN,
        "Normalized EBITDA": NaN,
        "Total Unusual Items": NaN,
        "Total Unusual Items Excluding Goodwill": NaN,
        "Net Income From Continuing Operation Net Minority Interest": NaN,
        "Reconciled Depreciation": NaN,
        "Reconciled Cost Of Revenue": NaN,
        "EBITDA": NaN,
        "EBIT": NaN,
        "Net Interest Income": NaN,
        "Interest Expense": NaN,
        "Interest Income": NaN,
        "Normalized Income": NaN,
        "Net Income From Continuing And Discontinued Operation": NaN,
        "Total Expenses": NaN,
        "Total Operating Income As Reported": NaN,
        "Diluted Average Shares": 9460976.0,
        "Basic Average Shares": 9460976.0,
        "Diluted EPS": 1.14,
        "Basic EPS": 1.14,
        "Diluted NI Availto Com Stockholders": NaN,
        "Average Dilution Earnings": 0.0,
        "Net Income Common Stockholders": NaN,
        "Preferred Stock Dividends": NaN,
        "Net Income": NaN,
        "Net Income Including Noncontrolling Interests": NaN,
        "Net Income Discontinuous Operations": NaN,
        "Net Income Continuous Operations": NaN,
        "Tax Provision": NaN,
        "Pretax Income": NaN,
        "Other Income Expense": NaN,
        "Other Non Operating Income Expenses": -7343592.0,
        "Special Income Charges": NaN,
        "Gain On Sale Of Ppe": NaN,
        "Gain On Sale Of Security": NaN,
        "Net Non Operating Interest Income Expense": NaN,
        "Total Other Finance Cost": NaN,
        "Interest Expense Non Operating": NaN,
        "Interest Income Non Operating": NaN,
        "Operating Income": NaN,
        "Operating Expense": NaN,
        "Other Operating Expenses": NaN,
        "Selling General And Administration": NaN,
        "General And Administrative Expense": NaN,
        "Other Gand A": NaN,
        "Salaries And Wages": NaN,
        "Gross Profit": NaN,
        "Cost Of Revenue": NaN,
        "Total Revenue": NaN,
        "Operating Revenue": NaN
    },
    "2022-12-31": {
        "Tax Effect Of Unusual Items": NaN,
        "Tax Rate For Calcs": NaN,
        "Normalized EBITDA": NaN,
        "Total Unusual Items": NaN,
        "Total Unusual Items Excluding Goodwill": NaN,
        "Net Income From Continuing Operation Net Minority Interest": NaN,
        "Reconciled Depreciation": NaN,
        "Reconciled Cost Of Revenue": NaN,
        "EBITDA": NaN,
        "EBIT": NaN,
        "Net Interest Income": NaN,
        "Interest Expense": NaN,
        "Interest Income": 877642.0,
        "Normalized Income": NaN,
        "Net Income From Continuing And Discontinued Operation": NaN,
        "Total Expenses": NaN,
        "Total Operating Income As Reported": NaN,
        "Diluted Average Shares": NaN,
        "Basic Average Shares": NaN,
        "Diluted EPS": NaN,
        "Basic EPS": NaN,
        "Diluted NI Availto Com Stockholders": NaN,
        "Average Dilution Earnings": NaN,
        "Net Income Common Stockholders": NaN,
        "Preferred Stock Dividends": NaN,
        "Net Income": NaN,
        "Net Income Including Noncontrolling Interests": NaN,
        "Net Income Discontinuous Operations": NaN,
        "Net Income Continuous Operations": NaN,
        "Tax Provision": NaN,
        "Pretax Income": NaN,
        "Other Income Expense": NaN,
        "Other Non Operating Income Expenses": NaN,
        "Special Income Charges": NaN,
        "Gain On Sale Of Ppe": NaN,
        "Gain On Sale Of Security": NaN,
        "Net Non Operating Interest Income Expense": NaN,
        "Total Other Finance Cost": NaN,
        "Interest Expense Non Operating": NaN,
        "Interest Income Non Operating": 877642.0,
        "Operating Income": NaN,
        "Operating Expense": NaN,
        "Other Operating Expenses": NaN,
        "Selling General And Administration": NaN,
        "General And Administrative Expense": NaN,
        "Other Gand A": NaN,
        "Salaries And Wages": 18000.0,
        "Gross Profit": NaN,
        "Cost Of Revenue": NaN,
        "Total Revenue": NaN,
        "Operating Revenue": NaN
    },
    "2022-09-30": {
        "Tax Effect Of Unusual Items": NaN,
        "Tax Rate For Calcs": NaN,
        "Normalized EBITDA": NaN,
        "Total Unusual Items": NaN,
        "Total Unusual Items Excluding Goodwill": NaN,
        "Net Income From Continuing Operation Net Minority Interest": NaN,
        "Reconciled Depreciation": NaN,
        "Reconciled Cost Of Revenue": NaN,
        "EBITDA": NaN,
        "EBIT": NaN,
        "Net Interest Income": NaN,
        "Interest Expense": NaN,
        "Interest Income": NaN,
        "Normalized Income": NaN,
        "Net Income From Continuing And Discontinued Operation": NaN,
        "Total Expenses": NaN,
        "Total Operating Income As Reported": NaN,
        "Diluted Average Shares": 9461008.0,
        "Basic Average Shares": 9461008.0,
        "Diluted EPS": 3.9,
        "Basic EPS": 3.9,
        "Diluted NI Availto Com Stockholders": NaN,
        "Average Dilution Earnings": NaN,
        "Net Income Common Stockholders": NaN,
        "Preferred Stock Dividends": NaN,
        "Net Income": NaN,
        "Net Income Including Noncontrolling Interests": NaN,
        "Net Income Discontinuous Operations": NaN,
        "Net Income Continuous Operations": NaN,
        "Tax Provision": NaN,
        "Pretax Income": NaN,
        "Other Income Expense": NaN,
        "Other Non Operating Income Expenses": 105684.0,
        "Special Income Charges": NaN,
        "Gain On Sale Of Ppe": NaN,
        "Gain On Sale Of Security": NaN,
        "Net Non Operating Interest Income Expense": NaN,
        "Total Other Finance Cost": NaN,
        "Interest Expense Non Operating": NaN,
        "Interest Income Non Operating": NaN,
        "Operating Income": NaN,
        "Operating Expense": NaN,
        "Other Operating Expenses": NaN,
        "Selling General And Administration": NaN,
        "General And Administrative Expense": NaN,
        "Other Gand A": NaN,
        "Salaries And Wages": NaN,
        "Gross Profit": NaN,
        "Cost Of Revenue": NaN,
        "Total Revenue": NaN,
        "Operating Revenue": NaN
    },
    "2022-06-30": {
        "Tax Effect Of Unusual Items": 1025.060489,
        "Tax Rate For Calcs": 0.014845,
        "Normalized EBITDA": 35796066.0,
        "Total Unusual Items": 69053.0,
        "Total Unusual Items Excluding Goodwill": 69053.0,
        "Net Income From Continuing Operation Net Minority Interest": 27753496.0,
        "Reconciled Depreciation": 6092412.0,
        "Reconciled Cost Of Revenue": 34274135.0,
        "EBITDA": 35865119.0,
        "EBIT": 29772707.0,
        "Net Interest Income": -1738147.0,
        "Interest Expense": 1601015.0,
        "Interest Income": 115572.0,
        "Normalized Income": 27685468.060489,
        "Net Income From Continuing And Discontinued Operation": 27753496.0,
        "Total Expenses": 37656880.0,
        "Total Operating Income As Reported": 29840786.0,
        "Diluted Average Shares": 94610088.0,
        "Basic Average Shares": 94610088.0,
        "Diluted EPS": 0.29,
        "Basic EPS": 0.29,
        "Diluted NI Availto Com Stockholders": 27753496.0,
        "Net Income Common Stockholders": 27753496.0,
        "Net Income": 27753496.0,
        "Net Income Including Noncontrolling Interests": 27753496.0,
        "Net Income Discontinuous Operations": NaN,
        "Net Income Continuous Operations": 27753496.0,
        "Tax Provision": 418196.0,
        "Pretax Income": 28171692.0,
        "Other Income Expense": 69053.0,
        "Other Non Operating Income Expenses": NaN,
        "Special Income Charges": NaN,
        "Gain On Sale Of Ppe": NaN,
        "Gain On Sale Of Security": 69053.0,
        "Net Non Operating Interest Income Expense": -1738147.0,
        "Total Other Finance Cost": 252704.0,
        "Interest Expense Non Operating": 1601015.0,
        "Interest Income Non Operating": 115572.0,
        "Operating Income": 29840786.0,
        "Operating Expense": 3382745.0,
        "Other Operating Expenses": NaN,
        "Provision For Doubtful Accounts": NaN,
        "Selling General And Administration": 3382745.0,
        "General And Administrative Expense": 3382745.0,
        "Other Gand A": 3364745.0,
        "Salaries And Wages": 18000.0,
        "Gross Profit": 33223531.0,
        "Cost Of Revenue": 34274135.0,
        "Total Revenue": 67497666.0,
        "Operating Revenue": 67497666.0
    },
    "2022-03-31": {
        "Diluted EPS": 0.21,
        "Total Revenue": 38,
        "Gross Profit": 27,
        "Operating Income": 20,
        "EBIT": 24,
        "Net Income": 20
    },
    "2021-12-31": {
        "Diluted EPS": 0.22,
        "Total Revenue": 60,
        "Gross Profit": 39,
        "Operating Income": 31,
        "EBIT": 35,
        "Net Income": 17
    },
    "2021-09-30": {
        "Diluted EPS": 0.16,
        "Total Revenue": 43,
        "Gross Profit": 24,
        "Operating Income": 16,
        "EBIT": 20,
        "Net Income": 15
    },
    "2021-06-30": {
        "Diluted EPS": 0.07,
        "Total Revenue": 22,
        "Gross Profit": 12,
        "Operating Income": 7,
        "EBIT": 10,
        "Net Income": 6
    },
    "2021-03-31": {
        "Diluted EPS": 0.02,
        "Total Revenue": 7,
        "Gross Profit": 4,
        "Operating Income": 1,
        "EBIT": 3,
        "Net Income": 1
    },
    "2020-12-31": {
        "Diluted EPS": 0.61,
        "Total Revenue": 4,
        "Gross Profit": 1,
        "Operating Income": 0,
        "Net Income": -1
    },
    "2020-09-30": {
        "Diluted EPS": -0.05,
        "Total Revenue": 3,
        "Gross Profit": 1,
        "Operating Income": 0,
        "Net Income": -1
    },
    "2020-06-30": {
        "Diluted EPS": -0.12,
        "Total Revenue": 3,
        "Gross Profit": 1,
        "Operating Income": 1,
        "EBIT": 1,
        "Net Income": 0
    },
    "2020-03-31": {
        "Diluted EPS": -0.7,
        "Total Revenue": 3,
        "Gross Profit": 1,
        "Operating Income": 1,
        "EBIT": 1,
        "Net Income": 0
    },
    "2019-06-30": {
        "Diluted EPS": 4.7,
        "Total Revenue": 1,
        "Gross Profit": 1,
        "Operating Income": 0,
        "EBIT": 0,
        "Net Income": 0
    },
    "2019-03-31": {
        "Diluted EPS": -1.0,
        "Total Revenue": 1,
        "Gross Profit": 0,
        "Operating Income": 0,
        "EBIT": 0,
        "Net Income": 0
    },
    "2018-12-31": {
        "Diluted EPS": 0.0,
        "Total Revenue": NaN,
        "Gross Profit": NaN,
        "Operating Income": NaN,
        "EBIT": NaN,
        "Net Income": NaN
    },
    "2018-09-30": {
        "Diluted EPS": 0.0,
        "Total Revenue": NaN,
        "Gross Profit": NaN,
        "Operating Income": NaN,
        "EBIT": NaN,
        "Net Income": NaN
    },
    "2018-06-30": {
        "Diluted EPS": -1.7,
        "Total Revenue": 1,
        "Gross Profit": 1,
        "Operating Income": 0,
        "EBIT": 0,
        "Net Income": 0
    },
    "2017-12-31": {
        "Diluted EPS": 0.0,
        "Total Revenue": NaN,
        "Gross Profit": NaN,
        "Operating Income": NaN,
        "EBIT": NaN,
        "Net Income": NaN
    },
    "2017-09-30": {
        "Diluted EPS": 0.0,
        "Total Revenue": NaN,
        "Gross Profit": NaN,
        "Operating Income": NaN,
        "EBIT": NaN,
        "Net Income": NaN
    },
    "2023-06-30": {
        "Tax Effect Of Unusual Items": NaN,
        "Tax Rate For Calcs": NaN,
        "Normalized EBITDA": NaN,
        "Total Unusual Items": NaN,
        "Total Unusual Items Excluding Goodwill": NaN,
        "Net Income From Continuing Operation Net Minority Interest": NaN,
        "Reconciled Depreciation": NaN,
        "Reconciled Cost Of Revenue": NaN,
        "EBITDA": NaN,
        "EBIT": NaN,
        "Net Interest Income": NaN,
        "Interest Expense": NaN,
        "Interest Income": NaN,
        "Normalized Income": NaN,
        "Net Income From Continuing And Discontinued Operation": NaN,
        "Total Expenses": NaN,
        "Total Operating Income As Reported": NaN,
        "Diluted Average Shares": 9495707.0,
        "Basic Average Shares": 9495707.0,
        "Diluted EPS": 0.86,
        "Basic EPS": 0.86,
        "Diluted NI Availto Com Stockholders": NaN,
        "Average Dilution Earnings": NaN,
        "Net Income Common Stockholders": NaN,
        "Preferred Stock Dividends": NaN,
        "Net Income": NaN,
        "Net Income Including Noncontrolling Interests": NaN,
        "Net Income Discontinuous Operations": NaN,
        "Net Income Continuous Operations": NaN,
        "Tax Provision": NaN,
        "Pretax Income": NaN,
        "Other Income Expense": NaN,
        "Other Non Operating Income Expenses": 2985122.0,
        "Special Income Charges": NaN,
        "Gain On Sale Of Ppe": NaN,
        "Gain On Sale Of Security": NaN,
        "Net Non Operating Interest Income Expense": NaN,
        "Total Other Finance Cost": NaN,
        "Interest Expense Non Operating": NaN,
        "Interest Income Non Operating": NaN,
        "Operating Income": NaN,
        "Operating Expense": NaN,
        "Other Operating Expenses": NaN,
        "Selling General And Administration": NaN,
        "General And Administrative Expense": NaN,
        "Other Gand A": NaN,
        "Salaries And Wages": NaN,
        "Gross Profit": NaN,
        "Cost Of Revenue": NaN,
        "Total Revenue": NaN,
        "Operating Revenue": NaN
    },
    "2023-09-30": {
        "Tax Effect Of Unusual Items": -506283.375,
        "Tax Rate For Calcs": 0.125,
        "Normalized EBITDA": 6996269.0,
        "Total Unusual Items": -4050267.0,
        "Total Unusual Items Excluding Goodwill": -4050267.0,
        "Net Income From Continuing Operation Net Minority Interest": -5387321.0,
        "Reconciled Depreciation": 5923845.0,
        "Reconciled Cost Of Revenue": 17337216.0,
        "EBITDA": 2946002.0,
        "EBIT": -2977843.0,
        "Net Interest Income": -1940963.0,
        "Interest Expense": 2375751.0,
        "Interest Income": 766690.0,
        "Normalized Income": -1843337.375,
        "Net Income From Continuing And Discontinued Operation": -5387321.0,
        "Total Expenses": 20767267.0,
        "Total Operating Income As Reported": 3787522.0,
        "Diluted Average Shares": NaN,
        "Basic Average Shares": NaN,
        "Diluted EPS": NaN,
        "Basic EPS": NaN,
        "Diluted NI Availto Com Stockholders": -5842288.0,
        "Average Dilution Earnings": NaN,
        "Net Income Common Stockholders": -5842288.0,
        "Preferred Stock Dividends": NaN,
        "Net Income": -5387321.0,
        "Net Income Including Noncontrolling Interests": -5387321.0,
        "Net Income Discontinuous Operations": 0.0,
        "Net Income Continuous Operations": -5387321.0,
        "Tax Provision": 33727.0,
        "Pretax Income": -5353594.0,
        "Other Income Expense": -4050267.0,
        "Other Non Operating Income Expenses": NaN,
        "Special Income Charges": 3149886.0,
        "Gain On Sale Of Ppe": 3149886.0,
        "Gain On Sale Of Security": -7200153.0,
        "Net Non Operating Interest Income Expense": -1940963.0,
        "Total Other Finance Cost": 331902.0,
        "Interest Expense Non Operating": 2375751.0,
        "Interest Income Non Operating": 766690.0,
        "Operating Income": 637636.0,
        "Operating Expense": 3430051.0,
        "Other Operating Expenses": 1832974.0,
        "Selling General And Administration": 1597077.0,
        "General And Administrative Expense": 1597077.0,
        "Other Gand A": 1579077.0,
        "Salaries And Wages": 18000.0,
        "Gross Profit": 4067687.0,
        "Cost Of Revenue": 17337216.0,
        "Total Revenue": 21404903.0,
        "Operating Revenue": 21404903.0
    },
    "2023-12-31": {
        "Tax Effect Of Unusual Items": NaN,
        "Tax Rate For Calcs": NaN,
        "Normalized EBITDA": NaN,
        "Total Unusual Items": NaN,
        "Total Unusual Items Excluding Goodwill": NaN,
        "Net Income From Continuing Operation Net Minority Interest": NaN,
        "Reconciled Depreciation": NaN,
        "Reconciled Cost Of Revenue": NaN,
        "EBITDA": NaN,
        "EBIT": NaN,
        "Net Interest Income": NaN,
        "Interest Expense": 2132164.0,
        "Interest Income": 1003287.0,
        "Normalized Income": NaN,
        "Net Income From Continuing And Discontinued Operation": NaN,
        "Total Expenses": NaN,
        "Total Operating Income As Reported": NaN,
        "Diluted Average Shares": 22695612.0,
        "Basic Average Shares": 9662387.0,
        "Diluted EPS": 1.1,
        "Basic EPS": 2.5,
        "Diluted NI Availto Com Stockholders": NaN,
        "Average Dilution Earnings": NaN,
        "Net Income Common Stockholders": NaN,
        "Preferred Stock Dividends": NaN,
        "Net Income": NaN,
        "Minority Interests": NaN,
        "Net Income Including Noncontrolling Interests": NaN,
        "Net Income Discontinuous Operations": 0.0,
        "Net Income Continuous Operations": NaN,
        "Tax Provision": NaN,
        "Pretax Income": NaN,
        "Other Income Expense": NaN,
        "Other Non Operating Income Expenses": NaN,
        "Special Income Charges": NaN,
        "Gain On Sale Of Ppe": NaN,
        "Other Special Charges": NaN,
        "Earnings From Equity Interest": NaN,
        "Gain On Sale Of Security": 19081416.0,
        "Net Non Operating Interest Income Expense": NaN,
        "Total Other Finance Cost": NaN,
        "Interest Expense Non Operating": 2132164.0,
        "Interest Income Non Operating": 1003287.0,
        "Operating Income": NaN,
        "Operating Expense": NaN,
        "Other Operating Expenses": NaN,
        "Provision For Doubtful Accounts": NaN,
        "Selling General And Administration": NaN,
        "General And Administrative Expense": NaN,
        "Other Gand A": NaN,
        "Salaries And Wages": 18000.0,
        "Gross Profit": NaN,
        "Cost Of Revenue": NaN,
        "Total Revenue": NaN,
        "Operating Revenue": NaN
    },
    "2024-03-31": {
        "Tax Effect Of Unusual Items": NaN,
        "Tax Rate For Calcs": NaN,
        "Normalized EBITDA": NaN,
        "Total Unusual Items": NaN,
        "Total Unusual Items Excluding Goodwill": NaN,
        "Net Income From Continuing Operation Net Minority Interest": NaN,
        "Reconciled Depreciation": NaN,
        "Reconciled Cost Of Revenue": NaN,
        "EBITDA": NaN,
        "EBIT": NaN,
        "Net Interest Income": NaN,
        "Interest Expense": NaN,
        "Interest Income": 1475589.0,
        "Normalized Income": NaN,
        "Net Income From Continuing And Discontinued Operation": NaN,
        "Total Expenses": NaN,
        "Total Operating Income As Reported": NaN,
        "Diluted Average Shares": NaN,
        "Basic Average Shares": NaN,
        "Diluted EPS": NaN,
        "Basic EPS": NaN,
        "Diluted NI Availto Com Stockholders": NaN,
        "Average Dilution Earnings": 755757.0,
        "Net Income Common Stockholders": NaN,
        "Preferred Stock Dividends": NaN,
        "Net Income": NaN,
        "Minority Interests": 0.0,
        "Net Income Including Noncontrolling Interests": NaN,
        "Net Income Discontinuous Operations": 0.0,
        "Net Income Continuous Operations": NaN,
        "Tax Provision": NaN,
        "Pretax Income": NaN,
        "Other Income Expense": NaN,
        "Other Non Operating Income Expenses": NaN,
        "Special Income Charges": NaN,
        "Gain On Sale Of Ppe": NaN,
        "Other Special Charges": NaN,
        "Earnings From Equity Interest": 0.0,
        "Gain On Sale Of Security": NaN,
        "Net Non Operating Interest Income Expense": NaN,
        "Total Other Finance Cost": 557668.0,
        "Interest Expense Non Operating": NaN,
        "Interest Income Non Operating": 1475589.0,
        "Operating Income": NaN,
        "Operating Expense": NaN,
        "Other Operating Expenses": NaN,
        "Provision For Doubtful Accounts": 0.0,
        "Selling General And Administration": NaN,
        "General And Administrative Expense": NaN,
        "Other Gand A": NaN,
        "Salaries And Wages": 31500.0,
        "Gross Profit": NaN,
        "Cost Of Revenue": NaN,
        "Total Revenue": NaN,
        "Operating Revenue": NaN
    },
    "2024-06-30": {
        "Tax Effect Of Unusual Items": NaN,
        "Tax Rate For Calcs": 0.001369,
        "Normalized EBITDA": NaN,
        "Total Unusual Items": NaN,
        "Total Unusual Items Excluding Goodwill": NaN,
        "Net Income From Continuing Operation Net Minority Interest": 22853611.0,
        "Reconciled Depreciation": 3532023.0,
        "Reconciled Cost Of Revenue": 11014517.0,
        "EBITDA": NaN,
        "EBIT": NaN,
        "Net Interest Income": -120172.0,
        "Interest Expense": 120172.0,
        "Interest Income": 1851265.0,
        "Normalized Income": NaN,
        "Net Income From Continuing And Discontinued Operation": 22853611.0,
        "Total Expenses": 13535932.0,
        "Total Operating Income As Reported": 15569018.0,
        "Diluted Average Shares": NaN,
        "Basic Average Shares": NaN,
        "Diluted EPS": NaN,
        "Basic EPS": NaN,
        "Diluted NI Availto Com Stockholders": 22095964.0,
        "Average Dilution Earnings": 757647.0,
        "Net Income Common Stockholders": 22095964.0,
        "Preferred Stock Dividends": 757647.0,
        "Net Income": 22853611.0,
        "Minority Interests": NaN,
        "Net Income Including Noncontrolling Interests": 22853611.0,
        "Net Income Discontinuous Operations": 0.0,
        "Net Income Continuous Operations": 22853611.0,
        "Tax Provision": 31320.0,
        "Pretax Income": 22884931.0,
        "Other Income Expense": 20261506.0,
        "Other Non Operating Income Expenses": 7436085.0,
        "Special Income Charges": 12825421.0,
        "Gain On Sale Of Ppe": 11414065.0,
        "Other Special Charges": NaN,
        "Earnings From Equity Interest": NaN,
        "Gain On Sale Of Security": 1411356.0,
        "Net Non Operating Interest Income Expense": -120172.0,
        "Total Other Finance Cost": 688162.0,
        "Interest Expense Non Operating": 120172.0,
        "Interest Income Non Operating": 1851265.0,
        "Operating Income": 2743597.0,
        "Operating Expense": 2521415.0,
        "Other Operating Expenses": 1063894.0,
        "Provision For Doubtful Accounts": NaN,
        "Selling General And Administration": 1457521.0,
        "General And Administrative Expense": 1457521.0,
        "Other Gand A": NaN,
        "Salaries And Wages": 31500.0,
        "Gross Profit": 5265012.0,
        "Cost Of Revenue": 11014517.0,
        "Total Revenue": 16279529.0,
        "Operating Revenue": 16279529.0
    },
    "2024-09-30": {
        "Tax Effect Of Unusual Items": -26.773786,
        "Tax Rate For Calcs": 0.001787,
        "Normalized EBITDA": 4672320.0,
        "Total Unusual Items": -14982.0,
        "Total Unusual Items Excluding Goodwill": -14982.0,
        "Net Income From Continuing Operation Net Minority Interest": 2836455.0,
        "Reconciled Depreciation": 3660974.0,
        "Reconciled Cost Of Revenue": 9859176.0,
        "EBITDA": 4657338.0,
        "EBIT": 996364.0,
        "Net Interest Income": 1500652.0,
        "Interest Expense": 602303.0,
        "Interest Income": 1500652.0,
        "Normalized Income": 2851410.226214,
        "Net Income From Continuing And Discontinued Operation": 2836455.0,
        "Total Expenses": 12413673.0,
        "Total Operating Income As Reported": 981382.0,
        "Diluted Average Shares": 20483690.0,
        "Basic Average Shares": 9662354.0,
        "Diluted EPS": 0.14,
        "Basic EPS": 0.21,
        "Diluted NI Availto Com Stockholders": 2068545.0,
        "Average Dilution Earnings": 767910.0,
        "Net Income Common Stockholders": 2068545.0,
        "Preferred Stock Dividends": 767910.0,
        "Net Income": 2836455.0,
        "Minority Interests": 0.0,
        "Net Income Including Noncontrolling Interests": 2836455.0,
        "Net Income Discontinuous Operations": 0.0,
        "Net Income Continuous Operations": 2836455.0,
        "Tax Provision": 5078.0,
        "Pretax Income": 2841533.0,
        "Other Income Expense": 344517.0,
        "Other Non Operating Income Expenses": 359499.0,
        "Special Income Charges": -14982.0,
        "Gain On Sale Of Ppe": -14982.0,
        "Other Special Charges": NaN,
        "Earnings From Equity Interest": 0.0,
        "Gain On Sale Of Security": 359499.0,
        "Net Non Operating Interest Income Expense": 1500652.0,
        "Total Other Finance Cost": 435164.0,
        "Interest Expense Non Operating": 602303.0,
        "Interest Income Non Operating": 1500652.0,
        "Operating Income": 996364.0,
        "Operating Expense": 2554497.0,
        "Other Operating Expenses": 1051578.0,
        "Provision For Doubtful Accounts": 0.0,
        "Selling General And Administration": 1502919.0,
        "General And Administrative Expense": 1502919.0,
        "Other Gand A": 1502919.0,
        "Salaries And Wages": 31500.0,
        "Gross Profit": 3550861.0,
        "Cost Of Revenue": 9859176.0,
        "Total Revenue": 13410037.0,
        "Operating Revenue": 13410037.0
    },
    "2024-12-31": {
        "Tax Effect Of Unusual Items": -4515096.0,
        "Tax Rate For Calcs": 0.125,
        "Normalized EBITDA": 7814433.0,
        "Total Unusual Items": -36120768.0,
        "Total Unusual Items Excluding Goodwill": -36120768.0,
        "Net Income From Continuing Operation Net Minority Interest": -33402816.0,
        "Reconciled Depreciation": 3988177.0,
        "Reconciled Cost Of Revenue": 12674655.0,
        "EBITDA": -28306335.0,
        "EBIT": -32294512.0,
        "Net Interest Income": -26448.0,
        "Interest Expense": 388065.0,
        "Interest Income": 1017746.0,
        "Normalized Income": -1797144.0,
        "Net Income From Continuing And Discontinued Operation": -33402816.0,
        "Total Expenses": 15386163.0,
        "Total Operating Income As Reported": -7011456.0,
        "Diluted Average Shares": 9662354.0,
        "Basic Average Shares": 9662354.0,
        "Diluted EPS": -1.24,
        "Basic EPS": -1.24,
        "Diluted NI Availto Com Stockholders": -33402816.0,
        "Average Dilution Earnings": -21466712.0,
        "Net Income Common Stockholders": -11936104.0,
        "Preferred Stock Dividends": 970963.0,
        "Net Income": -33402816.0,
        "Minority Interests": NaN,
        "Net Income Including Noncontrolling Interests": -32716878.0,
        "Net Income Discontinuous Operations": 0.0,
        "Net Income Continuous Operations": -32716878.0,
        "Tax Provision": 34301.0,
        "Pretax Income": -32682577.0,
        "Other Income Expense": -33433532.0,
        "Other Non Operating Income Expenses": NaN,
        "Special Income Charges": -10476095.0,
        "Gain On Sale Of Ppe": -3465300.0,
        "Other Special Charges": -6740.0,
        "Earnings From Equity Interest": NaN,
        "Gain On Sale Of Security": -25644673.0,
        "Net Non Operating Interest Income Expense": -26448.0,
        "Total Other Finance Cost": 656129.0,
        "Interest Expense Non Operating": 388065.0,
        "Interest Income Non Operating": 1017746.0,
        "Operating Income": 777403.0,
        "Operating Expense": 2711508.0,
        "Other Operating Expenses": 1270332.0,
        "Provision For Doubtful Accounts": NaN,
        "Selling General And Administration": 1436353.0,
        "General And Administrative Expense": 1436353.0,
        "Other Gand A": 1404853.0,
        "Salaries And Wages": 31500.0,
        "Gross Profit": 3488911.0,
        "Cost Of Revenue": 12674655.0,
        "Total Revenue": 16163566.0,
        "Operating Revenue": 16163566.0
    },
    "2025-03-31": {
        "Tax Effect Of Unusual Items": -952476.25,
        "Tax Rate For Calcs": 0.125,
        "Normalized EBITDA": 11038380.0,
        "Total Unusual Items": -7619810.0,
        "Total Unusual Items Excluding Goodwill": -7619810.0,
        "Net Income From Continuing Operation Net Minority Interest": -19085783.0,
        "Reconciled Depreciation": 3449413.0,
        "Reconciled Cost Of Revenue": 14957770.0,
        "EBITDA": 3418570.0,
        "EBIT": -30843.0,
        "Net Interest Income": -1287414.0,
        "Interest Expense": NaN,
        "Interest Income": NaN,
        "Normalized Income": -12418449.25,
        "Net Income From Continuing And Discontinued Operation": -19085783.0,
        "Total Expenses": 20375002.0,
        "Total Operating Income As Reported": -33448226.0,
        "Diluted Average Shares": 9662354.0,
        "Basic Average Shares": 9662354.0,
        "Diluted EPS": -2.18,
        "Basic EPS": -2.18,
        "Diluted NI Availto Com Stockholders": -21048320.0,
        "Average Dilution Earnings": NaN,
        "Net Income Common Stockholders": -21048320.0,
        "Preferred Stock Dividends": 1962537.0,
        "Net Income": -19085783.0,
        "Minority Interests": 4261079.0,
        "Net Income Including Noncontrolling Interests": -23346862.0,
        "Net Income Discontinuous Operations": NaN,
        "Net Income Continuous Operations": -23346862.0,
        "Tax Provision": 294409.0,
        "Pretax Income": -23052453.0,
        "Other Income Expense": -21734196.0,
        "Other Non Operating Income Expenses": 11683187.0,
        "Special Income Charges": -7619810.0,
        "Gain On Sale Of Ppe": -7619810.0,
        "Other Special Charges": NaN,
        "Earnings From Equity Interest": -25797573.0,
        "Gain On Sale Of Security": NaN,
        "Net Non Operating Interest Income Expense": -1287414.0,
        "Total Other Finance Cost": 1287414.0,
        "Interest Expense Non Operating": NaN,
        "Interest Income Non Operating": NaN,
        "Operating Income": -30843.0,
        "Operating Expense": 5417232.0,
        "Other Operating Expenses": 1279215.0,
        "Provision For Doubtful Accounts": 4981.0,
        "Selling General And Administration": 4133036.0,
        "General And Administrative Expense": 4133036.0,
        "Other Gand A": 4133036.0,
        "Salaries And Wages": NaN,
        "Gross Profit": 5386389.0,
        "Cost Of Revenue": 14957770.0,
        "Total Revenue": 20344159.0,
        "Operating Revenue": 20344159.0
    },
    "2025-09-30": {
        "Tax Effect Of Unusual Items": 466679.875,
        "Tax Rate For Calcs": 0.125,
        "Normalized EBITDA": 20543901.0,
        "Total Unusual Items": 3733439.0,
        "Total Unusual Items Excluding Goodwill": 3733439.0,
        "Net Income From Continuing Operation Net Minority Interest": 19001560.0,
        "Reconciled Depreciation": 3366070.0,
        "Reconciled Cost Of Revenue": 14210057.0,
        "EBITDA": 24277340.0,
        "EBIT": 20911270.0,
        "Net Interest Income": -372607.0,
        "Interest Expense": 372607.0,
        "Interest Income": NaN,
        "Normalized Income": 15734800.875,
        "Net Income From Continuing And Discontinued Operation": 19001560.0,
        "Total Expenses": 19661747.0,
        "Total Operating Income As Reported": 4273279.0,
        "Diluted Average Shares": 84318733.0,
        "Basic Average Shares": 9662354.0,
        "Diluted EPS": 0.23,
        "Basic EPS": 1.76,
        "Diluted NI Availto Com Stockholders": 17024109.0,
        "Average Dilution Earnings": NaN,
        "Net Income Common Stockholders": 17024109.0,
        "Preferred Stock Dividends": 1977451.0,
        "Net Income": 19001560.0,
        "Minority Interests": -1994323.0,
        "Net Income Including Noncontrolling Interests": 20995883.0,
        "Net Income Discontinuous Operations": NaN,
        "Net Income Continuous Operations": 20995883.0,
        "Tax Provision": -457220.0,
        "Pretax Income": 20538663.0,
        "Other Income Expense": 19609816.0,
        "Other Non Operating Income Expenses": 12900473.0,
        "Special Income Charges": -4079.0,
        "Gain On Sale Of Ppe": -4079.0,
        "Other Special Charges": NaN,
        "Earnings From Equity Interest": 2975904.0,
        "Gain On Sale Of Security": 3737518.0,
        "Net Non Operating Interest Income Expense": -372607.0,
        "Total Other Finance Cost": NaN,
        "Interest Expense Non Operating": 372607.0,
        "Interest Income Non Operating": NaN,
        "Operating Income": 1301454.0,
        "Operating Expense": 5451690.0,
        "Other Operating Expenses": 866432.0,
        "Provision For Doubtful Accounts": 5937.0,
        "Selling General And Administration": 4579321.0,
        "General And Administrative Expense": 4579321.0,
        "Other Gand A": 4579321.0,
        "Salaries And Wages": NaN,
        "Gross Profit": 6753144.0,
        "Cost Of Revenue": 14210057.0,
        "Total Revenue": 20963201.0,
        "Operating Revenue": 20963201.0
    },
    "2025-06-30": {
        "Tax Effect Of Unusual Items": 275060.291711,
        "Tax Rate For Calcs": NaN,
        "Normalized EBITDA": 4806449.0,
        "Total Unusual Items": 5940552.0,
        "Total Unusual Items Excluding Goodwill": 5940552.0,
        "Net Income From Continuing Operation Net Minority Interest": NaN,
        "Reconciled Depreciation": NaN,
        "Reconciled Cost Of Revenue": NaN,
        "EBITDA": 10747001.0,
        "EBIT": 7543259.0,
        "Net Interest Income": NaN,
        "Interest Expense": 897260.0,
        "Interest Income": NaN,
        "Normalized Income": -397233.708289,
        "Net Income From Continuing And Discontinued Operation": NaN,
        "Total Expenses": NaN,
        "Total Operating Income As Reported": NaN,
        "Diluted Average Shares": 54503652.0,
        "Basic Average Shares": 9662354.0,
        "Diluted EPS": 0.1,
        "Basic EPS": 0.34,
        "Diluted NI Availto Com Stockholders": NaN,
        "Average Dilution Earnings": NaN,
        "Net Income Common Stockholders": NaN,
        "Preferred Stock Dividends": NaN,
        "Net Income": NaN,
        "Minority Interests": NaN,
        "Net Income Including Noncontrolling Interests": NaN,
        "Net Income Discontinuous Operations": NaN,
        "Net Income Continuous Operations": NaN,
        "Tax Provision": NaN,
        "Pretax Income": NaN,
        "Other Income Expense": NaN,
        "Other Non Operating Income Expenses": 2892749.0,
        "Special Income Charges": NaN,
        "Gain On Sale Of Ppe": NaN,
        "Other Special Charges": NaN,
        "Earnings From Equity Interest": NaN,
        "Gain On Sale Of Security": 5467066.0,
        "Net Non Operating Interest Income Expense": NaN,
        "Total Other Finance Cost": NaN,
        "Interest Expense Non Operating": 897260.0,
        "Interest Income Non Operating": NaN,
        "Operating Income": NaN,
        "Operating Expense": NaN,
        "Other Operating Expenses": NaN,
        "Provision For Doubtful Accounts": NaN,
        "Selling General And Administration": NaN,
        "General And Administrative Expense": NaN,
        "Other Gand A": 5414699.0,
        "Salaries And Wages": NaN,
        "Gross Profit": NaN,
        "Cost Of Revenue": NaN,
        "Total Revenue": NaN,
        "Operating Revenue": NaN
    }
}