{
    "2023-03-31": {
        "Tax Effect Of Unusual Items": NaN,
        "Tax Rate For Calcs": NaN,
        "Normalized EBITDA": NaN,
        "Total Unusual Items": NaN,
        "Total Unusual Items Excluding Goodwill": NaN,
        "Net Income From Continuing Operation Net Minority Interest": NaN,
        "Reconciled Depreciation": NaN,
        "Reconciled Cost Of Revenue": NaN,
        "EBITDA": NaN,
        "EBIT": NaN,
        "Net Interest Income": NaN,
        "Interest Expense": NaN,
        "Interest Income": NaN,
        "Normalized Income": NaN,
        "Net Income From Continuing And Discontinued Operation": NaN,
        "Total Expenses": NaN,
        "Total Operating Income As Reported": NaN,
        "Diluted Average Shares": NaN,
        "Basic Average Shares": NaN,
        "Diluted EPS": NaN,
        "Basic EPS": NaN,
        "Diluted NI Availto Com Stockholders": NaN,
        "Net Income Common Stockholders": NaN,
        "Net Income": NaN,
        "Net Income Including Noncontrolling Interests": NaN,
        "Net Income Continuous Operations": NaN,
        "Earnings From Equity Interest Net Of Tax": NaN,
        "Tax Provision": NaN,
        "Pretax Income": NaN,
        "Other Income Expense": NaN,
        "Other Non Operating Income Expenses": NaN,
        "Special Income Charges": NaN,
        "Restructuring And Mergern Acquisition": NaN,
        "Gain On Sale Of Security": 12000000.0,
        "Net Non Operating Interest Income Expense": NaN,
        "Interest Expense Non Operating": NaN,
        "Interest Income Non Operating": NaN,
        "Operating Income": NaN,
        "Operating Expense": NaN,
        "Depreciation Amortization Depletion Income Statement": NaN,
        "Depreciation And Amortization In Income Statement": NaN,
        "Selling General And Administration": NaN,
        "Gross Profit": NaN,
        "Cost Of Revenue": NaN,
        "Total Revenue": NaN,
        "Operating Revenue": NaN
    },
    "2022-12-31": {
        "Tax Effect Of Unusual Items": NaN,
        "Tax Rate For Calcs": NaN,
        "Normalized EBITDA": NaN,
        "Total Unusual Items": NaN,
        "Total Unusual Items Excluding Goodwill": NaN,
        "Net Income From Continuing Operation Net Minority Interest": NaN,
        "Reconciled Depreciation": NaN,
        "Reconciled Cost Of Revenue": NaN,
        "EBITDA": NaN,
        "EBIT": NaN,
        "Net Interest Income": NaN,
        "Interest Expense": NaN,
        "Interest Income": NaN,
        "Normalized Income": NaN,
        "Net Income From Continuing And Discontinued Operation": NaN,
        "Total Expenses": NaN,
        "Total Operating Income As Reported": NaN,
        "Diluted Average Shares": NaN,
        "Basic Average Shares": NaN,
        "Diluted EPS": NaN,
        "Basic EPS": NaN,
        "Diluted NI Availto Com Stockholders": NaN,
        "Net Income Common Stockholders": NaN,
        "Net Income": NaN,
        "Net Income Including Noncontrolling Interests": NaN,
        "Net Income Continuous Operations": NaN,
        "Earnings From Equity Interest Net Of Tax": NaN,
        "Tax Provision": NaN,
        "Pretax Income": NaN,
        "Other Income Expense": NaN,
        "Other Non Operating Income Expenses": NaN,
        "Special Income Charges": NaN,
        "Restructuring And Mergern Acquisition": NaN,
        "Gain On Sale Of Security": 8000000.0,
        "Net Non Operating Interest Income Expense": NaN,
        "Interest Expense Non Operating": NaN,
        "Interest Income Non Operating": NaN,
        "Operating Income": NaN,
        "Operating Expense": NaN,
        "Depreciation Amortization Depletion Income Statement": NaN,
        "Depreciation And Amortization In Income Statement": NaN,
        "Selling General And Administration": NaN,
        "Gross Profit": NaN,
        "Cost Of Revenue": NaN,
        "Total Revenue": NaN,
        "Operating Revenue": NaN
    },
    "2022-09-30": {
        "Tax Effect Of Unusual Items": 676108.374384,
        "Tax Rate For Calcs": 0.225369,
        "Normalized EBITDA": 956000000.0,
        "Total Unusual Items": 3000000.0,
        "Total Unusual Items Excluding Goodwill": 3000000.0,
        "Net Income From Continuing Operation Net Minority Interest": 629000000.0,
        "Reconciled Depreciation": 141000000.0,
        "Reconciled Cost Of Revenue": 3080000000.0,
        "EBITDA": 959000000.0,
        "EBIT": 818000000.0,
        "Net Interest Income": 11000000.0,
        "Interest Expense": 6000000.0,
        "Interest Income": 17000000.0,
        "Normalized Income": 626676108.374384,
        "Net Income From Continuing And Discontinued Operation": 629000000.0,
        "Total Expenses": 4059000000.0,
        "Total Operating Income As Reported": 798000000.0,
        "Diluted Average Shares": 517000000.0,
        "Basic Average Shares": 516000000.0,
        "Diluted EPS": 1.22,
        "Basic EPS": 1.22,
        "Diluted NI Availto Com Stockholders": 629000000.0,
        "Net Income Common Stockholders": 629000000.0,
        "Net Income": 629000000.0,
        "Net Income Including Noncontrolling Interests": 629000000.0,
        "Net Income Continuous Operations": 629000000.0,
        "Earnings From Equity Interest Net Of Tax": 0.0,
        "Tax Provision": 183000000.0,
        "Pretax Income": 812000000.0,
        "Other Income Expense": 3000000.0,
        "Other Non Operating Income Expenses": NaN,
        "Special Income Charges": NaN,
        "Restructuring And Mergern Acquisition": NaN,
        "Gain On Sale Of Security": 3000000.0,
        "Net Non Operating Interest Income Expense": 11000000.0,
        "Interest Expense Non Operating": 6000000.0,
        "Interest Income Non Operating": 17000000.0,
        "Operating Income": 798000000.0,
        "Operating Expense": 979000000.0,
        "Depreciation Amortization Depletion Income Statement": 141000000.0,
        "Depreciation And Amortization In Income Statement": 141000000.0,
        "Selling General And Administration": 838000000.0,
        "Gross Profit": 1777000000.0,
        "Cost Of Revenue": 3080000000.0,
        "Total Revenue": 4857000000.0,
        "Operating Revenue": 4857000000.0
    },
    "2022-06-30": {
        "Tax Effect Of Unusual Items": -967148.48883,
        "Tax Rate For Calcs": 0.241787,
        "Normalized EBITDA": 912000000.0,
        "Total Unusual Items": -4000000.0,
        "Total Unusual Items Excluding Goodwill": -4000000.0,
        "Net Income From Continuing Operation Net Minority Interest": 577000000.0,
        "Reconciled Depreciation": 144000000.0,
        "Reconciled Cost Of Revenue": 3119000000.0,
        "EBITDA": 908000000.0,
        "EBIT": 764000000.0,
        "Net Interest Income": 6000000.0,
        "Interest Expense": 3000000.0,
        "Interest Income": 9000000.0,
        "Normalized Income": 580032851.51117,
        "Net Income From Continuing And Discontinued Operation": 577000000.0,
        "Total Expenses": 4146000000.0,
        "Total Operating Income As Reported": 760000000.0,
        "Diluted Average Shares": 521000000.0,
        "Basic Average Shares": 520000000.0,
        "Diluted EPS": 1.11,
        "Basic EPS": 1.11,
        "Diluted NI Availto Com Stockholders": 577000000.0,
        "Net Income Common Stockholders": 577000000.0,
        "Net Income": 577000000.0,
        "Net Income Including Noncontrolling Interests": 577000000.0,
        "Net Income Continuous Operations": 577000000.0,
        "Earnings From Equity Interest Net Of Tax": 0.0,
        "Tax Provision": 184000000.0,
        "Pretax Income": 761000000.0,
        "Other Income Expense": -5000000.0,
        "Other Non Operating Income Expenses": -1000000.0,
        "Special Income Charges": NaN,
        "Restructuring And Mergern Acquisition": NaN,
        "Gain On Sale Of Security": -4000000.0,
        "Net Non Operating Interest Income Expense": 6000000.0,
        "Interest Expense Non Operating": 3000000.0,
        "Interest Income Non Operating": 9000000.0,
        "Operating Income": 760000000.0,
        "Operating Expense": 1027000000.0,
        "Depreciation Amortization Depletion Income Statement": 144000000.0,
        "Depreciation And Amortization In Income Statement": 144000000.0,
        "Selling General And Administration": 883000000.0,
        "Gross Profit": 1787000000.0,
        "Cost Of Revenue": 3119000000.0,
        "Total Revenue": 4906000000.0,
        "Operating Revenue": 4906000000.0
    },
    "2023-06-30": {
        "Tax Effect Of Unusual Items": NaN,
        "Tax Rate For Calcs": NaN,
        "Normalized EBITDA": NaN,
        "Total Unusual Items": NaN,
        "Total Unusual Items Excluding Goodwill": NaN,
        "Net Income From Continuing Operation Net Minority Interest": NaN,
        "Reconciled Depreciation": NaN,
        "Reconciled Cost Of Revenue": NaN,
        "EBITDA": NaN,
        "EBIT": NaN,
        "Net Interest Income": NaN,
        "Interest Expense": NaN,
        "Interest Income": NaN,
        "Normalized Income": NaN,
        "Net Income From Continuing And Discontinued Operation": NaN,
        "Total Expenses": NaN,
        "Total Operating Income As Reported": NaN,
        "Diluted Average Shares": NaN,
        "Basic Average Shares": NaN,
        "Diluted EPS": NaN,
        "Basic EPS": NaN,
        "Diluted NI Availto Com Stockholders": NaN,
        "Net Income Common Stockholders": NaN,
        "Net Income": NaN,
        "Net Income Including Noncontrolling Interests": NaN,
        "Net Income Continuous Operations": NaN,
        "Earnings From Equity Interest Net Of Tax": NaN,
        "Tax Provision": NaN,
        "Pretax Income": NaN,
        "Other Income Expense": NaN,
        "Other Non Operating Income Expenses": NaN,
        "Special Income Charges": NaN,
        "Restructuring And Mergern Acquisition": NaN,
        "Gain On Sale Of Security": -9000000.0,
        "Net Non Operating Interest Income Expense": NaN,
        "Interest Expense Non Operating": NaN,
        "Interest Income Non Operating": NaN,
        "Operating Income": NaN,
        "Operating Expense": NaN,
        "Depreciation Amortization Depletion Income Statement": NaN,
        "Depreciation And Amortization In Income Statement": NaN,
        "Selling General And Administration": NaN,
        "Gross Profit": NaN,
        "Cost Of Revenue": NaN,
        "Total Revenue": NaN,
        "Operating Revenue": NaN
    },
    "2022-03-31": {
        "Diluted EPS": 1.07,
        "Total Revenue": NaN,
        "Gross Profit": NaN,
        "Operating Income": 724,
        "EBIT": 867,
        "Net Income": 563
    },
    "2021-12-31": {
        "Diluted EPS": 1.1,
        "Total Revenue": NaN,
        "Gross Profit": NaN,
        "Operating Income": 732,
        "EBIT": 876,
        "Net Income": 576
    },
    "2021-09-30": {
        "Diluted EPS": 1.03,
        "Total Revenue": NaN,
        "Gross Profit": NaN,
        "Operating Income": 729,
        "EBIT": 873,
        "Net Income": 544
    },
    "2021-06-30": {
        "Diluted EPS": 0.97,
        "Total Revenue": NaN,
        "Gross Profit": NaN,
        "Operating Income": 696,
        "EBIT": 841,
        "Net Income": 512
    },
    "2021-03-31": {
        "Diluted EPS": 0.95,
        "Total Revenue": NaN,
        "Gross Profit": NaN,
        "Operating Income": 669,
        "EBIT": 810,
        "Net Income": 505
    },
    "2020-12-31": {
        "Diluted EPS": 0.59,
        "Total Revenue": NaN,
        "Gross Profit": NaN,
        "Operating Income": 465,
        "EBIT": 613,
        "Net Income": 316
    },
    "2020-09-30": {
        "Diluted EPS": 0.64,
        "Total Revenue": NaN,
        "Gross Profit": NaN,
        "Operating Income": 603,
        "EBIT": 741,
        "Net Income": 348
    },
    "2020-06-30": {
        "Diluted EPS": 0.67,
        "Total Revenue": NaN,
        "Gross Profit": NaN,
        "Operating Income": 467,
        "EBIT": 604,
        "Net Income": 361
    },
    "2020-03-31": {
        "Diluted EPS": 0.67,
        "Total Revenue": NaN,
        "Gross Profit": NaN,
        "Operating Income": 579,
        "EBIT": 715,
        "Net Income": 367
    },
    "2019-12-31": {
        "Diluted EPS": 0.72,
        "Total Revenue": NaN,
        "Gross Profit": NaN,
        "Operating Income": 626,
        "EBIT": 759,
        "Net Income": 395
    },
    "2019-09-30": {
        "Diluted EPS": 0.9,
        "Total Revenue": NaN,
        "Gross Profit": NaN,
        "Operating Income": 669,
        "EBIT": 796,
        "Net Income": 497
    },
    "2019-06-30": {
        "Diluted EPS": 0.9,
        "Total Revenue": NaN,
        "Gross Profit": NaN,
        "Operating Income": 619,
        "EBIT": 752,
        "Net Income": 509
    },
    "2019-03-31": {
        "Diluted EPS": 0.77,
        "Total Revenue": NaN,
        "Gross Profit": NaN,
        "Operating Income": 539,
        "EBIT": 672,
        "Net Income": 441
    },
    "2018-12-31": {
        "Diluted EPS": 1.12,
        "Total Revenue": NaN,
        "Gross Profit": NaN,
        "Operating Income": 693,
        "EBIT": 824,
        "Net Income": 648
    },
    "2018-09-30": {
        "Diluted EPS": 0.82,
        "Total Revenue": NaN,
        "Gross Profit": NaN,
        "Operating Income": 745,
        "EBIT": 872,
        "Net Income": 477
    },
    "2018-06-30": {
        "Diluted EPS": 0.78,
        "Total Revenue": NaN,
        "Gross Profit": NaN,
        "Operating Income": 670,
        "EBIT": 793,
        "Net Income": 456
    },
    "2018-03-31": {
        "Diluted EPS": 0.88,
        "Total Revenue": NaN,
        "Gross Profit": NaN,
        "Operating Income": 693,
        "EBIT": 810,
        "Net Income": 520
    },
    "2017-12-31": {
        "Diluted EPS": -0.03,
        "Total Revenue": NaN,
        "Gross Profit": NaN,
        "Operating Income": 657,
        "EBIT": 779,
        "Net Income": -18
    },
    "2017-09-30": {
        "Diluted EPS": 0.84,
        "Total Revenue": NaN,
        "Gross Profit": NaN,
        "Operating Income": 648,
        "EBIT": 762,
        "Net Income": 495
    },
    "2017-06-30": {
        "Diluted EPS": 0.8,
        "Total Revenue": NaN,
        "Gross Profit": NaN,
        "Operating Income": 606,
        "EBIT": 709,
        "Net Income": 470
    },
    "2017-03-31": {
        "Diluted EPS": 0.92,
        "Total Revenue": NaN,
        "Gross Profit": NaN,
        "Operating Income": 570,
        "EBIT": 674,
        "Net Income": 557
    },
    "2016-12-31": {
        "Diluted EPS": 0.69,
        "Total Revenue": NaN,
        "Gross Profit": NaN,
        "Operating Income": 561,
        "EBIT": 662,
        "Net Income": 416
    },
    "2016-09-30": {
        "Diluted EPS": 0.73,
        "Total Revenue": NaN,
        "Gross Profit": NaN,
        "Operating Income": 583,
        "EBIT": 680,
        "Net Income": 444
    },
    "2016-06-30": {
        "Diluted EPS": 0.41,
        "Total Revenue": NaN,
        "Gross Profit": NaN,
        "Operating Income": 591,
        "EBIT": 684,
        "Net Income": 252
    },
    "2016-03-31": {
        "Diluted EPS": 0.72,
        "Total Revenue": NaN,
        "Gross Profit": NaN,
        "Operating Income": 554,
        "EBIT": 642,
        "Net Income": 441
    },
    "2015-12-31": {
        "Diluted EPS": 0.7,
        "Total Revenue": NaN,
        "Gross Profit": NaN,
        "Operating Income": 553,
        "EBIT": 641,
        "Net Income": 424
    },
    "2015-09-30": {
        "Diluted EPS": 0.65,
        "Total Revenue": NaN,
        "Gross Profit": NaN,
        "Operating Income": 543,
        "EBIT": 625,
        "Net Income": 397
    },
    "2015-06-30": {
        "Diluted EPS": 0.68,
        "Total Revenue": NaN,
        "Gross Profit": NaN,
        "Operating Income": 546,
        "EBIT": 630,
        "Net Income": 420
    },
    "2015-03-31": {
        "Diluted EPS": 0.62,
        "Total Revenue": NaN,
        "Gross Profit": NaN,
        "Operating Income": 500,
        "EBIT": 576,
        "Net Income": 383
    },
    "2014-12-31": {
        "Diluted EPS": 0.59,
        "Total Revenue": NaN,
        "Gross Profit": NaN,
        "Operating Income": 480,
        "EBIT": 542,
        "Net Income": 363
    },
    "2014-09-30": {
        "Diluted EPS": 0.58,
        "Total Revenue": NaN,
        "Gross Profit": NaN,
        "Operating Income": 458,
        "EBIT": 507,
        "Net Income": 356
    },
    "2014-06-30": {
        "Diluted EPS": 0.61,
        "Total Revenue": NaN,
        "Gross Profit": NaN,
        "Operating Income": 488,
        "EBIT": 537,
        "Net Income": 372
    },
    "2014-03-31": {
        "Diluted EPS": 0.57,
        "Total Revenue": NaN,
        "Gross Profit": 990,
        "Operating Income": 460,
        "EBIT": 507,
        "Net Income": 349
    },
    "2013-12-31": {
        "Diluted EPS": 0.53,
        "Total Revenue": NaN,
        "Gross Profit": 944,
        "Operating Income": 448,
        "EBIT": 496,
        "Net Income": 324
    },
    "2013-09-30": {
        "Diluted EPS": 0.53,
        "Total Revenue": NaN,
        "Gross Profit": 923,
        "Operating Income": 437,
        "EBIT": 482,
        "Net Income": 320
    },
    "2013-06-30": {
        "Diluted EPS": 0.49,
        "Total Revenue": NaN,
        "Gross Profit": 889,
        "Operating Income": 427,
        "EBIT": 471,
        "Net Income": 300
    },
    "2013-03-31": {
        "Diluted EPS": 0.47,
        "Total Revenue": NaN,
        "Gross Profit": 821,
        "Operating Income": 366,
        "EBIT": 410,
        "Net Income": 284
    },
    "2012-12-31": {
        "Diluted EPS": 0.46,
        "Total Revenue": NaN,
        "Gross Profit": 797,
        "Operating Income": 356,
        "EBIT": 397,
        "Net Income": 279
    },
    "2012-09-30": {
        "Diluted EPS": 0.46,
        "Total Revenue": NaN,
        "Gross Profit": 780,
        "Operating Income": 355,
        "EBIT": 397,
        "Net Income": 277
    },
    "2012-06-30": {
        "Diluted EPS": 0.41,
        "Total Revenue": NaN,
        "Gross Profit": 764,
        "Operating Income": 332,
        "EBIT": 369,
        "Net Income": 252
    },
    "2012-03-31": {
        "Diluted EPS": 0.4,
        "Total Revenue": NaN,
        "Gross Profit": 727,
        "Operating Income": 318,
        "EBIT": 355,
        "Net Income": 244
    },
    "2011-12-31": {
        "Diluted EPS": 0.39,
        "Total Revenue": NaN,
        "Gross Profit": 693,
        "Operating Income": 308,
        "EBIT": 342,
        "Net Income": 240
    },
    "2011-09-30": {
        "Diluted EPS": 0.37,
        "Total Revenue": NaN,
        "Gross Profit": 676,
        "Operating Income": 293,
        "EBIT": 325,
        "Net Income": 227
    },
    "2011-06-30": {
        "Diluted EPS": 0.34,
        "Total Revenue": NaN,
        "Gross Profit": 624,
        "Operating Income": 270,
        "EBIT": 299,
        "Net Income": 208
    },
    "2011-03-31": {
        "Diluted EPS": 0.34,
        "Total Revenue": NaN,
        "Gross Profit": 589,
        "Operating Income": 265,
        "EBIT": 294,
        "Net Income": 208
    },
    "2010-12-31": {
        "Diluted EPS": 0.33,
        "Total Revenue": NaN,
        "Gross Profit": 553,
        "Operating Income": 245,
        "EBIT": 274,
        "Net Income": 206
    },
    "2010-09-30": {
        "Diluted EPS": 0.33,
        "Total Revenue": NaN,
        "Gross Profit": 517,
        "Operating Income": 228,
        "EBIT": 256,
        "Net Income": 204
    },
    "2010-06-30": {
        "Diluted EPS": 0.28,
        "Total Revenue": NaN,
        "Gross Profit": 464,
        "Operating Income": 206,
        "EBIT": 231,
        "Net Income": 172
    },
    "2010-03-31": {
        "Diluted EPS": 0.25,
        "Total Revenue": 960,
        "Gross Profit": 404,
        "Operating Income": 183,
        "EBIT": 210,
        "Net Income": 152
    },
    "2009-12-31": {
        "Diluted EPS": 0.24,
        "Total Revenue": 903,
        "Gross Profit": 382,
        "Operating Income": 167,
        "EBIT": 191,
        "Net Income": 144
    },
    "2009-09-30": {
        "Diluted EPS": 0.23,
        "Total Revenue": 853,
        "Gross Profit": 378,
        "Operating Income": 162,
        "EBIT": 184,
        "Net Income": 137
    },
    "2009-06-30": {
        "Diluted EPS": 0.24,
        "Total Revenue": 777,
        "Gross Profit": 343,
        "Operating Income": 152,
        "EBIT": 173,
        "Net Income": 141
    },
    "2009-03-31": {
        "Diluted EPS": 0.19,
        "Total Revenue": 746,
        "Gross Profit": 326,
        "Operating Income": 138,
        "EBIT": 159,
        "Net Income": 113
    },
    "2023-09-30": {
        "Tax Effect Of Unusual Items": NaN,
        "Tax Rate For Calcs": NaN,
        "Normalized EBITDA": NaN,
        "Total Unusual Items": NaN,
        "Total Unusual Items Excluding Goodwill": NaN,
        "Net Income From Continuing Operation Net Minority Interest": NaN,
        "Reconciled Depreciation": NaN,
        "Reconciled Cost Of Revenue": NaN,
        "EBITDA": NaN,
        "EBIT": NaN,
        "Net Interest Income": NaN,
        "Interest Expense": NaN,
        "Interest Income": NaN,
        "Normalized Income": NaN,
        "Net Income From Continuing And Discontinued Operation": NaN,
        "Total Expenses": NaN,
        "Total Operating Income As Reported": NaN,
        "Diluted Average Shares": NaN,
        "Basic Average Shares": NaN,
        "Diluted EPS": NaN,
        "Basic EPS": NaN,
        "Diluted NI Availto Com Stockholders": NaN,
        "Net Income Common Stockholders": NaN,
        "Net Income": NaN,
        "Net Income Including Noncontrolling Interests": NaN,
        "Net Income Continuous Operations": NaN,
        "Earnings From Equity Interest Net Of Tax": NaN,
        "Tax Provision": NaN,
        "Pretax Income": NaN,
        "Other Income Expense": NaN,
        "Other Non Operating Income Expenses": 6000000.0,
        "Special Income Charges": NaN,
        "Restructuring And Mergern Acquisition": NaN,
        "Gain On Sale Of Security": NaN,
        "Net Non Operating Interest Income Expense": NaN,
        "Interest Expense Non Operating": NaN,
        "Interest Income Non Operating": NaN,
        "Operating Income": NaN,
        "Operating Expense": NaN,
        "Depreciation Amortization Depletion Income Statement": NaN,
        "Depreciation And Amortization In Income Statement": NaN,
        "Selling General And Administration": NaN,
        "Gross Profit": NaN,
        "Cost Of Revenue": NaN,
        "Total Revenue": NaN,
        "Operating Revenue": NaN
    },
    "2023-12-31": {
        "Tax Effect Of Unusual Items": NaN,
        "Tax Rate For Calcs": NaN,
        "Normalized EBITDA": NaN,
        "Total Unusual Items": NaN,
        "Total Unusual Items Excluding Goodwill": NaN,
        "Net Income From Continuing Operation Net Minority Interest": NaN,
        "Reconciled Depreciation": NaN,
        "Reconciled Cost Of Revenue": NaN,
        "EBITDA": NaN,
        "EBIT": NaN,
        "Net Interest Income": NaN,
        "Interest Expense": NaN,
        "Interest Income": NaN,
        "Normalized Income": NaN,
        "Net Income From Continuing And Discontinued Operation": NaN,
        "Total Expenses": NaN,
        "Total Operating Income As Reported": NaN,
        "Diluted Average Shares": NaN,
        "Basic Average Shares": NaN,
        "Diluted EPS": NaN,
        "Basic EPS": NaN,
        "Diluted NI Availto Com Stockholders": NaN,
        "Net Income Common Stockholders": NaN,
        "Net Income": NaN,
        "Net Income Including Noncontrolling Interests": NaN,
        "Net Income Continuous Operations": NaN,
        "Earnings From Equity Interest Net Of Tax": NaN,
        "Tax Provision": NaN,
        "Pretax Income": NaN,
        "Other Income Expense": NaN,
        "Other Non Operating Income Expenses": 3000000.0,
        "Special Income Charges": NaN,
        "Gain On Sale Of Ppe": NaN,
        "Restructuring And Mergern Acquisition": NaN,
        "Gain On Sale Of Security": NaN,
        "Net Non Operating Interest Income Expense": NaN,
        "Interest Expense Non Operating": NaN,
        "Interest Income Non Operating": NaN,
        "Operating Income": NaN,
        "Operating Expense": NaN,
        "Depreciation Amortization Depletion Income Statement": NaN,
        "Depreciation And Amortization In Income Statement": NaN,
        "Selling General And Administration": NaN,
        "Gross Profit": NaN,
        "Cost Of Revenue": NaN,
        "Total Revenue": NaN,
        "Operating Revenue": NaN
    },
    "2024-03-31": {
        "Tax Effect Of Unusual Items": NaN,
        "Tax Rate For Calcs": NaN,
        "Normalized EBITDA": NaN,
        "Total Unusual Items": NaN,
        "Total Unusual Items Excluding Goodwill": NaN,
        "Net Income From Continuing Operation Net Minority Interest": NaN,
        "Reconciled Depreciation": NaN,
        "Reconciled Cost Of Revenue": NaN,
        "EBITDA": NaN,
        "EBIT": NaN,
        "Net Interest Income": NaN,
        "Interest Expense": NaN,
        "Interest Income": NaN,
        "Normalized Income": NaN,
        "Net Income From Continuing And Discontinued Operation": NaN,
        "Total Expenses": NaN,
        "Total Operating Income As Reported": NaN,
        "Diluted Average Shares": NaN,
        "Basic Average Shares": NaN,
        "Diluted EPS": NaN,
        "Basic EPS": NaN,
        "Diluted NI Availto Com Stockholders": NaN,
        "Net Income Common Stockholders": NaN,
        "Net Income": NaN,
        "Net Income Including Noncontrolling Interests": NaN,
        "Net Income Continuous Operations": NaN,
        "Earnings From Equity Interest Net Of Tax": NaN,
        "Tax Provision": NaN,
        "Pretax Income": NaN,
        "Other Income Expense": NaN,
        "Other Non Operating Income Expenses": 2000000.0,
        "Special Income Charges": NaN,
        "Gain On Sale Of Ppe": 0.0,
        "Restructuring And Mergern Acquisition": NaN,
        "Gain On Sale Of Security": NaN,
        "Net Non Operating Interest Income Expense": NaN,
        "Interest Expense Non Operating": NaN,
        "Interest Income Non Operating": NaN,
        "Operating Income": NaN,
        "Operating Expense": NaN,
        "Depreciation Amortization Depletion Income Statement": NaN,
        "Depreciation And Amortization In Income Statement": NaN,
        "Selling General And Administration": NaN,
        "Gross Profit": NaN,
        "Cost Of Revenue": NaN,
        "Total Revenue": NaN,
        "Operating Revenue": NaN
    },
    "2024-06-30": {
        "Tax Effect Of Unusual Items": NaN,
        "Tax Rate For Calcs": NaN,
        "Normalized EBITDA": NaN,
        "Total Unusual Items": NaN,
        "Total Unusual Items Excluding Goodwill": NaN,
        "Net Income From Continuing Operation Net Minority Interest": NaN,
        "Reconciled Depreciation": NaN,
        "Reconciled Cost Of Revenue": NaN,
        "EBITDA": NaN,
        "EBIT": NaN,
        "Net Interest Income": NaN,
        "Interest Expense": NaN,
        "Interest Income": NaN,
        "Normalized Income": NaN,
        "Net Income From Continuing And Discontinued Operation": NaN,
        "Total Expenses": NaN,
        "Total Operating Income As Reported": NaN,
        "Diluted Average Shares": NaN,
        "Basic Average Shares": NaN,
        "Diluted EPS": NaN,
        "Basic EPS": NaN,
        "Diluted NI Availto Com Stockholders": NaN,
        "Net Income Common Stockholders": NaN,
        "Net Income": NaN,
        "Net Income Including Noncontrolling Interests": NaN,
        "Net Income Continuous Operations": NaN,
        "Earnings From Equity Interest Net Of Tax": NaN,
        "Tax Provision": NaN,
        "Pretax Income": NaN,
        "Other Income Expense": NaN,
        "Other Non Operating Income Expenses": -1000000.0,
        "Special Income Charges": NaN,
        "Gain On Sale Of Ppe": 0.0,
        "Restructuring And Mergern Acquisition": NaN,
        "Gain On Sale Of Security": NaN,
        "Net Non Operating Interest Income Expense": NaN,
        "Interest Expense Non Operating": NaN,
        "Interest Income Non Operating": NaN,
        "Operating Income": NaN,
        "Operating Expense": NaN,
        "Depreciation Amortization Depletion Income Statement": NaN,
        "Depreciation And Amortization In Income Statement": NaN,
        "Selling General And Administration": NaN,
        "Gross Profit": NaN,
        "Cost Of Revenue": NaN,
        "Total Revenue": NaN,
        "Operating Revenue": NaN
    },
    "2024-09-30": {
        "Tax Effect Of Unusual Items": -9307000.0,
        "Tax Rate For Calcs": 0.227,
        "Normalized EBITDA": 936000000.0,
        "Total Unusual Items": -41000000.0,
        "Total Unusual Items Excluding Goodwill": -41000000.0,
        "Net Income From Continuing Operation Net Minority Interest": 582000000.0,
        "Reconciled Depreciation": 133000000.0,
        "Reconciled Cost Of Revenue": 3307000000.0,
        "EBITDA": 895000000.0,
        "EBIT": 762000000.0,
        "Net Interest Income": 17000000.0,
        "Interest Expense": 14000000.0,
        "Interest Income": 31000000.0,
        "Normalized Income": 613693000.0,
        "Net Income From Continuing And Discontinued Operation": 582000000.0,
        "Total Expenses": 4273000000.0,
        "Total Operating Income As Reported": 738000000.0,
        "Diluted Average Shares": 496000000.0,
        "Basic Average Shares": 496000000.0,
        "Diluted EPS": 1.17,
        "Basic EPS": 1.17,
        "Diluted NI Availto Com Stockholders": 582000000.0,
        "Net Income Common Stockholders": 582000000.0,
        "Net Income": 582000000.0,
        "Net Income Including Noncontrolling Interests": 582000000.0,
        "Net Income Continuous Operations": 582000000.0,
        "Earnings From Equity Interest Net Of Tax": 4000000.0,
        "Tax Provision": 170000000.0,
        "Pretax Income": 748000000.0,
        "Other Income Expense": -40000000.0,
        "Other Non Operating Income Expenses": 1000000.0,
        "Special Income Charges": -33000000.0,
        "Gain On Sale Of Ppe": NaN,
        "Restructuring And Mergern Acquisition": 33000000.0,
        "Gain On Sale Of Security": -8000000.0,
        "Net Non Operating Interest Income Expense": 17000000.0,
        "Interest Expense Non Operating": 14000000.0,
        "Interest Income Non Operating": 31000000.0,
        "Operating Income": 771000000.0,
        "Operating Expense": 962000000.0,
        "Depreciation Amortization Depletion Income Statement": 129000000.0,
        "Depreciation And Amortization In Income Statement": 129000000.0,
        "Selling General And Administration": 833000000.0,
        "Gross Profit": 1733000000.0,
        "Cost Of Revenue": 3311000000.0,
        "Total Revenue": 5044000000.0,
        "Operating Revenue": 5044000000.0
    },
    "2024-12-31": {
        "Tax Effect Of Unusual Items": -18017567.567568,
        "Tax Rate For Calcs": 0.268919,
        "Normalized EBITDA": 969000000.0,
        "Total Unusual Items": -67000000.0,
        "Total Unusual Items Excluding Goodwill": -67000000.0,
        "Net Income From Continuing Operation Net Minority Interest": 546000000.0,
        "Reconciled Depreciation": 143000000.0,
        "Reconciled Cost Of Revenue": 3295000000.0,
        "EBITDA": 902000000.0,
        "EBIT": 759000000.0,
        "Net Interest Income": 9000000.0,
        "Interest Expense": 19000000.0,
        "Interest Income": 28000000.0,
        "Normalized Income": 594982432.432432,
        "Net Income From Continuing And Discontinued Operation": 546000000.0,
        "Total Expenses": 4282000000.0,
        "Total Operating Income As Reported": 751000000.0,
        "Diluted Average Shares": 496000000.0,
        "Basic Average Shares": 495000000.0,
        "Diluted EPS": 1.1,
        "Basic EPS": 1.1,
        "Diluted NI Availto Com Stockholders": 546000000.0,
        "Net Income Common Stockholders": 546000000.0,
        "Net Income": 546000000.0,
        "Net Income Including Noncontrolling Interests": 546000000.0,
        "Net Income Continuous Operations": 546000000.0,
        "Earnings From Equity Interest Net Of Tax": 5000000.0,
        "Tax Provision": 199000000.0,
        "Pretax Income": 740000000.0,
        "Other Income Expense": -69000000.0,
        "Other Non Operating Income Expenses": NaN,
        "Special Income Charges": -49000000.0,
        "Gain On Sale Of Ppe": NaN,
        "Restructuring And Mergern Acquisition": 26000000.0,
        "Gain On Sale Of Security": -18000000.0,
        "Net Non Operating Interest Income Expense": 9000000.0,
        "Interest Expense Non Operating": 19000000.0,
        "Interest Income Non Operating": 28000000.0,
        "Operating Income": 800000000.0,
        "Operating Expense": 985000000.0,
        "Depreciation Amortization Depletion Income Statement": 141000000.0,
        "Depreciation And Amortization In Income Statement": 141000000.0,
        "Selling General And Administration": 844000000.0,
        "Gross Profit": 1785000000.0,
        "Cost Of Revenue": 3297000000.0,
        "Total Revenue": 5082000000.0,
        "Operating Revenue": 5082000000.0
    },
    "2025-03-31": {
        "Tax Effect Of Unusual Items": 15616000.0,
        "Tax Rate For Calcs": 0.244,
        "Normalized EBITDA": 956000000.0,
        "Total Unusual Items": 64000000.0,
        "Total Unusual Items Excluding Goodwill": 64000000.0,
        "Net Income From Continuing Operation Net Minority Interest": 663000000.0,
        "Reconciled Depreciation": 136000000.0,
        "Reconciled Cost Of Revenue": 3397000000.0,
        "EBITDA": 1020000000.0,
        "EBIT": 884000000.0,
        "Net Interest Income": 18000000.0,
        "Interest Expense": 12000000.0,
        "Interest Income": 30000000.0,
        "Normalized Income": 614616000.0,
        "Net Income From Continuing And Discontinued Operation": 663000000.0,
        "Total Expenses": 4324000000.0,
        "Total Operating Income As Reported": 853000000.0,
        "Diluted Average Shares": 495000000.0,
        "Basic Average Shares": 494000000.0,
        "Diluted EPS": 1.34,
        "Basic EPS": 1.34,
        "Diluted NI Availto Com Stockholders": 663000000.0,
        "Net Income Common Stockholders": 663000000.0,
        "Net Income": 663000000.0,
        "Net Income Including Noncontrolling Interests": 663000000.0,
        "Net Income Continuous Operations": 663000000.0,
        "Earnings From Equity Interest Net Of Tax": 4000000.0,
        "Tax Provision": 213000000.0,
        "Pretax Income": 872000000.0,
        "Other Income Expense": 63000000.0,
        "Other Non Operating Income Expenses": -1000000.0,
        "Special Income Charges": 62000000.0,
        "Gain On Sale Of Ppe": 62000000.0,
        "Restructuring And Mergern Acquisition": 0.0,
        "Gain On Sale Of Security": 2000000.0,
        "Net Non Operating Interest Income Expense": 18000000.0,
        "Interest Expense Non Operating": 12000000.0,
        "Interest Income Non Operating": 30000000.0,
        "Operating Income": 791000000.0,
        "Operating Expense": 927000000.0,
        "Depreciation Amortization Depletion Income Statement": 136000000.0,
        "Depreciation And Amortization In Income Statement": 136000000.0,
        "Selling General And Administration": 791000000.0,
        "Gross Profit": 1718000000.0,
        "Cost Of Revenue": 3397000000.0,
        "Total Revenue": 5115000000.0,
        "Operating Revenue": 5115000000.0
    },
    "2025-06-30": {
        "Tax Effect Of Unusual Items": 1638000.0,
        "Tax Rate For Calcs": 0.234,
        "Normalized EBITDA": 983000000.0,
        "Total Unusual Items": 7000000.0,
        "Total Unusual Items Excluding Goodwill": 7000000.0,
        "Net Income From Continuing Operation Net Minority Interest": 645000000.0,
        "Reconciled Depreciation": 139000000.0,
        "Reconciled Cost Of Revenue": 3479000000.0,
        "EBITDA": 990000000.0,
        "EBIT": 851000000.0,
        "Net Interest Income": 14000000.0,
        "Interest Expense": 9000000.0,
        "Interest Income": 23000000.0,
        "Normalized Income": 639638000.0,
        "Net Income From Continuing And Discontinued Operation": 645000000.0,
        "Total Expenses": 4428000000.0,
        "Total Operating Income As Reported": 817000000.0,
        "Diluted Average Shares": 492000000.0,
        "Basic Average Shares": 492000000.0,
        "Diluted EPS": 1.31,
        "Basic EPS": 1.31,
        "Diluted NI Availto Com Stockholders": 645000000.0,
        "Net Income Common Stockholders": 645000000.0,
        "Net Income": 645000000.0,
        "Net Income Including Noncontrolling Interests": 645000000.0,
        "Net Income Continuous Operations": 645000000.0,
        "Earnings From Equity Interest Net Of Tax": 0.0,
        "Tax Provision": 197000000.0,
        "Pretax Income": 842000000.0,
        "Other Income Expense": 11000000.0,
        "Other Non Operating Income Expenses": 4000000.0,
        "Special Income Charges": 0.0,
        "Gain On Sale Of Ppe": 0.0,
        "Restructuring And Mergern Acquisition": 0.0,
        "Gain On Sale Of Security": 7000000.0,
        "Net Non Operating Interest Income Expense": 14000000.0,
        "Interest Expense Non Operating": 9000000.0,
        "Interest Income Non Operating": 23000000.0,
        "Operating Income": 817000000.0,
        "Operating Expense": 949000000.0,
        "Depreciation Amortization Depletion Income Statement": 139000000.0,
        "Depreciation And Amortization In Income Statement": 139000000.0,
        "Selling General And Administration": 810000000.0,
        "Gross Profit": 1766000000.0,
        "Cost Of Revenue": 3479000000.0,
        "Total Revenue": 5245000000.0,
        "Operating Revenue": 5245000000.0
    },
    "2025-09-30": {
        "Tax Effect Of Unusual Items": 840000.0,
        "Tax Rate For Calcs": 0.21,
        "Normalized EBITDA": 1026000000.0,
        "Total Unusual Items": 4000000.0,
        "Total Unusual Items Excluding Goodwill": 4000000.0,
        "Net Income From Continuing Operation Net Minority Interest": 274000000.0,
        "Reconciled Depreciation": 135000000.0,
        "Reconciled Cost Of Revenue": 3581000000.0,
        "EBITDA": 1030000000.0,
        "EBIT": 895000000.0,
        "Net Interest Income": 17000000.0,
        "Interest Expense": 8000000.0,
        "Interest Income": 25000000.0,
        "Normalized Income": 270840000.0,
        "Net Income From Continuing And Discontinued Operation": 274000000.0,
        "Total Expenses": 4549000000.0,
        "Total Operating Income As Reported": 866000000.0,
        "Diluted Average Shares": 487000000.0,
        "Basic Average Shares": 486000000.0,
        "Diluted EPS": 0.56,
        "Basic EPS": 0.56,
        "Diluted NI Availto Com Stockholders": 274000000.0,
        "Net Income Common Stockholders": 274000000.0,
        "Net Income": 274000000.0,
        "Net Income Including Noncontrolling Interests": 274000000.0,
        "Net Income Continuous Operations": 274000000.0,
        "Earnings From Equity Interest Net Of Tax": 0.0,
        "Tax Provision": 613000000.0,
        "Pretax Income": 887000000.0,
        "Other Income Expense": 4000000.0,
        "Other Non Operating Income Expenses": NaN,
        "Special Income Charges": 0.0,
        "Gain On Sale Of Ppe": 0.0,
        "Restructuring And Mergern Acquisition": 0.0,
        "Gain On Sale Of Security": 4000000.0,
        "Net Non Operating Interest Income Expense": 17000000.0,
        "Interest Expense Non Operating": 8000000.0,
        "Interest Income Non Operating": 25000000.0,
        "Operating Income": 866000000.0,
        "Operating Expense": 968000000.0,
        "Depreciation Amortization Depletion Income Statement": 135000000.0,
        "Depreciation And Amortization In Income Statement": 135000000.0,
        "Selling General And Administration": 833000000.0,
        "Gross Profit": 1834000000.0,
        "Cost Of Revenue": 3581000000.0,
        "Total Revenue": 5415000000.0,
        "Operating Revenue": 5415000000.0
    }
}