{
    "2023-03-31": {
        "Tax Effect Of Unusual Items": NaN,
        "Tax Rate For Calcs": NaN,
        "Normalized EBITDA": NaN,
        "Total Unusual Items": NaN,
        "Total Unusual Items Excluding Goodwill": NaN,
        "Net Income From Continuing Operation Net Minority Interest": NaN,
        "Reconciled Depreciation": NaN,
        "Reconciled Cost Of Revenue": NaN,
        "EBITDA": NaN,
        "EBIT": NaN,
        "Net Interest Income": NaN,
        "Interest Expense": NaN,
        "Normalized Income": NaN,
        "Net Income From Continuing And Discontinued Operation": NaN,
        "Total Expenses": NaN,
        "Total Operating Income As Reported": NaN,
        "Diluted Average Shares": NaN,
        "Basic Average Shares": NaN,
        "Diluted EPS": NaN,
        "Basic EPS": NaN,
        "Diluted NI Availto Com Stockholders": NaN,
        "Net Income Common Stockholders": NaN,
        "Net Income": NaN,
        "Net Income Including Noncontrolling Interests": NaN,
        "Net Income Continuous Operations": NaN,
        "Tax Provision": NaN,
        "Pretax Income": NaN,
        "Other Income Expense": NaN,
        "Other Non Operating Income Expenses": -31798.0,
        "Gain On Sale Of Security": NaN,
        "Net Non Operating Interest Income Expense": NaN,
        "Total Other Finance Cost": NaN,
        "Interest Expense Non Operating": NaN,
        "Operating Income": NaN,
        "Operating Expense": NaN,
        "Other Operating Expenses": NaN,
        "Research And Development": NaN,
        "Selling General And Administration": NaN,
        "General And Administrative Expense": NaN,
        "Other Gand A": NaN,
        "Gross Profit": NaN,
        "Cost Of Revenue": NaN,
        "Total Revenue": NaN,
        "Operating Revenue": NaN
    },
    "2022-12-31": {
        "Tax Effect Of Unusual Items": NaN,
        "Tax Rate For Calcs": NaN,
        "Normalized EBITDA": NaN,
        "Total Unusual Items": NaN,
        "Total Unusual Items Excluding Goodwill": NaN,
        "Net Income From Continuing Operation Net Minority Interest": NaN,
        "Reconciled Depreciation": NaN,
        "Reconciled Cost Of Revenue": NaN,
        "EBITDA": NaN,
        "EBIT": NaN,
        "Net Interest Income": NaN,
        "Normalized Income": NaN,
        "Net Income From Continuing And Discontinued Operation": NaN,
        "Total Expenses": NaN,
        "Total Operating Income As Reported": NaN,
        "Diluted Average Shares": NaN,
        "Basic Average Shares": NaN,
        "Diluted EPS": NaN,
        "Basic EPS": NaN,
        "Diluted NI Availto Com Stockholders": NaN,
        "Net Income Common Stockholders": NaN,
        "Net Income": NaN,
        "Net Income Including Noncontrolling Interests": NaN,
        "Net Income Continuous Operations": NaN,
        "Tax Provision": NaN,
        "Pretax Income": NaN,
        "Other Income Expense": NaN,
        "Other Non Operating Income Expenses": -74134.0,
        "Gain On Sale Of Security": NaN,
        "Net Non Operating Interest Income Expense": NaN,
        "Total Other Finance Cost": NaN,
        "Operating Income": NaN,
        "Operating Expense": NaN,
        "Other Operating Expenses": NaN,
        "Research And Development": NaN,
        "Selling General And Administration": NaN,
        "General And Administrative Expense": NaN,
        "Other Gand A": NaN,
        "Gross Profit": NaN,
        "Cost Of Revenue": NaN,
        "Total Revenue": NaN,
        "Operating Revenue": NaN
    },
    "2022-09-30": {
        "Tax Effect Of Unusual Items": NaN,
        "Tax Rate For Calcs": NaN,
        "Normalized EBITDA": NaN,
        "Total Unusual Items": NaN,
        "Total Unusual Items Excluding Goodwill": NaN,
        "Net Income From Continuing Operation Net Minority Interest": NaN,
        "Reconciled Depreciation": NaN,
        "Reconciled Cost Of Revenue": NaN,
        "EBITDA": NaN,
        "EBIT": NaN,
        "Net Interest Income": NaN,
        "Normalized Income": NaN,
        "Net Income From Continuing And Discontinued Operation": NaN,
        "Total Expenses": NaN,
        "Total Operating Income As Reported": NaN,
        "Diluted Average Shares": 43606980.0,
        "Basic Average Shares": 43606980.0,
        "Diluted EPS": -0.28,
        "Basic EPS": -0.28,
        "Diluted NI Availto Com Stockholders": NaN,
        "Net Income Common Stockholders": NaN,
        "Net Income": NaN,
        "Net Income Including Noncontrolling Interests": NaN,
        "Net Income Continuous Operations": NaN,
        "Tax Provision": NaN,
        "Pretax Income": NaN,
        "Other Income Expense": NaN,
        "Other Non Operating Income Expenses": -29.0,
        "Gain On Sale Of Security": NaN,
        "Net Non Operating Interest Income Expense": NaN,
        "Total Other Finance Cost": NaN,
        "Operating Income": NaN,
        "Operating Expense": NaN,
        "Other Operating Expenses": NaN,
        "Research And Development": NaN,
        "Selling General And Administration": NaN,
        "General And Administrative Expense": NaN,
        "Other Gand A": NaN,
        "Gross Profit": NaN,
        "Cost Of Revenue": NaN,
        "Total Revenue": NaN,
        "Operating Revenue": NaN
    },
    "2022-06-30": {
        "Tax Effect Of Unusual Items": 0.0,
        "Tax Rate For Calcs": 0.0,
        "Normalized EBITDA": -5540753.0,
        "Total Unusual Items": -2523006.0,
        "Total Unusual Items Excluding Goodwill": -2523006.0,
        "Net Income From Continuing Operation Net Minority Interest": -10879222.0,
        "Reconciled Depreciation": 293291.0,
        "Reconciled Cost Of Revenue": 3550702.0,
        "EBITDA": -8063759.0,
        "EBIT": -8357050.0,
        "Net Interest Income": 23973.0,
        "Interest Income": 23973.0,
        "Normalized Income": -8356216.0,
        "Net Income From Continuing And Discontinued Operation": -10879222.0,
        "Total Expenses": 15687785.0,
        "Total Operating Income As Reported": -8357050.0,
        "Diluted Average Shares": 43560481.0,
        "Basic Average Shares": 43560481.0,
        "Diluted EPS": -0.25,
        "Basic EPS": -0.25,
        "Diluted NI Availto Com Stockholders": -10879222.0,
        "Net Income Common Stockholders": -10879222.0,
        "Net Income": -10879222.0,
        "Net Income Including Noncontrolling Interests": -10879222.0,
        "Net Income Continuous Operations": -10879222.0,
        "Tax Provision": 0.0,
        "Pretax Income": -10879222.0,
        "Other Income Expense": -2546145.0,
        "Other Non Operating Income Expenses": -23139.0,
        "Gain On Sale Of Security": -2523006.0,
        "Net Non Operating Interest Income Expense": 23973.0,
        "Total Other Finance Cost": NaN,
        "Interest Income Non Operating": 23973.0,
        "Operating Income": -8357050.0,
        "Operating Expense": 12137083.0,
        "Other Operating Expenses": -1164823.0,
        "Research And Development": 4183462.0,
        "Selling General And Administration": 9118444.0,
        "General And Administrative Expense": 9118444.0,
        "Other Gand A": 9118444.0,
        "Gross Profit": 3780033.0,
        "Cost Of Revenue": 3550702.0,
        "Total Revenue": 7330735.0,
        "Operating Revenue": 7330735.0
    },
    "2023-06-30": {
        "Tax Effect Of Unusual Items": NaN,
        "Tax Rate For Calcs": NaN,
        "Normalized EBITDA": NaN,
        "Total Unusual Items": NaN,
        "Total Unusual Items Excluding Goodwill": NaN,
        "Net Income From Continuing Operation Net Minority Interest": NaN,
        "Reconciled Depreciation": NaN,
        "Reconciled Cost Of Revenue": NaN,
        "EBITDA": NaN,
        "EBIT": NaN,
        "Net Interest Income": NaN,
        "Interest Expense": NaN,
        "Normalized Income": NaN,
        "Net Income From Continuing And Discontinued Operation": NaN,
        "Total Expenses": NaN,
        "Total Operating Income As Reported": NaN,
        "Diluted Average Shares": 44015380.0,
        "Basic Average Shares": 44015380.0,
        "Diluted EPS": -0.14,
        "Basic EPS": -0.14,
        "Diluted NI Availto Com Stockholders": NaN,
        "Net Income Common Stockholders": NaN,
        "Net Income": NaN,
        "Net Income Including Noncontrolling Interests": NaN,
        "Net Income Continuous Operations": NaN,
        "Tax Provision": NaN,
        "Pretax Income": NaN,
        "Other Income Expense": NaN,
        "Other Non Operating Income Expenses": NaN,
        "Gain On Sale Of Security": NaN,
        "Net Non Operating Interest Income Expense": NaN,
        "Total Other Finance Cost": 8821.0,
        "Interest Expense Non Operating": NaN,
        "Operating Income": NaN,
        "Operating Expense": NaN,
        "Other Operating Expenses": NaN,
        "Research And Development": NaN,
        "Selling General And Administration": NaN,
        "General And Administrative Expense": NaN,
        "Other Gand A": NaN,
        "Gross Profit": NaN,
        "Cost Of Revenue": NaN,
        "Total Revenue": NaN,
        "Operating Revenue": NaN
    },
    "2022-03-31": {
        "Diluted EPS": -0.21,
        "Total Revenue": 9,
        "Gross Profit": 6,
        "Operating Income": -8,
        "EBIT": -8,
        "Net Income": -9
    },
    "2021-12-31": {
        "Diluted EPS": -0.21,
        "Total Revenue": 11,
        "Gross Profit": 8,
        "Operating Income": -10,
        "EBIT": -9,
        "Net Income": -9
    },
    "2021-09-30": {
        "Diluted EPS": -0.15,
        "Total Revenue": 10,
        "Gross Profit": 7,
        "Operating Income": -5,
        "EBIT": -5,
        "Net Income": -6
    },
    "2021-06-30": {
        "Diluted EPS": -0.11,
        "Total Revenue": 12,
        "Gross Profit": 9,
        "Operating Income": -5,
        "EBIT": -5,
        "Net Income": -5
    },
    "2021-03-31": {
        "Diluted EPS": -0.1,
        "Total Revenue": 11,
        "Gross Profit": 8,
        "Operating Income": -3,
        "EBIT": -3,
        "Net Income": -4
    },
    "2020-12-31": {
        "Diluted EPS": 0.0,
        "Total Revenue": 12,
        "Gross Profit": 9,
        "Operating Income": -3,
        "EBIT": -2,
        "Net Income": -1
    },
    "2020-09-30": {
        "Diluted EPS": -0.02,
        "Total Revenue": 11,
        "Gross Profit": 8,
        "Operating Income": -2,
        "EBIT": -2,
        "Net Income": -1
    },
    "2020-06-30": {
        "Diluted EPS": -0.08,
        "Total Revenue": 10,
        "Gross Profit": 7,
        "Operating Income": -3,
        "EBIT": -3,
        "Net Income": -3
    },
    "2020-03-31": {
        "Diluted EPS": -0.1,
        "Total Revenue": 9,
        "Gross Profit": 6,
        "Operating Income": -2,
        "EBIT": -2,
        "Net Income": -3
    },
    "2019-12-31": {
        "Diluted EPS": -0.13,
        "Total Revenue": 7,
        "Gross Profit": 5,
        "Operating Income": -5,
        "EBIT": -5,
        "Net Income": -4
    },
    "2019-09-30": {
        "Diluted EPS": -0.21,
        "Total Revenue": 6,
        "Gross Profit": 4,
        "Operating Income": -6,
        "EBIT": -5,
        "Net Income": -7
    },
    "2019-06-30": {
        "Diluted EPS": -0.11,
        "Total Revenue": 6,
        "Gross Profit": 4,
        "Operating Income": -4,
        "EBIT": -3,
        "Net Income": -4
    },
    "2019-03-31": {
        "Diluted EPS": -0.15,
        "Total Revenue": 5,
        "Gross Profit": 3,
        "Operating Income": -4,
        "EBIT": -4,
        "Net Income": -5
    },
    "2018-12-31": {
        "Diluted EPS": -0.17,
        "Total Revenue": 6,
        "Gross Profit": 4,
        "Operating Income": -6,
        "EBIT": -5,
        "Net Income": -5
    },
    "2018-09-30": {
        "Diluted EPS": -0.1,
        "Total Revenue": 6,
        "Gross Profit": 4,
        "Operating Income": -3,
        "EBIT": -3,
        "Net Income": -3
    },
    "2018-06-30": {
        "Diluted EPS": -0.19,
        "Total Revenue": 6,
        "Gross Profit": 4,
        "Operating Income": -4,
        "EBIT": -4,
        "Net Income": -6
    },
    "2018-03-31": {
        "Diluted EPS": -0.1,
        "Total Revenue": 5,
        "Gross Profit": 3,
        "Operating Income": -3,
        "EBIT": -3,
        "Net Income": -3
    },
    "2017-12-31": {
        "Diluted EPS": -0.13,
        "Total Revenue": 5,
        "Gross Profit": 3,
        "Operating Income": -4,
        "EBIT": -4,
        "Net Income": -3
    },
    "2017-09-30": {
        "Diluted EPS": -0.07,
        "Total Revenue": 4,
        "Gross Profit": 2,
        "Operating Income": -2,
        "EBIT": -2,
        "Net Income": -2
    },
    "2017-06-30": {
        "Diluted EPS": -0.06,
        "Total Revenue": 4,
        "Gross Profit": 2,
        "Operating Income": -2,
        "EBIT": -2,
        "Net Income": -2
    },
    "2017-03-31": {
        "Diluted EPS": -0.06,
        "Total Revenue": 3,
        "Gross Profit": 2,
        "Operating Income": -2,
        "EBIT": -1,
        "Net Income": -2
    },
    "2016-12-31": {
        "Diluted EPS": -0.18,
        "Total Revenue": 3,
        "Gross Profit": 2,
        "Operating Income": -5,
        "EBIT": -5,
        "Net Income": -5
    },
    "2016-09-30": {
        "Diluted EPS": -0.09,
        "Total Revenue": 2,
        "Gross Profit": 1,
        "Operating Income": -2,
        "EBIT": -2,
        "Net Income": -2
    },
    "2016-06-30": {
        "Diluted EPS": -0.12,
        "Total Revenue": 2,
        "Gross Profit": 1,
        "Operating Income": -3,
        "EBIT": -3,
        "Net Income": -3
    },
    "2016-03-31": {
        "Diluted EPS": -0.07,
        "Total Revenue": 2,
        "Gross Profit": 1,
        "Operating Income": -2,
        "EBIT": -2,
        "Net Income": -2
    },
    "2015-12-31": {
        "Diluted EPS": -0.13,
        "Total Revenue": 2,
        "Gross Profit": 1,
        "Operating Income": -3,
        "EBIT": -3,
        "Net Income": -3
    },
    "2015-09-30": {
        "Diluted EPS": -0.11,
        "Total Revenue": 1,
        "Gross Profit": 1,
        "Operating Income": -2,
        "EBIT": -2,
        "Net Income": -3
    },
    "2015-06-30": {
        "Diluted EPS": 0.05,
        "Total Revenue": 1,
        "Gross Profit": 0,
        "Operating Income": -2,
        "EBIT": -2,
        "Net Income": 1
    },
    "2015-03-31": {
        "Diluted EPS": -0.19,
        "Total Revenue": 1,
        "Gross Profit": 0,
        "Operating Income": -2,
        "EBIT": -2,
        "Net Income": -5
    },
    "2014-12-31": {
        "Diluted EPS": -0.6,
        "Total Revenue": 1,
        "Gross Profit": 1,
        "Operating Income": -3,
        "EBIT": -3,
        "Net Income": -10
    },
    "2014-09-30": {
        "Diluted EPS": -0.22,
        "Total Revenue": 1,
        "Gross Profit": 1,
        "Operating Income": -1,
        "EBIT": -1,
        "Net Income": -3
    },
    "2014-06-30": {
        "Diluted EPS": -0.27,
        "Total Revenue": 1,
        "Gross Profit": 0,
        "Operating Income": -1,
        "EBIT": -1,
        "Net Income": -3
    },
    "2014-03-31": {
        "Diluted EPS": -0.2,
        "Total Revenue": 1,
        "Gross Profit": 0,
        "Operating Income": -1,
        "EBIT": -1,
        "Net Income": -2
    },
    "2013-12-31": {
        "Diluted EPS": 0.0,
        "Total Revenue": 1,
        "Gross Profit": 0,
        "Operating Income": -1,
        "EBIT": -1,
        "Net Income": -1
    },
    "2013-09-30": {
        "Diluted EPS": -0.25,
        "Total Revenue": 1,
        "Gross Profit": 0,
        "Operating Income": -1,
        "EBIT": -1,
        "Net Income": -1
    },
    "2013-06-30": {
        "Diluted EPS": -0.25,
        "Total Revenue": 0,
        "Gross Profit": 0,
        "Operating Income": -1,
        "EBIT": -1,
        "Net Income": -2
    },
    "2013-03-31": {
        "Diluted EPS": -0.25,
        "Total Revenue": 0,
        "Gross Profit": 0,
        "Operating Income": -1,
        "EBIT": -1,
        "Net Income": -2
    },
    "2012-12-31": {
        "Diluted EPS": 0.0,
        "Total Revenue": 1,
        "Gross Profit": 0,
        "Operating Income": -1,
        "EBIT": -1,
        "Net Income": -1
    },
    "2012-09-30": {
        "Diluted EPS": -0.25,
        "Total Revenue": 1,
        "Gross Profit": 0,
        "Operating Income": -1,
        "EBIT": -1,
        "Net Income": -1
    },
    "2012-06-30": {
        "Diluted EPS": -0.25,
        "Total Revenue": 0,
        "Gross Profit": 0,
        "Operating Income": -1,
        "EBIT": -1,
        "Net Income": -2
    },
    "2012-03-31": {
        "Diluted EPS": -0.25,
        "Total Revenue": 0,
        "Gross Profit": 0,
        "Operating Income": -1,
        "EBIT": -1,
        "Net Income": -2
    },
    "2011-12-31": {
        "Diluted EPS": -0.5,
        "Total Revenue": 0,
        "Gross Profit": 0,
        "Operating Income": -1,
        "EBIT": -1,
        "Net Income": -1
    },
    "2011-09-30": {
        "Diluted EPS": -0.25,
        "Total Revenue": NaN,
        "Gross Profit": NaN,
        "Operating Income": -1,
        "EBIT": -1,
        "Net Income": -2
    },
    "2011-06-30": {
        "Diluted EPS": -0.25,
        "Total Revenue": NaN,
        "Gross Profit": NaN,
        "Operating Income": -1,
        "EBIT": -1,
        "Net Income": -2
    },
    "2011-03-31": {
        "Diluted EPS": -0.25,
        "Total Revenue": NaN,
        "Gross Profit": NaN,
        "Operating Income": -1,
        "EBIT": -1,
        "Net Income": -2
    },
    "2010-12-31": {
        "Diluted EPS": 0.0,
        "Total Revenue": NaN,
        "Gross Profit": NaN,
        "Operating Income": 0,
        "EBIT": 0,
        "Net Income": 0
    },
    "2010-09-30": {
        "Diluted EPS": 0.0,
        "Total Revenue": NaN,
        "Gross Profit": NaN,
        "Operating Income": -1,
        "EBIT": -1,
        "Net Income": -1
    },
    "2010-06-30": {
        "Diluted EPS": 0.0,
        "Total Revenue": NaN,
        "Gross Profit": NaN,
        "Operating Income": -1,
        "EBIT": -1,
        "Net Income": -1
    },
    "2010-03-31": {
        "Diluted EPS": 0.0,
        "Total Revenue": NaN,
        "Gross Profit": NaN,
        "Operating Income": -1,
        "EBIT": -1,
        "Net Income": -1
    },
    "2009-12-31": {
        "Diluted EPS": 0.0,
        "Total Revenue": NaN,
        "Gross Profit": NaN,
        "Operating Income": -1,
        "EBIT": -1,
        "Net Income": 0
    },
    "2009-09-30": {
        "Diluted EPS": 0.0,
        "Total Revenue": NaN,
        "Gross Profit": NaN,
        "Operating Income": -1,
        "EBIT": -1,
        "Net Income": -1
    },
    "2009-06-30": {
        "Diluted EPS": 0.0,
        "Total Revenue": NaN,
        "Gross Profit": NaN,
        "Operating Income": -1,
        "EBIT": -1,
        "Net Income": -1
    },
    "2009-03-31": {
        "Diluted EPS": 0.0,
        "Total Revenue": NaN,
        "Gross Profit": NaN,
        "Operating Income": -1,
        "EBIT": -1,
        "Net Income": -1
    },
    "2023-09-30": {
        "Tax Effect Of Unusual Items": NaN,
        "Tax Rate For Calcs": NaN,
        "Normalized EBITDA": NaN,
        "Total Unusual Items": NaN,
        "Total Unusual Items Excluding Goodwill": NaN,
        "Net Income From Continuing Operation Net Minority Interest": NaN,
        "Reconciled Depreciation": NaN,
        "Reconciled Cost Of Revenue": NaN,
        "EBITDA": NaN,
        "EBIT": NaN,
        "Net Interest Income": NaN,
        "Interest Expense": 33670.0,
        "Normalized Income": NaN,
        "Net Income From Continuing And Discontinued Operation": NaN,
        "Total Expenses": NaN,
        "Total Operating Income As Reported": NaN,
        "Diluted Average Shares": NaN,
        "Basic Average Shares": NaN,
        "Diluted EPS": NaN,
        "Basic EPS": NaN,
        "Diluted NI Availto Com Stockholders": NaN,
        "Net Income Common Stockholders": NaN,
        "Net Income": NaN,
        "Net Income Including Noncontrolling Interests": NaN,
        "Net Income Continuous Operations": NaN,
        "Tax Provision": NaN,
        "Pretax Income": NaN,
        "Other Income Expense": NaN,
        "Other Non Operating Income Expenses": NaN,
        "Gain On Sale Of Security": NaN,
        "Net Non Operating Interest Income Expense": NaN,
        "Total Other Finance Cost": 33670.0,
        "Interest Expense Non Operating": 33670.0,
        "Operating Income": NaN,
        "Operating Expense": NaN,
        "Other Operating Expenses": -1056831.0,
        "Research And Development": NaN,
        "Selling General And Administration": NaN,
        "General And Administrative Expense": 9207867.0,
        "Other Gand A": 9207867.0,
        "Gross Profit": NaN,
        "Cost Of Revenue": NaN,
        "Total Revenue": NaN,
        "Operating Revenue": NaN
    },
    "2023-12-31": {
        "Tax Effect Of Unusual Items": NaN,
        "Tax Rate For Calcs": NaN,
        "Normalized EBITDA": NaN,
        "Total Unusual Items": NaN,
        "Total Unusual Items Excluding Goodwill": NaN,
        "Net Income From Continuing Operation Net Minority Interest": NaN,
        "Reconciled Depreciation": NaN,
        "Reconciled Cost Of Revenue": NaN,
        "EBITDA": NaN,
        "EBIT": NaN,
        "Net Interest Income": NaN,
        "Interest Expense": NaN,
        "Normalized Income": NaN,
        "Net Income From Continuing And Discontinued Operation": NaN,
        "Total Expenses": NaN,
        "Total Operating Income As Reported": NaN,
        "Diluted Average Shares": NaN,
        "Basic Average Shares": NaN,
        "Diluted EPS": NaN,
        "Basic EPS": NaN,
        "Diluted NI Availto Com Stockholders": NaN,
        "Net Income Common Stockholders": NaN,
        "Net Income": NaN,
        "Net Income Including Noncontrolling Interests": NaN,
        "Net Income Continuous Operations": NaN,
        "Tax Provision": NaN,
        "Pretax Income": NaN,
        "Other Income Expense": NaN,
        "Other Non Operating Income Expenses": 61754.0,
        "Gain On Sale Of Security": NaN,
        "Net Non Operating Interest Income Expense": NaN,
        "Total Other Finance Cost": 52229.0,
        "Interest Expense Non Operating": NaN,
        "Operating Income": NaN,
        "Operating Expense": NaN,
        "Other Operating Expenses": -1319730.0,
        "Research And Development": NaN,
        "Selling General And Administration": NaN,
        "General And Administrative Expense": 10556206.0,
        "Other Gand A": 10556206.0,
        "Gross Profit": NaN,
        "Cost Of Revenue": NaN,
        "Total Revenue": NaN,
        "Operating Revenue": NaN
    },
    "2024-03-31": {
        "Tax Effect Of Unusual Items": NaN,
        "Tax Rate For Calcs": NaN,
        "Normalized EBITDA": NaN,
        "Total Unusual Items": NaN,
        "Total Unusual Items Excluding Goodwill": NaN,
        "Net Income From Continuing Operation Net Minority Interest": NaN,
        "Reconciled Depreciation": NaN,
        "Reconciled Cost Of Revenue": NaN,
        "EBITDA": NaN,
        "EBIT": NaN,
        "Net Interest Income": NaN,
        "Interest Expense": NaN,
        "Normalized Income": NaN,
        "Net Income From Continuing And Discontinued Operation": NaN,
        "Total Expenses": NaN,
        "Total Operating Income As Reported": NaN,
        "Diluted Average Shares": NaN,
        "Basic Average Shares": NaN,
        "Diluted EPS": NaN,
        "Basic EPS": NaN,
        "Diluted NI Availto Com Stockholders": NaN,
        "Net Income Common Stockholders": NaN,
        "Net Income": NaN,
        "Net Income Including Noncontrolling Interests": NaN,
        "Net Income Continuous Operations": NaN,
        "Tax Provision": 0.0,
        "Pretax Income": NaN,
        "Other Income Expense": NaN,
        "Other Non Operating Income Expenses": NaN,
        "Gain On Sale Of Security": NaN,
        "Net Non Operating Interest Income Expense": NaN,
        "Total Other Finance Cost": 6653.0,
        "Interest Expense Non Operating": NaN,
        "Operating Income": NaN,
        "Operating Expense": NaN,
        "Other Operating Expenses": -796772.0,
        "Research And Development": NaN,
        "Selling General And Administration": NaN,
        "General And Administrative Expense": 9247906.0,
        "Other Gand A": 9247906.0,
        "Gross Profit": NaN,
        "Cost Of Revenue": NaN,
        "Total Revenue": NaN,
        "Operating Revenue": NaN
    },
    "2024-06-30": {
        "Tax Effect Of Unusual Items": 0.0,
        "Tax Rate For Calcs": 0.0,
        "Normalized EBITDA": -3123213.0,
        "Total Unusual Items": -544000.0,
        "Total Unusual Items Excluding Goodwill": -544000.0,
        "Net Income From Continuing Operation Net Minority Interest": -4294000.0,
        "Reconciled Depreciation": 446787.0,
        "Reconciled Cost Of Revenue": 2339000.0,
        "EBITDA": -3667213.0,
        "EBIT": -4114000.0,
        "Net Interest Income": -180000.0,
        "Interest Expense": 180000.0,
        "Normalized Income": -3750000.0,
        "Net Income From Continuing And Discontinued Operation": -4294000.0,
        "Total Expenses": 12412000.0,
        "Total Operating Income As Reported": -3570000.0,
        "Diluted Average Shares": 54306041.0,
        "Basic Average Shares": 54306041.0,
        "Diluted EPS": -0.08,
        "Basic EPS": -0.08,
        "Diluted NI Availto Com Stockholders": -4294000.0,
        "Net Income Common Stockholders": -4294000.0,
        "Net Income": -4294000.0,
        "Net Income Including Noncontrolling Interests": -4294000.0,
        "Net Income Continuous Operations": -4294000.0,
        "Tax Provision": 0.0,
        "Pretax Income": -4294000.0,
        "Other Income Expense": -544000.0,
        "Other Non Operating Income Expenses": NaN,
        "Gain On Sale Of Security": -544000.0,
        "Net Non Operating Interest Income Expense": -180000.0,
        "Total Other Finance Cost": 180098.0,
        "Interest Expense Non Operating": 180000.0,
        "Operating Income": -3570000.0,
        "Operating Expense": 10073000.0,
        "Other Operating Expenses": -1052847.0,
        "Research And Development": 1519000.0,
        "Selling General And Administration": 8554000.0,
        "General And Administrative Expense": 8401933.0,
        "Other Gand A": 8401933.0,
        "Gross Profit": 6503000.0,
        "Cost Of Revenue": 2339000.0,
        "Total Revenue": 8842000.0,
        "Operating Revenue": 8842000.0
    },
    "2024-09-30": {
        "Tax Effect Of Unusual Items": 0.0,
        "Tax Rate For Calcs": 0.0,
        "Normalized EBITDA": -3967750.0,
        "Total Unusual Items": 2650309.0,
        "Total Unusual Items Excluding Goodwill": 2650309.0,
        "Net Income From Continuing Operation Net Minority Interest": -2334091.0,
        "Reconciled Depreciation": 428497.0,
        "Reconciled Cost Of Revenue": 4108773.0,
        "EBITDA": -1317441.0,
        "EBIT": -1745938.0,
        "Net Interest Income": -588153.0,
        "Interest Expense": 588153.0,
        "Normalized Income": -4984400.0,
        "Net Income From Continuing And Discontinued Operation": -2334091.0,
        "Total Expenses": 13009042.0,
        "Total Operating Income As Reported": -4396247.0,
        "Diluted Average Shares": 54723916.0,
        "Basic Average Shares": 54723916.0,
        "Diluted EPS": -0.039802,
        "Basic EPS": -0.039802,
        "Diluted NI Availto Com Stockholders": -2334091.0,
        "Net Income Common Stockholders": -2334091.0,
        "Net Income": -2334091.0,
        "Net Income Including Noncontrolling Interests": -2334091.0,
        "Net Income Continuous Operations": -2334091.0,
        "Tax Provision": 0.0,
        "Pretax Income": -2334091.0,
        "Other Income Expense": 2650309.0,
        "Other Non Operating Income Expenses": NaN,
        "Gain On Sale Of Security": 2650309.0,
        "Net Non Operating Interest Income Expense": -588153.0,
        "Total Other Finance Cost": NaN,
        "Interest Expense Non Operating": 588153.0,
        "Operating Income": -4396247.0,
        "Operating Expense": 8900269.0,
        "Other Operating Expenses": -777593.0,
        "Research And Development": 1851230.0,
        "Selling General And Administration": 7826632.0,
        "General And Administrative Expense": 7826632.0,
        "Other Gand A": 7826632.0,
        "Gross Profit": 4504022.0,
        "Cost Of Revenue": 4108773.0,
        "Total Revenue": 8612795.0,
        "Operating Revenue": 8612795.0
    },
    "2024-12-31": {
        "Tax Effect Of Unusual Items": -866210.068993,
        "Tax Rate For Calcs": 0.176593,
        "Normalized EBITDA": -3619751.0,
        "Total Unusual Items": -4905113.0,
        "Total Unusual Items Excluding Goodwill": -4905113.0,
        "Net Income From Continuing Operation Net Minority Interest": -7883859.0,
        "Reconciled Depreciation": 425631.0,
        "Reconciled Cost Of Revenue": -247865.0,
        "EBITDA": -8524864.0,
        "EBIT": -8950495.0,
        "Net Interest Income": -624189.0,
        "Interest Expense": 624189.0,
        "Normalized Income": -3844956.068993,
        "Net Income From Continuing And Discontinued Operation": -7883859.0,
        "Total Expenses": 13195768.0,
        "Total Operating Income As Reported": -4045352.0,
        "Diluted Average Shares": 54714642.0,
        "Basic Average Shares": 54714642.0,
        "Diluted EPS": -0.14,
        "Basic EPS": -0.14,
        "Diluted NI Availto Com Stockholders": -7883859.0,
        "Net Income Common Stockholders": -7883859.0,
        "Net Income": -7883859.0,
        "Net Income Including Noncontrolling Interests": -7883859.0,
        "Net Income Continuous Operations": -7883859.0,
        "Tax Provision": -1690825.0,
        "Pretax Income": -9574684.0,
        "Other Income Expense": -4905143.0,
        "Other Non Operating Income Expenses": NaN,
        "Gain On Sale Of Security": -4905113.0,
        "Net Non Operating Interest Income Expense": -624189.0,
        "Total Other Finance Cost": NaN,
        "Interest Expense Non Operating": 624189.0,
        "Operating Income": -4045352.0,
        "Operating Expense": 13443633.0,
        "Other Operating Expenses": NaN,
        "Research And Development": 1297141.0,
        "Selling General And Administration": 9519280.0,
        "General And Administrative Expense": NaN,
        "Other Gand A": NaN,
        "Gross Profit": 9398281.0,
        "Cost Of Revenue": -247865.0,
        "Total Revenue": 9150416.0,
        "Operating Revenue": 9150416.0
    },
    "2025-03-31": {
        "Tax Effect Of Unusual Items": 0.0,
        "Tax Rate For Calcs": 0.0,
        "Normalized EBITDA": -3482460.0,
        "Total Unusual Items": 3013984.0,
        "Total Unusual Items Excluding Goodwill": 3013984.0,
        "Net Income From Continuing Operation Net Minority Interest": -1478358.0,
        "Reconciled Depreciation": 404748.0,
        "Reconciled Cost Of Revenue": 2519641.0,
        "EBITDA": -468476.0,
        "EBIT": -873224.0,
        "Net Interest Income": -605134.0,
        "Interest Expense": 605134.0,
        "Normalized Income": -4492342.0,
        "Net Income From Continuing And Discontinued Operation": -1478358.0,
        "Total Expenses": 12614446.0,
        "Total Operating Income As Reported": -3887208.0,
        "Diluted Average Shares": 60731929.0,
        "Basic Average Shares": 60731929.0,
        "Diluted EPS": -0.02,
        "Basic EPS": -0.02,
        "Diluted NI Availto Com Stockholders": -1478358.0,
        "Net Income Common Stockholders": -1478358.0,
        "Net Income": -1478358.0,
        "Net Income Including Noncontrolling Interests": -1478358.0,
        "Net Income Continuous Operations": -1478358.0,
        "Tax Provision": 0.0,
        "Pretax Income": -1478358.0,
        "Other Income Expense": 3013984.0,
        "Other Non Operating Income Expenses": NaN,
        "Gain On Sale Of Security": 3013984.0,
        "Net Non Operating Interest Income Expense": -605134.0,
        "Total Other Finance Cost": NaN,
        "Interest Expense Non Operating": 605134.0,
        "Operating Income": -3887208.0,
        "Operating Expense": 10094805.0,
        "Other Operating Expenses": NaN,
        "Research And Development": 1662925.0,
        "Selling General And Administration": 8431880.0,
        "General And Administrative Expense": NaN,
        "Other Gand A": NaN,
        "Gross Profit": 6207597.0,
        "Cost Of Revenue": 2519641.0,
        "Total Revenue": 8727238.0,
        "Operating Revenue": 8727238.0
    },
    "2025-06-30": {
        "Tax Effect Of Unusual Items": 1297380.0,
        "Tax Rate For Calcs": 0.21,
        "Normalized EBITDA": -3174748.0,
        "Total Unusual Items": 6178000.0,
        "Total Unusual Items Excluding Goodwill": 6178000.0,
        "Net Income From Continuing Operation Net Minority Interest": 1947000.0,
        "Reconciled Depreciation": 440252.0,
        "Reconciled Cost Of Revenue": 2803000.0,
        "EBITDA": 3003252.0,
        "EBIT": 2563000.0,
        "Net Interest Income": -616000.0,
        "Interest Expense": 616000.0,
        "Normalized Income": -2933620.0,
        "Net Income From Continuing And Discontinued Operation": 1947000.0,
        "Total Expenses": 13232000.0,
        "Total Operating Income As Reported": -3615000.0,
        "Diluted Average Shares": 67166377.0,
        "Basic Average Shares": 62608598.0,
        "Diluted EPS": 0.03,
        "Basic EPS": 0.03,
        "Diluted NI Availto Com Stockholders": 1947000.0,
        "Net Income Common Stockholders": 1947000.0,
        "Net Income": 1947000.0,
        "Net Income Including Noncontrolling Interests": 1947000.0,
        "Net Income Continuous Operations": 1947000.0,
        "Tax Provision": NaN,
        "Pretax Income": 1947000.0,
        "Other Income Expense": 6178000.0,
        "Other Non Operating Income Expenses": NaN,
        "Gain On Sale Of Security": 6178000.0,
        "Net Non Operating Interest Income Expense": -616000.0,
        "Total Other Finance Cost": NaN,
        "Interest Expense Non Operating": 616000.0,
        "Operating Income": -3615000.0,
        "Operating Expense": 10429000.0,
        "Other Operating Expenses": NaN,
        "Research And Development": 1262000.0,
        "Selling General And Administration": 9167000.0,
        "General And Administrative Expense": NaN,
        "Other Gand A": NaN,
        "Gross Profit": 6814000.0,
        "Cost Of Revenue": 2803000.0,
        "Total Revenue": 9617000.0,
        "Operating Revenue": 9617000.0
    }
}