{
    "2023-03-31": {
        "Tax Effect Of Unusual Items": NaN,
        "Tax Rate For Calcs": NaN,
        "Normalized EBITDA": NaN,
        "Total Unusual Items": NaN,
        "Total Unusual Items Excluding Goodwill": NaN,
        "Net Income From Continuing Operation Net Minority Interest": NaN,
        "Reconciled Depreciation": NaN,
        "Reconciled Cost Of Revenue": NaN,
        "EBITDA": NaN,
        "EBIT": NaN,
        "Net Interest Income": NaN,
        "Interest Expense": NaN,
        "Interest Income": NaN,
        "Normalized Income": NaN,
        "Net Income From Continuing And Discontinued Operation": NaN,
        "Total Expenses": NaN,
        "Diluted Average Shares": NaN,
        "Basic Average Shares": NaN,
        "Diluted EPS": NaN,
        "Basic EPS": NaN,
        "Diluted NI Availto Com Stockholders": NaN,
        "Net Income Common Stockholders": NaN,
        "Net Income": NaN,
        "Minority Interests": NaN,
        "Net Income Including Noncontrolling Interests": NaN,
        "Net Income Discontinuous Operations": NaN,
        "Net Income Continuous Operations": NaN,
        "Tax Provision": NaN,
        "Pretax Income": NaN,
        "Other Income Expense": NaN,
        "Other Non Operating Income Expenses": NaN,
        "Special Income Charges": NaN,
        "Gain On Sale Of Business": NaN,
        "Restructuring And Mergern Acquisition": NaN,
        "Earnings From Equity Interest": NaN,
        "Gain On Sale Of Security": NaN,
        "Net Non Operating Interest Income Expense": NaN,
        "Interest Expense Non Operating": NaN,
        "Interest Income Non Operating": NaN,
        "Operating Income": NaN,
        "Operating Expense": NaN,
        "Depreciation Amortization Depletion Income Statement": NaN,
        "Depreciation And Amortization In Income Statement": NaN,
        "Amortization": NaN,
        "Amortization Of Intangibles Income Statement": NaN,
        "Research And Development": NaN,
        "Selling General And Administration": NaN,
        "General And Administrative Expense": 757000000.0,
        "Other Gand A": 726000000.0,
        "Salaries And Wages": 31000000.0,
        "Gross Profit": NaN,
        "Cost Of Revenue": NaN,
        "Total Revenue": NaN,
        "Operating Revenue": NaN
    },
    "2022-12-31": {
        "Tax Effect Of Unusual Items": -40950000.0,
        "Tax Rate For Calcs": 0.21,
        "Normalized EBITDA": 332000000.0,
        "Total Unusual Items": -195000000.0,
        "Total Unusual Items Excluding Goodwill": -195000000.0,
        "Net Income From Continuing Operation Net Minority Interest": -43000000.0,
        "Reconciled Depreciation": 304000000.0,
        "Reconciled Cost Of Revenue": 2372000000.0,
        "EBITDA": 137000000.0,
        "EBIT": -167000000.0,
        "Net Interest Income": 13000000.0,
        "Interest Expense": 36000000.0,
        "Interest Income": 49000000.0,
        "Normalized Income": 111050000.0,
        "Net Income From Continuing And Discontinued Operation": -55000000.0,
        "Total Expenses": 3780000000.0,
        "Diluted Average Shares": 714700000.0,
        "Basic Average Shares": 714700000.0,
        "Diluted EPS": -0.08,
        "Basic EPS": -0.08,
        "Diluted NI Availto Com Stockholders": -55000000.0,
        "Net Income Common Stockholders": -55000000.0,
        "Net Income": -55000000.0,
        "Minority Interests": -2000000.0,
        "Net Income Including Noncontrolling Interests": -53000000.0,
        "Net Income Discontinuous Operations": -12000000.0,
        "Net Income Continuous Operations": -41000000.0,
        "Tax Provision": -162000000.0,
        "Pretax Income": -203000000.0,
        "Other Income Expense": -261000000.0,
        "Other Non Operating Income Expenses": -73000000.0,
        "Special Income Charges": -62000000.0,
        "Gain On Sale Of Business": 1000000.0,
        "Restructuring And Mergern Acquisition": 63000000.0,
        "Earnings From Equity Interest": 7000000.0,
        "Gain On Sale Of Security": -133000000.0,
        "Net Non Operating Interest Income Expense": 13000000.0,
        "Interest Expense Non Operating": 36000000.0,
        "Interest Income Non Operating": 49000000.0,
        "Operating Income": 45000000.0,
        "Operating Expense": 1270000000.0,
        "Depreciation Amortization Depletion Income Statement": 166000000.0,
        "Depreciation And Amortization In Income Statement": 166000000.0,
        "Amortization": 166000000.0,
        "Amortization Of Intangibles Income Statement": 166000000.0,
        "Research And Development": 340000000.0,
        "Selling General And Administration": 764000000.0,
        "General And Administrative Expense": NaN,
        "Other Gand A": NaN,
        "Salaries And Wages": NaN,
        "Gross Profit": 1315000000.0,
        "Cost Of Revenue": 2510000000.0,
        "Total Revenue": 3825000000.0,
        "Operating Revenue": 3825000000.0
    },
    "2022-09-30": {
        "Tax Effect Of Unusual Items": NaN,
        "Tax Rate For Calcs": NaN,
        "Normalized EBITDA": NaN,
        "Total Unusual Items": NaN,
        "Total Unusual Items Excluding Goodwill": NaN,
        "Net Income From Continuing Operation Net Minority Interest": NaN,
        "Reconciled Depreciation": NaN,
        "Reconciled Cost Of Revenue": NaN,
        "EBITDA": NaN,
        "EBIT": NaN,
        "Net Interest Income": NaN,
        "Interest Expense": NaN,
        "Interest Income": NaN,
        "Normalized Income": NaN,
        "Net Income From Continuing And Discontinued Operation": NaN,
        "Total Expenses": NaN,
        "Diluted Average Shares": NaN,
        "Basic Average Shares": NaN,
        "Diluted EPS": NaN,
        "Basic EPS": NaN,
        "Diluted NI Availto Com Stockholders": NaN,
        "Net Income Common Stockholders": NaN,
        "Net Income": NaN,
        "Minority Interests": NaN,
        "Net Income Including Noncontrolling Interests": NaN,
        "Net Income Discontinuous Operations": NaN,
        "Net Income Continuous Operations": NaN,
        "Tax Provision": NaN,
        "Pretax Income": NaN,
        "Other Income Expense": NaN,
        "Other Non Operating Income Expenses": NaN,
        "Special Income Charges": NaN,
        "Gain On Sale Of Business": NaN,
        "Restructuring And Mergern Acquisition": NaN,
        "Earnings From Equity Interest": NaN,
        "Gain On Sale Of Security": NaN,
        "Net Non Operating Interest Income Expense": NaN,
        "Interest Expense Non Operating": NaN,
        "Interest Income Non Operating": NaN,
        "Operating Income": NaN,
        "Operating Expense": NaN,
        "Depreciation Amortization Depletion Income Statement": NaN,
        "Depreciation And Amortization In Income Statement": NaN,
        "Amortization": NaN,
        "Amortization Of Intangibles Income Statement": NaN,
        "Research And Development": NaN,
        "Selling General And Administration": NaN,
        "General And Administrative Expense": 657000000.0,
        "Other Gand A": 657000000.0,
        "Salaries And Wages": NaN,
        "Gross Profit": NaN,
        "Cost Of Revenue": NaN,
        "Total Revenue": NaN,
        "Operating Revenue": NaN
    },
    "2022-06-30": {
        "Tax Effect Of Unusual Items": -35035000.0,
        "Tax Rate For Calcs": 0.245,
        "Normalized EBITDA": 1788000000.0,
        "Total Unusual Items": -143000000.0,
        "Total Unusual Items Excluding Goodwill": -143000000.0,
        "Net Income From Continuing Operation Net Minority Interest": 999000000.0,
        "Reconciled Depreciation": 302000000.0,
        "Reconciled Cost Of Revenue": 3200000000.0,
        "EBITDA": 1645000000.0,
        "EBIT": 1343000000.0,
        "Net Interest Income": -16000000.0,
        "Interest Expense": 16000000.0,
        "Interest Income": 24000000.0,
        "Normalized Income": 1106965000.0,
        "Net Income From Continuing And Discontinued Operation": 969000000.0,
        "Total Expenses": 4815000000.0,
        "Diluted Average Shares": 726700000.0,
        "Basic Average Shares": 723000000.0,
        "Diluted EPS": 1.33,
        "Basic EPS": 1.34,
        "Diluted NI Availto Com Stockholders": 969000000.0,
        "Net Income Common Stockholders": 969000000.0,
        "Net Income": 969000000.0,
        "Minority Interests": -3000000.0,
        "Net Income Including Noncontrolling Interests": 972000000.0,
        "Net Income Discontinuous Operations": -30000000.0,
        "Net Income Continuous Operations": 1002000000.0,
        "Tax Provision": 325000000.0,
        "Pretax Income": 1327000000.0,
        "Other Income Expense": -94000000.0,
        "Other Non Operating Income Expenses": 49000000.0,
        "Special Income Charges": -143000000.0,
        "Gain On Sale Of Business": 4000000.0,
        "Restructuring And Mergern Acquisition": 143000000.0,
        "Earnings From Equity Interest": 4000000.0,
        "Gain On Sale Of Security": -36000000.0,
        "Net Non Operating Interest Income Expense": -16000000.0,
        "Interest Expense Non Operating": 16000000.0,
        "Interest Income Non Operating": 24000000.0,
        "Operating Income": 1437000000.0,
        "Operating Expense": 1492000000.0,
        "Depreciation Amortization Depletion Income Statement": 179000000.0,
        "Depreciation And Amortization In Income Statement": 179000000.0,
        "Amortization": 179000000.0,
        "Amortization Of Intangibles Income Statement": 179000000.0,
        "Research And Development": 296000000.0,
        "Selling General And Administration": 1017000000.0,
        "General And Administrative Expense": NaN,
        "Other Gand A": NaN,
        "Gross Profit": 2929000000.0,
        "Cost Of Revenue": 3323000000.0,
        "Total Revenue": 6252000000.0,
        "Operating Revenue": 6252000000.0
    },
    "2023-06-30": {
        "Tax Effect Of Unusual Items": NaN,
        "Tax Rate For Calcs": NaN,
        "Normalized EBITDA": NaN,
        "Total Unusual Items": NaN,
        "Total Unusual Items Excluding Goodwill": NaN,
        "Net Income From Continuing Operation Net Minority Interest": NaN,
        "Reconciled Depreciation": NaN,
        "Reconciled Cost Of Revenue": NaN,
        "EBITDA": NaN,
        "EBIT": NaN,
        "Net Interest Income": NaN,
        "Interest Expense": NaN,
        "Interest Income": NaN,
        "Normalized Income": NaN,
        "Net Income From Continuing And Discontinued Operation": NaN,
        "Total Expenses": NaN,
        "Diluted Average Shares": NaN,
        "Basic Average Shares": NaN,
        "Diluted EPS": NaN,
        "Basic EPS": NaN,
        "Diluted NI Availto Com Stockholders": NaN,
        "Net Income Common Stockholders": NaN,
        "Net Income": NaN,
        "Minority Interests": NaN,
        "Net Income Including Noncontrolling Interests": NaN,
        "Net Income Discontinuous Operations": NaN,
        "Net Income Continuous Operations": NaN,
        "Tax Provision": NaN,
        "Pretax Income": NaN,
        "Other Income Expense": NaN,
        "Other Non Operating Income Expenses": NaN,
        "Special Income Charges": NaN,
        "Gain On Sale Of Business": NaN,
        "Restructuring And Mergern Acquisition": NaN,
        "Earnings From Equity Interest": NaN,
        "Gain On Sale Of Security": NaN,
        "Net Non Operating Interest Income Expense": NaN,
        "Interest Expense Non Operating": NaN,
        "Interest Income Non Operating": NaN,
        "Operating Income": NaN,
        "Operating Expense": NaN,
        "Depreciation Amortization Depletion Income Statement": NaN,
        "Depreciation And Amortization In Income Statement": NaN,
        "Amortization": NaN,
        "Amortization Of Intangibles Income Statement": NaN,
        "Research And Development": NaN,
        "Selling General And Administration": NaN,
        "General And Administrative Expense": 1075000000.0,
        "Other Gand A": 1045000000.0,
        "Salaries And Wages": 30000000.0,
        "Gross Profit": NaN,
        "Cost Of Revenue": NaN,
        "Total Revenue": NaN,
        "Operating Revenue": NaN
    },
    "2022-03-31": {
        "Diluted EPS": 0.78,
        "Total Revenue": NaN,
        "Gross Profit": NaN,
        "Operating Income": 707,
        "EBIT": NaN,
        "Net Income": 564
    },
    "2021-12-31": {
        "Diluted EPS": 0.22,
        "Total Revenue": NaN,
        "Gross Profit": NaN,
        "Operating Income": 253,
        "EBIT": 570,
        "Net Income": 159
    },
    "2021-09-30": {
        "Diluted EPS": 0.04,
        "Total Revenue": NaN,
        "Gross Profit": 813,
        "Operating Income": 16,
        "EBIT": 325,
        "Net Income": 30
    },
    "2021-06-30": {
        "Diluted EPS": 1.31,
        "Total Revenue": NaN,
        "Gross Profit": NaN,
        "Operating Income": NaN,
        "EBIT": NaN,
        "Net Income": 970
    },
    "2021-03-31": {
        "Diluted EPS": 0.8,
        "Total Revenue": NaN,
        "Gross Profit": NaN,
        "Operating Income": 798,
        "EBIT": NaN,
        "Net Income": 600
    },
    "2020-12-31": {
        "Diluted EPS": 0.06,
        "Total Revenue": NaN,
        "Gross Profit": NaN,
        "Operating Income": -60,
        "EBIT": 249,
        "Net Income": 41
    },
    "2020-09-30": {
        "Diluted EPS": -0.52,
        "Total Revenue": NaN,
        "Gross Profit": 566,
        "Operating Income": -496,
        "EBIT": -211,
        "Net Income": -392
    },
    "2020-06-30": {
        "Diluted EPS": 1.01,
        "Total Revenue": NaN,
        "Gross Profit": NaN,
        "Operating Income": 858,
        "EBIT": NaN,
        "Net Income": 760
    },
    "2020-03-31": {
        "Diluted EPS": 0.36,
        "Total Revenue": NaN,
        "Gross Profit": NaN,
        "Operating Income": 418,
        "EBIT": 701,
        "Net Income": 272
    },
    "2019-12-31": {
        "Diluted EPS": -0.03,
        "Total Revenue": NaN,
        "Gross Profit": NaN,
        "Operating Income": -163,
        "EBIT": 126,
        "Net Income": -21
    },
    "2019-09-30": {
        "Diluted EPS": -0.66,
        "Total Revenue": NaN,
        "Gross Profit": 562,
        "Operating Income": -612,
        "EBIT": -371,
        "Net Income": -494
    },
    "2019-06-30": {
        "Diluted EPS": -0.81,
        "Total Revenue": NaN,
        "Gross Profit": NaN,
        "Operating Income": 787,
        "EBIT": NaN,
        "Net Income": -608
    },
    "2019-03-31": {
        "Diluted EPS": 0.22,
        "Total Revenue": NaN,
        "Gross Profit": NaN,
        "Operating Income": -192,
        "EBIT": 739,
        "Net Income": 164
    },
    "2018-12-31": {
        "Diluted EPS": 0.0,
        "Total Revenue": NaN,
        "Gross Profit": NaN,
        "Operating Income": NaN,
        "EBIT": NaN,
        "Net Income": NaN
    },
    "2018-09-30": {
        "Diluted EPS": 0.0,
        "Total Revenue": NaN,
        "Gross Profit": 462,
        "Operating Income": NaN,
        "EBIT": -274,
        "Net Income": NaN
    },
    "2018-06-30": {
        "Diluted EPS": 0.0,
        "Total Revenue": NaN,
        "Gross Profit": NaN,
        "Operating Income": 396,
        "EBIT": 396,
        "Net Income": 694
    },
    "2017-12-31": {
        "Diluted EPS": 0.0,
        "Total Revenue": NaN,
        "Gross Profit": NaN,
        "Operating Income": NaN,
        "EBIT": NaN,
        "Net Income": NaN
    },
    "2023-09-30": {
        "Tax Effect Of Unusual Items": NaN,
        "Tax Rate For Calcs": NaN,
        "Normalized EBITDA": NaN,
        "Total Unusual Items": NaN,
        "Total Unusual Items Excluding Goodwill": NaN,
        "Net Income From Continuing Operation Net Minority Interest": NaN,
        "Reconciled Depreciation": NaN,
        "Reconciled Cost Of Revenue": NaN,
        "EBITDA": NaN,
        "EBIT": NaN,
        "Net Interest Income": NaN,
        "Interest Expense": NaN,
        "Interest Income": NaN,
        "Normalized Income": NaN,
        "Net Income From Continuing And Discontinued Operation": NaN,
        "Total Expenses": NaN,
        "Diluted Average Shares": NaN,
        "Basic Average Shares": NaN,
        "Diluted EPS": NaN,
        "Basic EPS": NaN,
        "Diluted NI Availto Com Stockholders": NaN,
        "Net Income Common Stockholders": NaN,
        "Net Income": NaN,
        "Minority Interests": NaN,
        "Net Income Including Noncontrolling Interests": NaN,
        "Net Income Discontinuous Operations": NaN,
        "Net Income Continuous Operations": NaN,
        "Tax Provision": NaN,
        "Pretax Income": NaN,
        "Other Income Expense": NaN,
        "Other Non Operating Income Expenses": NaN,
        "Special Income Charges": NaN,
        "Gain On Sale Of Business": NaN,
        "Restructuring And Mergern Acquisition": NaN,
        "Earnings From Equity Interest": NaN,
        "Gain On Sale Of Security": NaN,
        "Net Non Operating Interest Income Expense": NaN,
        "Interest Expense Non Operating": NaN,
        "Interest Income Non Operating": NaN,
        "Operating Income": NaN,
        "Operating Expense": NaN,
        "Depreciation Amortization Depletion Income Statement": NaN,
        "Depreciation And Amortization In Income Statement": NaN,
        "Amortization": NaN,
        "Amortization Of Intangibles Income Statement": NaN,
        "Research And Development": NaN,
        "Selling General And Administration": NaN,
        "General And Administrative Expense": 700000000.0,
        "Other Gand A": 670000000.0,
        "Salaries And Wages": 30000000.0,
        "Gross Profit": NaN,
        "Cost Of Revenue": NaN,
        "Total Revenue": NaN,
        "Operating Revenue": NaN
    },
    "2023-12-31": {
        "Tax Effect Of Unusual Items": -109659442.724458,
        "Tax Rate For Calcs": 0.28483,
        "Normalized EBITDA": 436000000.0,
        "Total Unusual Items": -385000000.0,
        "Total Unusual Items Excluding Goodwill": -385000000.0,
        "Net Income From Continuing Operation Net Minority Interest": -233000000.0,
        "Reconciled Depreciation": 312000000.0,
        "Reconciled Cost Of Revenue": 2229000000.0,
        "EBITDA": 51000000.0,
        "EBIT": -261000000.0,
        "Net Interest Income": 68000000.0,
        "Interest Expense": 62000000.0,
        "Interest Income": 130000000.0,
        "Normalized Income": 42340557.275542,
        "Net Income From Continuing And Discontinued Operation": -253000000.0,
        "Total Expenses": 3542000000.0,
        "Diluted Average Shares": 704000000.0,
        "Basic Average Shares": 704000000.0,
        "Diluted EPS": -0.36,
        "Basic EPS": -0.36,
        "Diluted NI Availto Com Stockholders": -253000000.0,
        "Net Income Common Stockholders": -253000000.0,
        "Net Income": -253000000.0,
        "Minority Interests": -2000000.0,
        "Net Income Including Noncontrolling Interests": -251000000.0,
        "Net Income Discontinuous Operations": -20000000.0,
        "Net Income Continuous Operations": -231000000.0,
        "Tax Provision": -92000000.0,
        "Pretax Income": -323000000.0,
        "Other Income Expense": -556000000.0,
        "Other Non Operating Income Expenses": -177000000.0,
        "Special Income Charges": -230000000.0,
        "Gain On Sale Of Business": 11000000.0,
        "Restructuring And Mergern Acquisition": 241000000.0,
        "Earnings From Equity Interest": 6000000.0,
        "Gain On Sale Of Security": -155000000.0,
        "Net Non Operating Interest Income Expense": 68000000.0,
        "Interest Expense Non Operating": 62000000.0,
        "Interest Income Non Operating": 130000000.0,
        "Operating Income": 165000000.0,
        "Operating Expense": 1176000000.0,
        "Depreciation Amortization Depletion Income Statement": 175000000.0,
        "Depreciation And Amortization In Income Statement": 175000000.0,
        "Amortization": 175000000.0,
        "Amortization Of Intangibles Income Statement": 175000000.0,
        "Research And Development": 357000000.0,
        "Selling General And Administration": 644000000.0,
        "General And Administrative Expense": NaN,
        "Other Gand A": NaN,
        "Salaries And Wages": NaN,
        "Gross Profit": 1341000000.0,
        "Cost Of Revenue": 2366000000.0,
        "Total Revenue": 3707000000.0,
        "Operating Revenue": 3707000000.0
    },
    "2024-03-31": {
        "Tax Effect Of Unusual Items": NaN,
        "Tax Rate For Calcs": NaN,
        "Normalized EBITDA": NaN,
        "Total Unusual Items": NaN,
        "Total Unusual Items Excluding Goodwill": NaN,
        "Net Income From Continuing Operation Net Minority Interest": NaN,
        "Reconciled Depreciation": NaN,
        "Reconciled Cost Of Revenue": NaN,
        "EBITDA": NaN,
        "EBIT": NaN,
        "Net Interest Income": NaN,
        "Interest Expense": NaN,
        "Interest Income": NaN,
        "Normalized Income": NaN,
        "Net Income From Continuing And Discontinued Operation": NaN,
        "Total Expenses": NaN,
        "Diluted Average Shares": NaN,
        "Basic Average Shares": NaN,
        "Diluted EPS": NaN,
        "Basic EPS": NaN,
        "Diluted NI Availto Com Stockholders": NaN,
        "Net Income Common Stockholders": NaN,
        "Net Income": NaN,
        "Minority Interests": NaN,
        "Net Income Including Noncontrolling Interests": NaN,
        "Net Income Discontinuous Operations": NaN,
        "Net Income Continuous Operations": NaN,
        "Tax Provision": NaN,
        "Pretax Income": NaN,
        "Other Income Expense": NaN,
        "Other Non Operating Income Expenses": NaN,
        "Special Income Charges": NaN,
        "Gain On Sale Of Business": NaN,
        "Restructuring And Mergern Acquisition": NaN,
        "Earnings From Equity Interest": NaN,
        "Gain On Sale Of Security": NaN,
        "Net Non Operating Interest Income Expense": NaN,
        "Interest Expense Non Operating": NaN,
        "Interest Income Non Operating": NaN,
        "Operating Income": NaN,
        "Operating Expense": NaN,
        "Depreciation Amortization Depletion Income Statement": NaN,
        "Depreciation And Amortization In Income Statement": NaN,
        "Amortization": NaN,
        "Amortization Of Intangibles Income Statement": NaN,
        "Research And Development": NaN,
        "Selling General And Administration": NaN,
        "General And Administrative Expense": 736000000.0,
        "Other Gand A": 736000000.0,
        "Salaries And Wages": 36000000.0,
        "Gross Profit": NaN,
        "Cost Of Revenue": NaN,
        "Total Revenue": NaN,
        "Operating Revenue": NaN
    },
    "2024-06-30": {
        "Tax Effect Of Unusual Items": -33089686.098655,
        "Tax Rate For Calcs": 0.210762,
        "Normalized EBITDA": 1873000000.0,
        "Total Unusual Items": -157000000.0,
        "Total Unusual Items Excluding Goodwill": -157000000.0,
        "Net Income From Continuing Operation Net Minority Interest": 1053000000.0,
        "Reconciled Depreciation": 312000000.0,
        "Reconciled Cost Of Revenue": 2780000000.0,
        "EBITDA": 1716000000.0,
        "EBIT": 1404000000.0,
        "Net Interest Income": -41000000.0,
        "Interest Expense": 66000000.0,
        "Interest Income": 25000000.0,
        "Normalized Income": 1176910313.901345,
        "Net Income From Continuing And Discontinued Operation": 1053000000.0,
        "Total Expenses": 4503000000.0,
        "Diluted Average Shares": 698100000.0,
        "Basic Average Shares": 695900000.0,
        "Diluted EPS": 1.51,
        "Basic EPS": 1.51,
        "Diluted NI Availto Com Stockholders": 1053000000.0,
        "Net Income Common Stockholders": 1053000000.0,
        "Net Income": 1053000000.0,
        "Minority Interests": -3000000.0,
        "Net Income Including Noncontrolling Interests": 1056000000.0,
        "Net Income Discontinuous Operations": 0.0,
        "Net Income Continuous Operations": 1056000000.0,
        "Tax Provision": 282000000.0,
        "Pretax Income": 1338000000.0,
        "Other Income Expense": -230000000.0,
        "Other Non Operating Income Expenses": -72000000.0,
        "Special Income Charges": -79000000.0,
        "Gain On Sale Of Business": 13000000.0,
        "Restructuring And Mergern Acquisition": 92000000.0,
        "Earnings From Equity Interest": -1000000.0,
        "Gain On Sale Of Security": -78000000.0,
        "Net Non Operating Interest Income Expense": -41000000.0,
        "Interest Expense Non Operating": 66000000.0,
        "Interest Income Non Operating": 25000000.0,
        "Operating Income": 1609000000.0,
        "Operating Expense": 1585000000.0,
        "Depreciation Amortization Depletion Income Statement": 174000000.0,
        "Depreciation And Amortization In Income Statement": 174000000.0,
        "Amortization": 174000000.0,
        "Amortization Of Intangibles Income Statement": 174000000.0,
        "Research And Development": 357000000.0,
        "Selling General And Administration": 1054000000.0,
        "General And Administrative Expense": 1054000000.0,
        "Other Gand A": 1054000000.0,
        "Salaries And Wages": 36000000.0,
        "Gross Profit": 3194000000.0,
        "Cost Of Revenue": 2918000000.0,
        "Total Revenue": 6112000000.0,
        "Operating Revenue": 6112000000.0
    },
    "2024-09-30": {
        "Tax Effect Of Unusual Items": -23220000.0,
        "Tax Rate For Calcs": 0.18,
        "Normalized EBITDA": -132000000.0,
        "Total Unusual Items": -129000000.0,
        "Total Unusual Items Excluding Goodwill": -129000000.0,
        "Net Income From Continuing Operation Net Minority Interest": -522000000.0,
        "Reconciled Depreciation": 306000000.0,
        "Reconciled Cost Of Revenue": 1429000000.0,
        "EBITDA": -261000000.0,
        "EBIT": -567000000.0,
        "Net Interest Income": -33000000.0,
        "Interest Expense": 66000000.0,
        "Interest Income": 33000000.0,
        "Normalized Income": -416220000.0,
        "Net Income From Continuing And Discontinued Operation": -524000000.0,
        "Total Expenses": 2791000000.0,
        "Diluted Average Shares": 691100000.0,
        "Basic Average Shares": 691100000.0,
        "Diluted EPS": -0.76,
        "Basic EPS": -0.76,
        "Diluted NI Availto Com Stockholders": -524000000.0,
        "Net Income Common Stockholders": -524000000.0,
        "Net Income": -524000000.0,
        "Minority Interests": -3000000.0,
        "Net Income Including Noncontrolling Interests": -521000000.0,
        "Net Income Discontinuous Operations": -2000000.0,
        "Net Income Continuous Operations": -519000000.0,
        "Tax Provision": -114000000.0,
        "Pretax Income": -633000000.0,
        "Other Income Expense": -135000000.0,
        "Other Non Operating Income Expenses": -6000000.0,
        "Special Income Charges": -32000000.0,
        "Gain On Sale Of Business": 0.0,
        "Restructuring And Mergern Acquisition": 32000000.0,
        "Earnings From Equity Interest": 0.0,
        "Gain On Sale Of Security": -97000000.0,
        "Net Non Operating Interest Income Expense": -33000000.0,
        "Interest Expense Non Operating": 66000000.0,
        "Interest Income Non Operating": 33000000.0,
        "Operating Income": -465000000.0,
        "Operating Expense": 1226000000.0,
        "Depreciation Amortization Depletion Income Statement": 170000000.0,
        "Depreciation And Amortization In Income Statement": 170000000.0,
        "Amortization": 170000000.0,
        "Amortization Of Intangibles Income Statement": 170000000.0,
        "Research And Development": 348000000.0,
        "Selling General And Administration": 708000000.0,
        "General And Administrative Expense": 708000000.0,
        "Other Gand A": 671000000.0,
        "Salaries And Wages": 37000000.0,
        "Gross Profit": 761000000.0,
        "Cost Of Revenue": 1565000000.0,
        "Total Revenue": 2326000000.0,
        "Operating Revenue": 2326000000.0
    },
    "2024-12-31": {
        "Tax Effect Of Unusual Items": -29190000.0,
        "Tax Rate For Calcs": 0.21,
        "Normalized EBITDA": 589000000.0,
        "Total Unusual Items": -139000000.0,
        "Total Unusual Items Excluding Goodwill": -139000000.0,
        "Net Income From Continuing Operation Net Minority Interest": -52000000.0,
        "Reconciled Depreciation": 302000000.0,
        "Reconciled Cost Of Revenue": 2358000000.0,
        "EBITDA": 450000000.0,
        "EBIT": 148000000.0,
        "Net Interest Income": -21000000.0,
        "Interest Expense": 60000000.0,
        "Interest Income": 39000000.0,
        "Normalized Income": 57810000.0,
        "Net Income From Continuing And Discontinued Operation": -41000000.0,
        "Total Expenses": 3651000000.0,
        "Diluted Average Shares": 687300000.0,
        "Basic Average Shares": 687300000.0,
        "Diluted EPS": -0.06,
        "Basic EPS": -0.06,
        "Diluted NI Availto Com Stockholders": -41000000.0,
        "Net Income Common Stockholders": -41000000.0,
        "Net Income": -41000000.0,
        "Minority Interests": -2000000.0,
        "Net Income Including Noncontrolling Interests": -39000000.0,
        "Net Income Discontinuous Operations": 11000000.0,
        "Net Income Continuous Operations": -50000000.0,
        "Tax Provision": 138000000.0,
        "Pretax Income": 88000000.0,
        "Other Income Expense": -218000000.0,
        "Other Non Operating Income Expenses": -87000000.0,
        "Special Income Charges": -89000000.0,
        "Gain On Sale Of Business": 0.0,
        "Restructuring And Mergern Acquisition": 89000000.0,
        "Earnings From Equity Interest": 8000000.0,
        "Gain On Sale Of Security": -50000000.0,
        "Net Non Operating Interest Income Expense": -21000000.0,
        "Interest Expense Non Operating": 60000000.0,
        "Interest Income Non Operating": 39000000.0,
        "Operating Income": 327000000.0,
        "Operating Expense": 1155000000.0,
        "Depreciation Amortization Depletion Income Statement": 164000000.0,
        "Depreciation And Amortization In Income Statement": 164000000.0,
        "Amortization": 164000000.0,
        "Amortization Of Intangibles Income Statement": 164000000.0,
        "Research And Development": 365000000.0,
        "Selling General And Administration": 626000000.0,
        "General And Administrative Expense": NaN,
        "Other Gand A": NaN,
        "Salaries And Wages": NaN,
        "Gross Profit": 1482000000.0,
        "Cost Of Revenue": 2496000000.0,
        "Total Revenue": 3978000000.0,
        "Operating Revenue": 3978000000.0
    },
    "2025-03-31": {
        "Tax Effect Of Unusual Items": -6715561.22449,
        "Tax Rate For Calcs": 0.149235,
        "Normalized EBITDA": 1161000000.0,
        "Total Unusual Items": -45000000.0,
        "Total Unusual Items Excluding Goodwill": -45000000.0,
        "Net Income From Continuing Operation Net Minority Interest": 663000000.0,
        "Reconciled Depreciation": 296000000.0,
        "Reconciled Cost Of Revenue": 2208000000.0,
        "EBITDA": 1116000000.0,
        "EBIT": 820000000.0,
        "Net Interest Income": -4000000.0,
        "Interest Expense": 36000000.0,
        "Interest Income": 32000000.0,
        "Normalized Income": 701284438.77551,
        "Net Income From Continuing And Discontinued Operation": 652000000.0,
        "Total Expenses": 3590000000.0,
        "Diluted Average Shares": 686600000.0,
        "Basic Average Shares": 684900000.0,
        "Diluted EPS": 0.95,
        "Basic EPS": 0.95,
        "Diluted NI Availto Com Stockholders": 652000000.0,
        "Net Income Common Stockholders": 652000000.0,
        "Net Income": 652000000.0,
        "Minority Interests": -4000000.0,
        "Net Income Including Noncontrolling Interests": 656000000.0,
        "Net Income Discontinuous Operations": -11000000.0,
        "Net Income Continuous Operations": 667000000.0,
        "Tax Provision": 117000000.0,
        "Pretax Income": 784000000.0,
        "Other Income Expense": -39000000.0,
        "Other Non Operating Income Expenses": -5000000.0,
        "Special Income Charges": -18000000.0,
        "Gain On Sale Of Business": 4000000.0,
        "Restructuring And Mergern Acquisition": 22000000.0,
        "Earnings From Equity Interest": 11000000.0,
        "Gain On Sale Of Security": -27000000.0,
        "Net Non Operating Interest Income Expense": -4000000.0,
        "Interest Expense Non Operating": 36000000.0,
        "Interest Income Non Operating": 32000000.0,
        "Operating Income": 827000000.0,
        "Operating Expense": 1248000000.0,
        "Depreciation Amortization Depletion Income Statement": 162000000.0,
        "Depreciation And Amortization In Income Statement": 162000000.0,
        "Amortization": 162000000.0,
        "Amortization Of Intangibles Income Statement": 162000000.0,
        "Research And Development": 335000000.0,
        "Selling General And Administration": 751000000.0,
        "General And Administrative Expense": 751000000.0,
        "Other Gand A": 751000000.0,
        "Salaries And Wages": NaN,
        "Gross Profit": 2075000000.0,
        "Cost Of Revenue": 2342000000.0,
        "Total Revenue": 4417000000.0,
        "Operating Revenue": 4417000000.0
    },
    "2025-06-30": {
        "Tax Effect Of Unusual Items": -21287139.689579,
        "Tax Rate For Calcs": 0.233925,
        "Normalized EBITDA": 2248000000.0,
        "Total Unusual Items": -91000000.0,
        "Total Unusual Items Excluding Goodwill": -91000000.0,
        "Net Income From Continuing Operation Net Minority Interest": 1380000000.0,
        "Reconciled Depreciation": 301000000.0,
        "Reconciled Cost Of Revenue": 2792000000.0,
        "EBITDA": 2157000000.0,
        "EBIT": 1856000000.0,
        "Net Interest Income": -21000000.0,
        "Interest Expense": 52000000.0,
        "Interest Income": 31000000.0,
        "Normalized Income": 1449712860.310421,
        "Net Income From Continuing And Discontinued Operation": 1314000000.0,
        "Total Expenses": 4624000000.0,
        "Diluted Average Shares": 683100000.0,
        "Basic Average Shares": 681700000.0,
        "Diluted EPS": 1.92,
        "Basic EPS": 1.92,
        "Diluted NI Availto Com Stockholders": 1314000000.0,
        "Net Income Common Stockholders": 1314000000.0,
        "Net Income": 1314000000.0,
        "Minority Interests": -2000000.0,
        "Net Income Including Noncontrolling Interests": 1316000000.0,
        "Net Income Discontinuous Operations": -66000000.0,
        "Net Income Continuous Operations": 1382000000.0,
        "Tax Provision": 422000000.0,
        "Pretax Income": 1804000000.0,
        "Other Income Expense": -7000000.0,
        "Other Non Operating Income Expenses": 85000000.0,
        "Special Income Charges": -66000000.0,
        "Gain On Sale Of Business": 13000000.0,
        "Restructuring And Mergern Acquisition": 79000000.0,
        "Earnings From Equity Interest": -1000000.0,
        "Gain On Sale Of Security": -25000000.0,
        "Net Non Operating Interest Income Expense": -21000000.0,
        "Interest Expense Non Operating": 52000000.0,
        "Interest Income Non Operating": 31000000.0,
        "Operating Income": 1832000000.0,
        "Operating Expense": 1692000000.0,
        "Depreciation Amortization Depletion Income Statement": 161000000.0,
        "Depreciation And Amortization In Income Statement": 161000000.0,
        "Amortization": 161000000.0,
        "Amortization Of Intangibles Income Statement": 161000000.0,
        "Research And Development": 375000000.0,
        "Selling General And Administration": 1156000000.0,
        "General And Administrative Expense": 1156000000.0,
        "Other Gand A": 1156000000.0,
        "Salaries And Wages": NaN,
        "Gross Profit": 3524000000.0,
        "Cost Of Revenue": 2932000000.0,
        "Total Revenue": 6456000000.0,
        "Operating Revenue": 6456000000.0
    }
}