{
    "2023-03-31": {
        "Tax Effect Of Unusual Items": NaN,
        "Tax Rate For Calcs": NaN,
        "Normalized EBITDA": NaN,
        "Total Unusual Items": NaN,
        "Total Unusual Items Excluding Goodwill": NaN,
        "Net Income From Continuing Operation Net Minority Interest": NaN,
        "Reconciled Depreciation": NaN,
        "EBITDA": NaN,
        "EBIT": NaN,
        "Net Interest Income": NaN,
        "Interest Expense": NaN,
        "Interest Income": NaN,
        "Normalized Income": NaN,
        "Net Income From Continuing And Discontinued Operation": NaN,
        "Total Expenses": NaN,
        "Rent Expense Supplemental": NaN,
        "Total Operating Income As Reported": NaN,
        "Diluted Average Shares": 44652353.0,
        "Basic Average Shares": 44652353.0,
        "Diluted EPS": -0.29,
        "Basic EPS": -0.29,
        "Diluted NI Availto Com Stockholders": NaN,
        "Net Income Common Stockholders": NaN,
        "Net Income": NaN,
        "Net Income Including Noncontrolling Interests": NaN,
        "Net Income Continuous Operations": NaN,
        "Pretax Income": NaN,
        "Special Income Charges": NaN,
        "Impairment Of Capital Assets": NaN,
        "Net Non Operating Interest Income Expense": NaN,
        "Interest Expense Non Operating": NaN,
        "Interest Income Non Operating": NaN,
        "Operating Income": NaN,
        "Operating Expense": NaN,
        "Research And Development": NaN,
        "Selling General And Administration": NaN,
        "General And Administrative Expense": NaN,
        "Other Gand A": NaN,
        "Insurance And Claims": NaN,
        "Rent And Landing Fees": NaN,
        "Salaries And Wages": NaN,
        "Total Revenue": NaN,
        "Operating Revenue": NaN
    },
    "2022-12-31": {
        "Tax Effect Of Unusual Items": NaN,
        "Tax Rate For Calcs": NaN,
        "Normalized EBITDA": NaN,
        "Total Unusual Items": 18633.0,
        "Total Unusual Items Excluding Goodwill": 18633.0,
        "Net Income From Continuing Operation Net Minority Interest": NaN,
        "Reconciled Depreciation": NaN,
        "EBITDA": NaN,
        "EBIT": NaN,
        "Net Interest Income": NaN,
        "Interest Expense": NaN,
        "Interest Income": NaN,
        "Normalized Income": NaN,
        "Net Income From Continuing And Discontinued Operation": NaN,
        "Total Expenses": NaN,
        "Rent Expense Supplemental": NaN,
        "Total Operating Income As Reported": NaN,
        "Diluted Average Shares": NaN,
        "Basic Average Shares": NaN,
        "Diluted EPS": NaN,
        "Basic EPS": NaN,
        "Diluted NI Availto Com Stockholders": NaN,
        "Net Income Common Stockholders": NaN,
        "Net Income": NaN,
        "Net Income Including Noncontrolling Interests": NaN,
        "Net Income Continuous Operations": NaN,
        "Pretax Income": NaN,
        "Other Income Expense": 18633.0,
        "Special Income Charges": 18633.0,
        "Impairment Of Capital Assets": -18633.0,
        "Net Non Operating Interest Income Expense": NaN,
        "Interest Expense Non Operating": NaN,
        "Interest Income Non Operating": NaN,
        "Operating Income": NaN,
        "Operating Expense": NaN,
        "Research And Development": NaN,
        "Selling General And Administration": NaN,
        "General And Administrative Expense": NaN,
        "Other Gand A": NaN,
        "Insurance And Claims": NaN,
        "Rent And Landing Fees": NaN,
        "Salaries And Wages": NaN,
        "Total Revenue": NaN,
        "Operating Revenue": NaN
    },
    "2022-09-30": {
        "Tax Effect Of Unusual Items": NaN,
        "Tax Rate For Calcs": NaN,
        "Normalized EBITDA": NaN,
        "Total Unusual Items": 0.0,
        "Total Unusual Items Excluding Goodwill": 0.0,
        "Net Income From Continuing Operation Net Minority Interest": NaN,
        "Reconciled Depreciation": NaN,
        "EBITDA": NaN,
        "EBIT": NaN,
        "Net Interest Income": NaN,
        "Interest Expense": NaN,
        "Interest Income": NaN,
        "Normalized Income": NaN,
        "Net Income From Continuing And Discontinued Operation": NaN,
        "Total Expenses": NaN,
        "Rent Expense Supplemental": 182000.0,
        "Total Operating Income As Reported": NaN,
        "Diluted Average Shares": 35383430.0,
        "Basic Average Shares": 35383430.0,
        "Diluted EPS": -0.31,
        "Basic EPS": -0.31,
        "Diluted NI Availto Com Stockholders": NaN,
        "Net Income Common Stockholders": NaN,
        "Net Income": NaN,
        "Net Income Including Noncontrolling Interests": NaN,
        "Net Income Continuous Operations": NaN,
        "Pretax Income": NaN,
        "Other Income Expense": NaN,
        "Special Income Charges": 0.0,
        "Impairment Of Capital Assets": 0.0,
        "Net Non Operating Interest Income Expense": NaN,
        "Interest Expense Non Operating": NaN,
        "Interest Income Non Operating": NaN,
        "Operating Income": NaN,
        "Operating Expense": NaN,
        "Research And Development": NaN,
        "Selling General And Administration": NaN,
        "General And Administrative Expense": NaN,
        "Other Gand A": NaN,
        "Insurance And Claims": 95000.0,
        "Rent And Landing Fees": 182000.0,
        "Salaries And Wages": 2143000.0,
        "Total Revenue": NaN,
        "Operating Revenue": NaN
    },
    "2022-06-30": {
        "Tax Effect Of Unusual Items": 0.0,
        "Tax Rate For Calcs": 0.0,
        "Normalized EBITDA": -12876000.0,
        "Total Unusual Items": 258000.0,
        "Total Unusual Items Excluding Goodwill": 258000.0,
        "Net Income From Continuing Operation Net Minority Interest": -13208000.0,
        "Reconciled Depreciation": 384000.0,
        "EBITDA": -12618000.0,
        "EBIT": -13002000.0,
        "Net Interest Income": -118000.0,
        "Interest Expense": 206000.0,
        "Interest Income": 88000.0,
        "Normalized Income": -13466000.0,
        "Net Income From Continuing And Discontinued Operation": -13208000.0,
        "Total Expenses": 13374000.0,
        "Rent Expense Supplemental": NaN,
        "Total Operating Income As Reported": -13090000.0,
        "Diluted Average Shares": 35357343.0,
        "Basic Average Shares": 35357343.0,
        "Diluted EPS": -0.37,
        "Basic EPS": -0.37,
        "Diluted NI Availto Com Stockholders": -13208000.0,
        "Net Income Common Stockholders": -13208000.0,
        "Net Income": -13208000.0,
        "Net Income Including Noncontrolling Interests": -13208000.0,
        "Net Income Continuous Operations": -13208000.0,
        "Pretax Income": -13208000.0,
        "Other Income Expense": 258000.0,
        "Special Income Charges": 258000.0,
        "Impairment Of Capital Assets": -258000.0,
        "Net Non Operating Interest Income Expense": -118000.0,
        "Interest Expense Non Operating": 206000.0,
        "Interest Income Non Operating": 88000.0,
        "Operating Income": -13348000.0,
        "Operating Expense": 13374000.0,
        "Research And Development": 9592000.0,
        "Selling General And Administration": 3782000.0,
        "General And Administrative Expense": 3782000.0,
        "Other Gand A": 3782000.0,
        "Insurance And Claims": NaN,
        "Rent And Landing Fees": NaN,
        "Salaries And Wages": NaN,
        "Total Revenue": 26000.0,
        "Operating Revenue": 26000.0
    },
    "2022-03-31": {
        "Diluted EPS": -0.44,
        "Total Revenue": 1,
        "Gross Profit": 1,
        "Operating Income": -14,
        "EBIT": -14,
        "Net Income": -14
    },
    "2021-12-31": {
        "Diluted EPS": -0.26,
        "Total Revenue": 8,
        "Gross Profit": 8,
        "Operating Income": -8,
        "EBIT": -8,
        "Net Income": -8
    },
    "2021-09-30": {
        "Diluted EPS": -0.41,
        "Total Revenue": 2,
        "Gross Profit": 2,
        "Operating Income": -13,
        "EBIT": -13,
        "Net Income": -13
    },
    "2021-06-30": {
        "Diluted EPS": -0.33,
        "Total Revenue": 3,
        "Gross Profit": 3,
        "Operating Income": -10,
        "EBIT": -10,
        "Net Income": -10
    },
    "2021-03-31": {
        "Diluted EPS": -0.41,
        "Total Revenue": 2,
        "Gross Profit": 2,
        "Operating Income": -13,
        "EBIT": -12,
        "Net Income": -13
    },
    "2020-12-31": {
        "Diluted EPS": -0.36,
        "Total Revenue": 0,
        "Gross Profit": 0,
        "Operating Income": -11,
        "EBIT": -11,
        "Net Income": -11
    },
    "2020-09-30": {
        "Diluted EPS": -0.34,
        "Total Revenue": 1,
        "Gross Profit": 1,
        "Operating Income": -10,
        "EBIT": -10,
        "Net Income": -10
    },
    "2020-06-30": {
        "Diluted EPS": -0.38,
        "Total Revenue": 1,
        "Gross Profit": 1,
        "Operating Income": -11,
        "EBIT": -11,
        "Net Income": -11
    },
    "2020-03-31": {
        "Diluted EPS": -0.48,
        "Total Revenue": 1,
        "Gross Profit": 1,
        "Operating Income": -13,
        "EBIT": -13,
        "Net Income": -13
    },
    "2019-12-31": {
        "Diluted EPS": -0.35,
        "Total Revenue": 1,
        "Gross Profit": 1,
        "Operating Income": -9,
        "EBIT": -9,
        "Net Income": -9
    },
    "2019-09-30": {
        "Diluted EPS": -0.31,
        "Total Revenue": 1,
        "Gross Profit": 1,
        "Operating Income": -7,
        "EBIT": -7,
        "Net Income": -7
    },
    "2019-06-30": {
        "Diluted EPS": -0.46,
        "Total Revenue": 1,
        "Gross Profit": 1,
        "Operating Income": -9,
        "EBIT": -9,
        "Net Income": -10
    },
    "2019-03-31": {
        "Diluted EPS": -0.54,
        "Total Revenue": 0,
        "Gross Profit": 0,
        "Operating Income": -11,
        "EBIT": -11,
        "Net Income": -11
    },
    "2018-12-31": {
        "Diluted EPS": -0.59,
        "Total Revenue": 1,
        "Gross Profit": 1,
        "Operating Income": -11,
        "EBIT": -11,
        "Net Income": -12
    },
    "2018-09-30": {
        "Diluted EPS": -0.62,
        "Total Revenue": 0,
        "Gross Profit": 0,
        "Operating Income": -13,
        "EBIT": -13,
        "Net Income": -13
    },
    "2018-06-30": {
        "Diluted EPS": -0.36,
        "Total Revenue": 0,
        "Gross Profit": 0,
        "Operating Income": -7,
        "EBIT": -7,
        "Net Income": -7
    },
    "2018-03-31": {
        "Diluted EPS": -0.37,
        "Total Revenue": NaN,
        "Gross Profit": NaN,
        "Operating Income": -8,
        "EBIT": -7,
        "Net Income": -8
    },
    "2017-12-31": {
        "Diluted EPS": -0.97,
        "Total Revenue": NaN,
        "Gross Profit": NaN,
        "Operating Income": -10,
        "EBIT": -10,
        "Net Income": -10
    },
    "2017-09-30": {
        "Diluted EPS": -0.47,
        "Total Revenue": NaN,
        "Gross Profit": NaN,
        "Operating Income": -5,
        "EBIT": -5,
        "Net Income": -5
    },
    "2017-06-30": {
        "Diluted EPS": -0.41,
        "Total Revenue": NaN,
        "Gross Profit": NaN,
        "Operating Income": -4,
        "EBIT": -4,
        "Net Income": -4
    },
    "2017-03-31": {
        "Diluted EPS": -0.31,
        "Total Revenue": NaN,
        "Gross Profit": NaN,
        "Operating Income": -3,
        "EBIT": -3,
        "Net Income": -3
    },
    "2016-12-31": {
        "Diluted EPS": 0.0,
        "Total Revenue": NaN,
        "Gross Profit": NaN,
        "Operating Income": NaN,
        "EBIT": NaN,
        "Net Income": NaN
    },
    "2015-12-31": {
        "Diluted EPS": 0.0,
        "Total Revenue": NaN,
        "Gross Profit": NaN,
        "Operating Income": NaN,
        "EBIT": NaN,
        "Net Income": NaN
    },
    "2023-06-30": {
        "Tax Effect Of Unusual Items": NaN,
        "Tax Rate For Calcs": NaN,
        "Normalized EBITDA": NaN,
        "Total Unusual Items": 0.0,
        "Total Unusual Items Excluding Goodwill": 0.0,
        "Net Income From Continuing Operation Net Minority Interest": NaN,
        "Reconciled Depreciation": NaN,
        "EBITDA": NaN,
        "EBIT": NaN,
        "Net Interest Income": NaN,
        "Interest Expense": NaN,
        "Interest Income": NaN,
        "Normalized Income": NaN,
        "Net Income From Continuing And Discontinued Operation": NaN,
        "Total Expenses": NaN,
        "Rent Expense Supplemental": 184000.0,
        "Total Operating Income As Reported": NaN,
        "Diluted Average Shares": 44798760.0,
        "Basic Average Shares": 44798760.0,
        "Diluted EPS": -0.29,
        "Basic EPS": -0.29,
        "Diluted NI Availto Com Stockholders": NaN,
        "Net Income Common Stockholders": NaN,
        "Net Income": NaN,
        "Net Income Including Noncontrolling Interests": NaN,
        "Net Income Continuous Operations": NaN,
        "Pretax Income": NaN,
        "Other Income Expense": NaN,
        "Special Income Charges": 0.0,
        "Gain On Sale Of Ppe": NaN,
        "Impairment Of Capital Assets": 0.0,
        "Net Non Operating Interest Income Expense": NaN,
        "Interest Expense Non Operating": NaN,
        "Interest Income Non Operating": NaN,
        "Operating Income": NaN,
        "Operating Expense": NaN,
        "Research And Development": NaN,
        "Selling General And Administration": NaN,
        "General And Administrative Expense": NaN,
        "Other Gand A": NaN,
        "Insurance And Claims": 78000.0,
        "Rent And Landing Fees": 184000.0,
        "Salaries And Wages": 2370000.0,
        "Total Revenue": NaN,
        "Operating Revenue": NaN
    },
    "2023-09-30": {
        "Tax Effect Of Unusual Items": NaN,
        "Tax Rate For Calcs": NaN,
        "Normalized EBITDA": NaN,
        "Total Unusual Items": 0.0,
        "Total Unusual Items Excluding Goodwill": 0.0,
        "Net Income From Continuing Operation Net Minority Interest": NaN,
        "Reconciled Depreciation": NaN,
        "EBITDA": NaN,
        "EBIT": NaN,
        "Net Interest Income": NaN,
        "Interest Expense": NaN,
        "Interest Income": NaN,
        "Normalized Income": NaN,
        "Net Income From Continuing And Discontinued Operation": NaN,
        "Total Expenses": NaN,
        "Rent Expense Supplemental": 173000.0,
        "Total Operating Income As Reported": NaN,
        "Diluted Average Shares": 46358555.0,
        "Basic Average Shares": 46358555.0,
        "Diluted EPS": -0.24,
        "Basic EPS": -0.24,
        "Diluted NI Availto Com Stockholders": NaN,
        "Net Income Common Stockholders": NaN,
        "Net Income": NaN,
        "Net Income Including Noncontrolling Interests": NaN,
        "Net Income Continuous Operations": NaN,
        "Pretax Income": NaN,
        "Other Income Expense": NaN,
        "Special Income Charges": 0.0,
        "Gain On Sale Of Ppe": 0.0,
        "Impairment Of Capital Assets": 0.0,
        "Net Non Operating Interest Income Expense": NaN,
        "Interest Expense Non Operating": NaN,
        "Interest Income Non Operating": NaN,
        "Operating Income": NaN,
        "Operating Expense": NaN,
        "Research And Development": NaN,
        "Selling General And Administration": NaN,
        "General And Administrative Expense": NaN,
        "Other Gand A": NaN,
        "Insurance And Claims": 71000.0,
        "Rent And Landing Fees": 173000.0,
        "Salaries And Wages": 2067000.0,
        "Total Revenue": NaN,
        "Operating Revenue": NaN
    },
    "2023-12-31": {
        "Tax Effect Of Unusual Items": 0.0,
        "Tax Rate For Calcs": 0.0,
        "Normalized EBITDA": -11919000.0,
        "Total Unusual Items": -157000.0,
        "Total Unusual Items Excluding Goodwill": -157000.0,
        "Net Income From Continuing Operation Net Minority Interest": -13434000.0,
        "Reconciled Depreciation": 851000.0,
        "EBITDA": -12076000.0,
        "EBIT": -12927000.0,
        "Net Interest Income": 398000.0,
        "Interest Expense": 507000.0,
        "Interest Income": 905000.0,
        "Normalized Income": -13277000.0,
        "Net Income From Continuing And Discontinued Operation": -13434000.0,
        "Total Expenses": 15496000.0,
        "Rent Expense Supplemental": 172000.0,
        "Total Operating Income As Reported": -13832000.0,
        "Diluted Average Shares": NaN,
        "Basic Average Shares": NaN,
        "Diluted EPS": NaN,
        "Basic EPS": NaN,
        "Diluted NI Availto Com Stockholders": -13434000.0,
        "Net Income Common Stockholders": -13434000.0,
        "Net Income": -13434000.0,
        "Net Income Including Noncontrolling Interests": -13434000.0,
        "Net Income Continuous Operations": -13434000.0,
        "Pretax Income": -13434000.0,
        "Other Income Expense": NaN,
        "Special Income Charges": -157000.0,
        "Gain On Sale Of Ppe": NaN,
        "Impairment Of Capital Assets": NaN,
        "Net Non Operating Interest Income Expense": 398000.0,
        "Interest Expense Non Operating": 507000.0,
        "Interest Income Non Operating": 905000.0,
        "Operating Income": -13675000.0,
        "Operating Expense": 15496000.0,
        "Research And Development": 10887000.0,
        "Selling General And Administration": 4609000.0,
        "General And Administrative Expense": 4609000.0,
        "Other Gand A": 2547000.0,
        "Insurance And Claims": NaN,
        "Rent And Landing Fees": 172000.0,
        "Salaries And Wages": 2117000.0,
        "Total Revenue": 1821000.0,
        "Operating Revenue": 1821000.0
    },
    "2024-03-31": {
        "Tax Effect Of Unusual Items": 0.0,
        "Tax Rate For Calcs": 0.0,
        "Normalized EBITDA": -11257000.0,
        "Total Unusual Items": NaN,
        "Total Unusual Items Excluding Goodwill": NaN,
        "Net Income From Continuing Operation Net Minority Interest": -12347000.0,
        "Reconciled Depreciation": 849000.0,
        "EBITDA": -11257000.0,
        "EBIT": -12106000.0,
        "Net Interest Income": 321000.0,
        "Interest Expense": 241000.0,
        "Interest Income": 562000.0,
        "Normalized Income": -12347000.0,
        "Net Income From Continuing And Discontinued Operation": -12347000.0,
        "Total Expenses": 14385000.0,
        "Rent Expense Supplemental": NaN,
        "Total Operating Income As Reported": -12668000.0,
        "Diluted Average Shares": 49466711.0,
        "Basic Average Shares": 49466711.0,
        "Diluted EPS": -0.25,
        "Basic EPS": -0.25,
        "Diluted NI Availto Com Stockholders": -12347000.0,
        "Net Income Common Stockholders": -12347000.0,
        "Net Income": -12347000.0,
        "Net Income Including Noncontrolling Interests": -12347000.0,
        "Net Income Continuous Operations": -12347000.0,
        "Pretax Income": -12347000.0,
        "Other Income Expense": NaN,
        "Special Income Charges": NaN,
        "Gain On Sale Of Ppe": NaN,
        "Impairment Of Capital Assets": NaN,
        "Net Non Operating Interest Income Expense": 321000.0,
        "Interest Expense Non Operating": 241000.0,
        "Interest Income Non Operating": 562000.0,
        "Operating Income": -12668000.0,
        "Operating Expense": 14385000.0,
        "Research And Development": 10199000.0,
        "Selling General And Administration": 4186000.0,
        "General And Administrative Expense": 4186000.0,
        "Other Gand A": 4186000.0,
        "Insurance And Claims": NaN,
        "Rent And Landing Fees": NaN,
        "Salaries And Wages": NaN,
        "Total Revenue": 1717000.0,
        "Operating Revenue": 1717000.0
    },
    "2024-06-30": {
        "Tax Effect Of Unusual Items": 0.0,
        "Tax Rate For Calcs": 0.0,
        "Normalized EBITDA": -9094000.0,
        "Total Unusual Items": NaN,
        "Total Unusual Items Excluding Goodwill": NaN,
        "Net Income From Continuing Operation Net Minority Interest": -10171000.0,
        "Reconciled Depreciation": 862000.0,
        "EBITDA": -9094000.0,
        "EBIT": -9956000.0,
        "Net Interest Income": 212000.0,
        "Interest Expense": 215000.0,
        "Interest Income": 427000.0,
        "Normalized Income": -10171000.0,
        "Net Income From Continuing And Discontinued Operation": -10171000.0,
        "Total Expenses": 13041000.0,
        "Rent Expense Supplemental": NaN,
        "Total Operating Income As Reported": -10383000.0,
        "Diluted Average Shares": 50174756.0,
        "Basic Average Shares": 50174756.0,
        "Diluted EPS": -0.2,
        "Basic EPS": -0.2,
        "Diluted NI Availto Com Stockholders": -10171000.0,
        "Net Income Common Stockholders": -10171000.0,
        "Net Income": -10171000.0,
        "Net Income Including Noncontrolling Interests": -10171000.0,
        "Net Income Continuous Operations": -10171000.0,
        "Pretax Income": -10171000.0,
        "Other Income Expense": NaN,
        "Special Income Charges": NaN,
        "Gain On Sale Of Ppe": NaN,
        "Impairment Of Capital Assets": NaN,
        "Net Non Operating Interest Income Expense": 212000.0,
        "Interest Expense Non Operating": 215000.0,
        "Interest Income Non Operating": 427000.0,
        "Operating Income": -10383000.0,
        "Operating Expense": 13041000.0,
        "Research And Development": 9530000.0,
        "Selling General And Administration": 3511000.0,
        "General And Administrative Expense": 3511000.0,
        "Other Gand A": 3511000.0,
        "Insurance And Claims": NaN,
        "Rent And Landing Fees": NaN,
        "Salaries And Wages": NaN,
        "Total Revenue": 2658000.0,
        "Operating Revenue": 2658000.0
    },
    "2024-09-30": {
        "Tax Effect Of Unusual Items": 0.0,
        "Tax Rate For Calcs": 0.0,
        "Normalized EBITDA": -7692000.0,
        "Total Unusual Items": 97000.0,
        "Total Unusual Items Excluding Goodwill": 97000.0,
        "Net Income From Continuing Operation Net Minority Interest": -8660000.0,
        "Reconciled Depreciation": 877000.0,
        "EBITDA": -7595000.0,
        "EBIT": -8472000.0,
        "Net Interest Income": 155000.0,
        "Interest Expense": 188000.0,
        "Interest Income": 343000.0,
        "Normalized Income": -8757000.0,
        "Net Income From Continuing And Discontinued Operation": -8660000.0,
        "Total Expenses": 12248000.0,
        "Rent Expense Supplemental": NaN,
        "Total Operating Income As Reported": -8815000.0,
        "Diluted Average Shares": 51229701.0,
        "Basic Average Shares": 51229701.0,
        "Diluted EPS": -0.17,
        "Basic EPS": -0.17,
        "Diluted NI Availto Com Stockholders": -8660000.0,
        "Net Income Common Stockholders": -8660000.0,
        "Net Income": -8660000.0,
        "Net Income Including Noncontrolling Interests": -8660000.0,
        "Net Income Continuous Operations": -8660000.0,
        "Pretax Income": -8660000.0,
        "Other Income Expense": 97000.0,
        "Special Income Charges": 97000.0,
        "Gain On Sale Of Ppe": 97000.0,
        "Impairment Of Capital Assets": NaN,
        "Net Non Operating Interest Income Expense": 155000.0,
        "Interest Expense Non Operating": 188000.0,
        "Interest Income Non Operating": 343000.0,
        "Operating Income": -8912000.0,
        "Operating Expense": 12248000.0,
        "Research And Development": 9381000.0,
        "Selling General And Administration": 2867000.0,
        "General And Administrative Expense": 2867000.0,
        "Other Gand A": 2867000.0,
        "Insurance And Claims": NaN,
        "Rent And Landing Fees": NaN,
        "Salaries And Wages": NaN,
        "Total Revenue": 3336000.0,
        "Operating Revenue": 3336000.0
    },
    "2024-12-31": {
        "Tax Effect Of Unusual Items": 0.0,
        "Tax Rate For Calcs": 0.0,
        "Normalized EBITDA": -9339000.0,
        "Total Unusual Items": -4000.0,
        "Total Unusual Items Excluding Goodwill": -4000.0,
        "Net Income From Continuing Operation Net Minority Interest": -9496000.0,
        "Reconciled Depreciation": -238000.0,
        "EBITDA": -9343000.0,
        "EBIT": -9343000.0,
        "Net Interest Income": 137000.0,
        "Interest Expense": 153000.0,
        "Interest Income": 290000.0,
        "Normalized Income": -9492000.0,
        "Net Income From Continuing And Discontinued Operation": -9496000.0,
        "Total Expenses": 11205000.0,
        "Rent Expense Supplemental": NaN,
        "Total Operating Income As Reported": -9633000.0,
        "Diluted Average Shares": 74238329.0,
        "Basic Average Shares": 74238329.0,
        "Diluted EPS": -0.13,
        "Basic EPS": -0.13,
        "Diluted NI Availto Com Stockholders": -9496000.0,
        "Net Income Common Stockholders": -9496000.0,
        "Net Income": -9496000.0,
        "Net Income Including Noncontrolling Interests": -9496000.0,
        "Net Income Continuous Operations": -9496000.0,
        "Pretax Income": -9496000.0,
        "Other Income Expense": -4000.0,
        "Special Income Charges": -4000.0,
        "Gain On Sale Of Ppe": -4000.0,
        "Impairment Of Capital Assets": NaN,
        "Net Non Operating Interest Income Expense": 137000.0,
        "Interest Expense Non Operating": 153000.0,
        "Interest Income Non Operating": 290000.0,
        "Operating Income": -9629000.0,
        "Operating Expense": 11205000.0,
        "Research And Development": 7184000.0,
        "Selling General And Administration": 4021000.0,
        "General And Administrative Expense": 4021000.0,
        "Other Gand A": 4021000.0,
        "Insurance And Claims": NaN,
        "Rent And Landing Fees": NaN,
        "Salaries And Wages": NaN,
        "Total Revenue": 1576000.0,
        "Operating Revenue": 1576000.0
    }
}