{
    "2023-05-31": {
        "Tax Effect Of Unusual Items": NaN,
        "Tax Rate For Calcs": NaN,
        "Normalized EBITDA": NaN,
        "Total Unusual Items": NaN,
        "Total Unusual Items Excluding Goodwill": NaN,
        "Net Income From Continuing Operation Net Minority Interest": NaN,
        "Reconciled Depreciation": NaN,
        "Reconciled Cost Of Revenue": NaN,
        "EBITDA": NaN,
        "EBIT": NaN,
        "Net Interest Income": NaN,
        "Interest Expense": NaN,
        "Interest Income": NaN,
        "Normalized Income": NaN,
        "Net Income From Continuing And Discontinued Operation": NaN,
        "Total Expenses": NaN,
        "Total Operating Income As Reported": NaN,
        "Diluted Average Shares": NaN,
        "Basic Average Shares": NaN,
        "Diluted EPS": NaN,
        "Basic EPS": NaN,
        "Diluted NI Availto Com Stockholders": NaN,
        "Average Dilution Earnings": NaN,
        "Net Income Common Stockholders": NaN,
        "Otherunder Preferred Stock Dividend": NaN,
        "Net Income": NaN,
        "Net Income Including Noncontrolling Interests": NaN,
        "Net Income Continuous Operations": NaN,
        "Tax Provision": NaN,
        "Pretax Income": NaN,
        "Other Non Operating Income Expenses": NaN,
        "Special Income Charges": NaN,
        "Other Special Charges": NaN,
        "Impairment Of Capital Assets": 0.0,
        "Net Non Operating Interest Income Expense": NaN,
        "Interest Expense Non Operating": NaN,
        "Interest Income Non Operating": NaN,
        "Operating Income": NaN,
        "Operating Expense": NaN,
        "Other Operating Expenses": NaN,
        "Depreciation And Amortization In Income Statement": 597000000.0,
        "Depreciation Income Statement": 597000000.0,
        "Selling General And Administration": NaN,
        "Selling And Marketing Expense": 736000000.0,
        "General And Administrative Expense": NaN,
        "Gross Profit": NaN,
        "Cost Of Revenue": NaN,
        "Total Revenue": NaN,
        "Operating Revenue": NaN
    },
    "2023-02-28": {
        "Tax Effect Of Unusual Items": NaN,
        "Tax Rate For Calcs": NaN,
        "Normalized EBITDA": NaN,
        "Total Unusual Items": NaN,
        "Total Unusual Items Excluding Goodwill": NaN,
        "Net Income From Continuing Operation Net Minority Interest": NaN,
        "Reconciled Depreciation": NaN,
        "Reconciled Cost Of Revenue": NaN,
        "EBITDA": NaN,
        "EBIT": NaN,
        "Net Interest Income": NaN,
        "Interest Expense": NaN,
        "Interest Income": NaN,
        "Normalized Income": NaN,
        "Net Income From Continuing And Discontinued Operation": NaN,
        "Total Expenses": NaN,
        "Total Operating Income As Reported": NaN,
        "Diluted Average Shares": NaN,
        "Basic Average Shares": NaN,
        "Diluted EPS": NaN,
        "Basic EPS": NaN,
        "Diluted NI Availto Com Stockholders": NaN,
        "Average Dilution Earnings": NaN,
        "Net Income Common Stockholders": NaN,
        "Otherunder Preferred Stock Dividend": NaN,
        "Net Income": NaN,
        "Net Income Including Noncontrolling Interests": NaN,
        "Net Income Continuous Operations": NaN,
        "Tax Provision": NaN,
        "Pretax Income": NaN,
        "Other Non Operating Income Expenses": NaN,
        "Special Income Charges": NaN,
        "Other Special Charges": NaN,
        "Impairment Of Capital Assets": 0.0,
        "Net Non Operating Interest Income Expense": NaN,
        "Interest Expense Non Operating": NaN,
        "Interest Income Non Operating": NaN,
        "Operating Income": NaN,
        "Operating Expense": NaN,
        "Other Operating Expenses": NaN,
        "Depreciation And Amortization In Income Statement": 582000000.0,
        "Depreciation Income Statement": 582000000.0,
        "Selling General And Administration": NaN,
        "Selling And Marketing Expense": 712000000.0,
        "General And Administrative Expense": NaN,
        "Gross Profit": NaN,
        "Cost Of Revenue": NaN,
        "Total Revenue": NaN,
        "Operating Revenue": NaN
    },
    "2022-11-30": {
        "Tax Effect Of Unusual Items": NaN,
        "Tax Rate For Calcs": NaN,
        "Normalized EBITDA": NaN,
        "Total Unusual Items": NaN,
        "Total Unusual Items Excluding Goodwill": NaN,
        "Net Income From Continuing Operation Net Minority Interest": NaN,
        "Reconciled Depreciation": NaN,
        "Reconciled Cost Of Revenue": NaN,
        "EBITDA": NaN,
        "EBIT": NaN,
        "Net Interest Income": NaN,
        "Interest Expense": NaN,
        "Interest Income": NaN,
        "Normalized Income": NaN,
        "Net Income From Continuing And Discontinued Operation": NaN,
        "Total Expenses": NaN,
        "Total Operating Income As Reported": NaN,
        "Diluted Average Shares": NaN,
        "Basic Average Shares": NaN,
        "Diluted EPS": NaN,
        "Basic EPS": NaN,
        "Diluted NI Availto Com Stockholders": NaN,
        "Average Dilution Earnings": NaN,
        "Net Income Common Stockholders": NaN,
        "Otherunder Preferred Stock Dividend": NaN,
        "Net Income": NaN,
        "Net Income Including Noncontrolling Interests": NaN,
        "Net Income Continuous Operations": NaN,
        "Tax Provision": NaN,
        "Pretax Income": NaN,
        "Other Non Operating Income Expenses": NaN,
        "Special Income Charges": NaN,
        "Other Special Charges": NaN,
        "Impairment Of Capital Assets": 432000000.0,
        "Net Non Operating Interest Income Expense": NaN,
        "Interest Expense Non Operating": NaN,
        "Interest Income Non Operating": NaN,
        "Operating Income": NaN,
        "Operating Expense": NaN,
        "Other Operating Expenses": NaN,
        "Depreciation And Amortization In Income Statement": 568000000.0,
        "Depreciation Income Statement": 568000000.0,
        "Selling General And Administration": NaN,
        "Selling And Marketing Expense": 741000000.0,
        "General And Administrative Expense": NaN,
        "Gross Profit": NaN,
        "Cost Of Revenue": NaN,
        "Total Revenue": NaN,
        "Operating Revenue": NaN
    },
    "2022-08-31": {
        "Tax Effect Of Unusual Items": NaN,
        "Tax Rate For Calcs": NaN,
        "Normalized EBITDA": NaN,
        "Total Unusual Items": NaN,
        "Total Unusual Items Excluding Goodwill": NaN,
        "Net Income From Continuing Operation Net Minority Interest": NaN,
        "Reconciled Depreciation": NaN,
        "Reconciled Cost Of Revenue": NaN,
        "EBITDA": NaN,
        "EBIT": NaN,
        "Net Interest Income": NaN,
        "Interest Expense": NaN,
        "Interest Income": NaN,
        "Normalized Income": NaN,
        "Net Income From Continuing And Discontinued Operation": NaN,
        "Total Expenses": NaN,
        "Total Operating Income As Reported": NaN,
        "Diluted Average Shares": NaN,
        "Basic Average Shares": NaN,
        "Diluted EPS": NaN,
        "Basic EPS": NaN,
        "Diluted NI Availto Com Stockholders": NaN,
        "Average Dilution Earnings": 0.0,
        "Net Income Common Stockholders": NaN,
        "Otherunder Preferred Stock Dividend": NaN,
        "Net Income": NaN,
        "Net Income Including Noncontrolling Interests": NaN,
        "Net Income Continuous Operations": NaN,
        "Tax Provision": NaN,
        "Pretax Income": NaN,
        "Other Non Operating Income Expenses": NaN,
        "Special Income Charges": NaN,
        "Other Special Charges": NaN,
        "Impairment Of Capital Assets": 0.0,
        "Net Non Operating Interest Income Expense": NaN,
        "Interest Expense Non Operating": NaN,
        "Interest Income Non Operating": NaN,
        "Operating Income": NaN,
        "Operating Expense": NaN,
        "Other Operating Expenses": 1583000000.0,
        "Depreciation And Amortization In Income Statement": 581000000.0,
        "Depreciation Income Statement": 581000000.0,
        "Selling General And Administration": NaN,
        "Selling And Marketing Expense": 625000000.0,
        "General And Administrative Expense": NaN,
        "Gross Profit": NaN,
        "Cost Of Revenue": NaN,
        "Total Revenue": NaN,
        "Operating Revenue": NaN
    },
    "2022-05-31": {
        "Tax Effect Of Unusual Items": 0.0,
        "Tax Rate For Calcs": 0.4,
        "Normalized EBITDA": -889000000.0,
        "Total Unusual Items": 0.0,
        "Total Unusual Items Excluding Goodwill": 0.0,
        "Net Income From Continuing Operation Net Minority Interest": -1834000000.0,
        "Reconciled Depreciation": 572000000.0,
        "Reconciled Cost Of Revenue": 2682000000.0,
        "EBIT": -1461000000.0,
        "Net Interest Income": -364000000.0,
        "Interest Expense": 370000000.0,
        "Interest Income": 6000000.0,
        "Normalized Income": -1834000000.0,
        "Net Income From Continuing And Discontinued Operation": -1834000000.0,
        "Total Expenses": 3873000000.0,
        "Total Operating Income As Reported": -1473000000.0,
        "Diluted Average Shares": 1140000000.0,
        "Basic Average Shares": 1140000000.0,
        "Diluted EPS": -1.61,
        "Basic EPS": -1.61,
        "Diluted NI Availto Com Stockholders": -1834000000.0,
        "Net Income Common Stockholders": -1834000000.0,
        "Otherunder Preferred Stock Dividend": 0.0,
        "Net Income": -1834000000.0,
        "Net Income Including Noncontrolling Interests": -1834000000.0,
        "Net Income Continuous Operations": -1834000000.0,
        "Tax Provision": 3000000.0,
        "Pretax Income": -1831000000.0,
        "Other Non Operating Income Expenses": 6000000.0,
        "Special Income Charges": 0.0,
        "Other Special Charges": NaN,
        "Impairment Of Capital Assets": 0.0,
        "Net Non Operating Interest Income Expense": -364000000.0,
        "Interest Expense Non Operating": 370000000.0,
        "Interest Income Non Operating": 6000000.0,
        "Operating Income": -1472000000.0,
        "Operating Expense": 1191000000.0,
        "Depreciation And Amortization In Income Statement": 572000000.0,
        "Depreciation Income Statement": 572000000.0,
        "Selling General And Administration": 619000000.0,
        "Selling And Marketing Expense": 619000000.0,
        "Gross Profit": -281000000.0,
        "Cost Of Revenue": 2682000000.0,
        "Total Revenue": 2401000000.0,
        "Operating Revenue": 2401000000.0
    },
    "2022-02-28": {
        "Diluted EPS": -1.66,
        "Total Revenue": NaN,
        "Gross Profit": -401,
        "Operating Income": NaN,
        "EBIT": -939,
        "Net Income": NaN
    },
    "2021-11-30": {
        "Diluted EPS": -2.33,
        "Total Revenue": NaN,
        "Gross Profit": NaN,
        "Operating Income": NaN,
        "EBIT": NaN,
        "Net Income": NaN
    },
    "2021-08-31": {
        "Diluted EPS": -2.5,
        "Total Revenue": 546,
        "Gross Profit": -595,
        "Operating Income": NaN,
        "EBIT": NaN,
        "Net Income": NaN
    },
    "2021-05-31": {
        "Diluted EPS": -1.83,
        "Total Revenue": 50,
        "Gross Profit": -582,
        "Operating Income": NaN,
        "EBIT": NaN,
        "Net Income": NaN
    },
    "2021-02-28": {
        "Diluted EPS": -1.8,
        "Total Revenue": 26,
        "Gross Profit": -509,
        "Operating Income": NaN,
        "EBIT": -929,
        "Net Income": NaN
    },
    "2020-11-30": {
        "Diluted EPS": -2.3,
        "Total Revenue": 35,
        "Gross Profit": -517,
        "Operating Income": NaN,
        "EBIT": NaN,
        "Net Income": NaN
    },
    "2020-08-31": {
        "Diluted EPS": -3.69,
        "Total Revenue": 31,
        "Gross Profit": -608,
        "Operating Income": NaN,
        "EBIT": NaN,
        "Net Income": NaN
    },
    "2020-05-31": {
        "Diluted EPS": -6.07,
        "Total Revenue": 740,
        "Gross Profit": NaN,
        "Operating Income": NaN,
        "EBIT": NaN,
        "Net Income": NaN
    },
    "2020-02-29": {
        "Diluted EPS": -1.14,
        "Total Revenue": NaN,
        "Gross Profit": NaN,
        "Operating Income": -711,
        "EBIT": -135,
        "Net Income": -781
    },
    "2019-11-30": {
        "Diluted EPS": 0.61,
        "Total Revenue": NaN,
        "Gross Profit": NaN,
        "Operating Income": 484,
        "EBIT": NaN,
        "Net Income": 423
    },
    "2019-08-31": {
        "Diluted EPS": 2.58,
        "Total Revenue": NaN,
        "Gross Profit": NaN,
        "Operating Income": NaN,
        "EBIT": NaN,
        "Net Income": NaN
    },
    "2019-05-31": {
        "Diluted EPS": 0.65,
        "Total Revenue": NaN,
        "Gross Profit": NaN,
        "Operating Income": 516,
        "EBIT": NaN,
        "Net Income": 451
    },
    "2019-02-28": {
        "Diluted EPS": 0.48,
        "Total Revenue": NaN,
        "Gross Profit": NaN,
        "Operating Income": 387,
        "EBIT": 903,
        "Net Income": 336
    },
    "2018-11-30": {
        "Diluted EPS": 0.71,
        "Total Revenue": NaN,
        "Gross Profit": NaN,
        "Operating Income": 552,
        "EBIT": NaN,
        "Net Income": 493
    },
    "2018-08-31": {
        "Diluted EPS": 2.41,
        "Total Revenue": NaN,
        "Gross Profit": NaN,
        "Operating Income": NaN,
        "EBIT": NaN,
        "Net Income": NaN
    },
    "2018-05-31": {
        "Diluted EPS": 0.78,
        "Total Revenue": NaN,
        "Gross Profit": NaN,
        "Operating Income": 559,
        "EBIT": NaN,
        "Net Income": 561
    },
    "2018-02-28": {
        "Diluted EPS": 0.54,
        "Total Revenue": NaN,
        "Gross Profit": NaN,
        "Operating Income": 419,
        "EBIT": 907,
        "Net Income": 391
    },
    "2017-11-30": {
        "Diluted EPS": 0.76,
        "Total Revenue": NaN,
        "Gross Profit": NaN,
        "Operating Income": 548,
        "EBIT": NaN,
        "Net Income": 546
    },
    "2017-08-31": {
        "Diluted EPS": 1.83,
        "Total Revenue": NaN,
        "Gross Profit": NaN,
        "Operating Income": NaN,
        "EBIT": NaN,
        "Net Income": NaN
    },
    "2017-05-31": {
        "Diluted EPS": 0.52,
        "Total Revenue": NaN,
        "Gross Profit": NaN,
        "Operating Income": 500,
        "EBIT": 957,
        "Net Income": 379
    },
    "2017-02-28": {
        "Diluted EPS": 0.48,
        "Total Revenue": NaN,
        "Gross Profit": NaN,
        "Operating Income": 368,
        "EBIT": 807,
        "Net Income": 352
    },
    "2016-11-30": {
        "Diluted EPS": 0.81,
        "Total Revenue": NaN,
        "Gross Profit": NaN,
        "Operating Income": 597,
        "EBIT": NaN,
        "Net Income": 608
    },
    "2016-08-31": {
        "Diluted EPS": 1.93,
        "Total Revenue": NaN,
        "Gross Profit": NaN,
        "Operating Income": NaN,
        "EBIT": NaN,
        "Net Income": NaN
    },
    "2016-05-31": {
        "Diluted EPS": 0.8,
        "Total Revenue": NaN,
        "Gross Profit": NaN,
        "Operating Income": 478,
        "EBIT": 916,
        "Net Income": 605
    },
    "2016-02-29": {
        "Diluted EPS": 0.18,
        "Total Revenue": NaN,
        "Gross Profit": NaN,
        "Operating Income": 434,
        "EBIT": 857,
        "Net Income": 142
    },
    "2015-11-30": {
        "Diluted EPS": 0.35,
        "Total Revenue": NaN,
        "Gross Profit": NaN,
        "Operating Income": 509,
        "EBIT": 929,
        "Net Income": 270
    },
    "2015-08-31": {
        "Diluted EPS": 1.56,
        "Total Revenue": NaN,
        "Gross Profit": NaN,
        "Operating Income": NaN,
        "EBIT": NaN,
        "Net Income": NaN
    },
    "2015-05-31": {
        "Diluted EPS": 0.29,
        "Total Revenue": NaN,
        "Gross Profit": NaN,
        "Operating Income": 289,
        "EBIT": 695,
        "Net Income": 222
    },
    "2015-02-28": {
        "Diluted EPS": 0.06,
        "Total Revenue": NaN,
        "Gross Profit": NaN,
        "Operating Income": 266,
        "EBIT": 667,
        "Net Income": 49
    },
    "2014-11-30": {
        "Diluted EPS": -0.14,
        "Total Revenue": NaN,
        "Gross Profit": NaN,
        "Operating Income": 266,
        "EBIT": 674,
        "Net Income": -103
    },
    "2014-08-31": {
        "Diluted EPS": 1.6,
        "Total Revenue": NaN,
        "Gross Profit": NaN,
        "Operating Income": NaN,
        "EBIT": NaN,
        "Net Income": NaN
    },
    "2014-05-31": {
        "Diluted EPS": 0.13,
        "Total Revenue": NaN,
        "Gross Profit": NaN,
        "Operating Income": 147,
        "EBIT": 557,
        "Net Income": 98
    },
    "2014-02-28": {
        "Diluted EPS": -0.03,
        "Total Revenue": NaN,
        "Gross Profit": 993,
        "Operating Income": 67,
        "EBIT": 472,
        "Net Income": -20
    },
    "2013-11-30": {
        "Diluted EPS": 0.06,
        "Total Revenue": NaN,
        "Gross Profit": NaN,
        "Operating Income": 81,
        "EBIT": 485,
        "Net Income": 43
    },
    "2013-08-31": {
        "Diluted EPS": 1.2,
        "Total Revenue": NaN,
        "Gross Profit": NaN,
        "Operating Income": 951,
        "EBIT": NaN,
        "Net Income": 934
    },
    "2013-05-31": {
        "Diluted EPS": 0.05,
        "Total Revenue": NaN,
        "Gross Profit": 992,
        "Operating Income": 152,
        "EBIT": 543,
        "Net Income": 41
    },
    "2013-02-28": {
        "Diluted EPS": 0.05,
        "Total Revenue": NaN,
        "Gross Profit": 994,
        "Operating Income": 145,
        "EBIT": 534,
        "Net Income": 37
    },
    "2012-11-30": {
        "Diluted EPS": 0.12,
        "Total Revenue": NaN,
        "Gross Profit": NaN,
        "Operating Income": 176,
        "EBIT": 568,
        "Net Income": 93
    },
    "2012-08-31": {
        "Diluted EPS": 1.71,
        "Total Revenue": NaN,
        "Gross Profit": NaN,
        "Operating Income": NaN,
        "EBIT": NaN,
        "Net Income": NaN
    },
    "2012-05-31": {
        "Diluted EPS": 0.02,
        "Total Revenue": NaN,
        "Gross Profit": NaN,
        "Operating Income": 253,
        "EBIT": 629,
        "Net Income": 14
    },
    "2012-02-29": {
        "Diluted EPS": -0.18,
        "Total Revenue": NaN,
        "Gross Profit": 888,
        "Operating Income": -82,
        "EBIT": 294,
        "Net Income": -139
    },
    "2011-11-30": {
        "Diluted EPS": 0.28,
        "Total Revenue": NaN,
        "Gross Profit": NaN,
        "Operating Income": 308,
        "EBIT": 693,
        "Net Income": 217
    },
    "2011-08-31": {
        "Diluted EPS": 1.69,
        "Total Revenue": NaN,
        "Gross Profit": NaN,
        "Operating Income": NaN,
        "EBIT": NaN,
        "Net Income": NaN
    },
    "2011-05-31": {
        "Diluted EPS": 0.26,
        "Total Revenue": NaN,
        "Gross Profit": NaN,
        "Operating Income": 279,
        "EBIT": 659,
        "Net Income": 206
    },
    "2011-02-28": {
        "Diluted EPS": 0.19,
        "Total Revenue": NaN,
        "Gross Profit": NaN,
        "Operating Income": 235,
        "EBIT": 602,
        "Net Income": 152
    },
    "2010-11-30": {
        "Diluted EPS": 0.31,
        "Total Revenue": NaN,
        "Gross Profit": NaN,
        "Operating Income": 341,
        "EBIT": 708,
        "Net Income": 248
    },
    "2010-08-31": {
        "Diluted EPS": 1.62,
        "Total Revenue": NaN,
        "Gross Profit": NaN,
        "Operating Income": NaN,
        "EBIT": NaN,
        "Net Income": NaN
    },
    "2010-05-31": {
        "Diluted EPS": 0.32,
        "Total Revenue": NaN,
        "Gross Profit": NaN,
        "Operating Income": 349,
        "EBIT": 698,
        "Net Income": 252
    },
    "2010-02-28": {
        "Diluted EPS": 0.22,
        "Total Revenue": NaN,
        "Gross Profit": 996,
        "Operating Income": 255,
        "EBIT": 600,
        "Net Income": 175
    },
    "2009-11-30": {
        "Diluted EPS": 0.25,
        "Total Revenue": NaN,
        "Gross Profit": NaN,
        "Operating Income": 294,
        "EBIT": 639,
        "Net Income": 193
    },
    "2009-08-31": {
        "Diluted EPS": 1.33,
        "Total Revenue": NaN,
        "Gross Profit": NaN,
        "Operating Income": NaN,
        "EBIT": NaN,
        "Net Income": NaN
    },
    "2009-05-31": {
        "Diluted EPS": 0.33,
        "Total Revenue": NaN,
        "Gross Profit": NaN,
        "Operating Income": 353,
        "EBIT": 670,
        "Net Income": 264
    },
    "2009-02-28": {
        "Diluted EPS": 0.33,
        "Total Revenue": NaN,
        "Gross Profit": NaN,
        "Operating Income": 311,
        "EBIT": 622,
        "Net Income": 260
    },
    "2023-08-31": {
        "Tax Effect Of Unusual Items": NaN,
        "Tax Rate For Calcs": NaN,
        "Normalized EBITDA": NaN,
        "Total Unusual Items": NaN,
        "Total Unusual Items Excluding Goodwill": NaN,
        "Net Income From Continuing Operation Net Minority Interest": NaN,
        "Reconciled Depreciation": NaN,
        "Reconciled Cost Of Revenue": NaN,
        "EBITDA": NaN,
        "EBIT": NaN,
        "Net Interest Income": NaN,
        "Interest Expense": NaN,
        "Interest Income": NaN,
        "Normalized Income": NaN,
        "Net Income From Continuing And Discontinued Operation": NaN,
        "Total Expenses": NaN,
        "Total Operating Income As Reported": NaN,
        "Diluted Average Shares": NaN,
        "Basic Average Shares": NaN,
        "Diluted EPS": NaN,
        "Basic EPS": NaN,
        "Diluted NI Availto Com Stockholders": NaN,
        "Average Dilution Earnings": 24000000.0,
        "Net Income Common Stockholders": NaN,
        "Otherunder Preferred Stock Dividend": NaN,
        "Net Income": NaN,
        "Net Income Including Noncontrolling Interests": NaN,
        "Net Income Continuous Operations": NaN,
        "Tax Provision": NaN,
        "Pretax Income": NaN,
        "Other Non Operating Income Expenses": NaN,
        "Special Income Charges": NaN,
        "Other Special Charges": NaN,
        "Impairment Of Capital Assets": 0.0,
        "Net Non Operating Interest Income Expense": NaN,
        "Interest Expense Non Operating": NaN,
        "Interest Income Non Operating": NaN,
        "Operating Income": NaN,
        "Operating Expense": NaN,
        "Other Operating Expenses": 2044000000.0,
        "Depreciation And Amortization In Income Statement": 596000000.0,
        "Depreciation Income Statement": 596000000.0,
        "Selling General And Administration": NaN,
        "Selling And Marketing Expense": 713000000.0,
        "General And Administrative Expense": NaN,
        "Gross Profit": NaN,
        "Cost Of Revenue": NaN,
        "Total Revenue": NaN,
        "Operating Revenue": NaN
    },
    "2023-11-30": {
        "Tax Effect Of Unusual Items": 190000.0,
        "Tax Rate For Calcs": 0.19,
        "Normalized EBITDA": 1022000000.0,
        "Total Unusual Items": 1000000.0,
        "Total Unusual Items Excluding Goodwill": 1000000.0,
        "Net Income From Continuing Operation Net Minority Interest": -48000000.0,
        "Reconciled Depreciation": 596000000.0,
        "Reconciled Cost Of Revenue": 4225000000.0,
        "EBITDA": 1023000000.0,
        "EBIT": 427000000.0,
        "Net Interest Income": -416000000.0,
        "Interest Expense": 466000000.0,
        "Interest Income": 50000000.0,
        "Normalized Income": -48810000.0,
        "Net Income From Continuing And Discontinued Operation": -48000000.0,
        "Total Expenses": 5013000000.0,
        "Total Operating Income As Reported": 384000000.0,
        "Diluted Average Shares": 1263000000.0,
        "Basic Average Shares": 1263000000.0,
        "Diluted EPS": -0.04,
        "Basic EPS": -0.04,
        "Diluted NI Availto Com Stockholders": -48000000.0,
        "Average Dilution Earnings": NaN,
        "Net Income Common Stockholders": -48000000.0,
        "Otherunder Preferred Stock Dividend": 0.0,
        "Net Income": -48000000.0,
        "Net Income Including Noncontrolling Interests": -49000000.0,
        "Net Income Continuous Operations": -49000000.0,
        "Tax Provision": 10000000.0,
        "Pretax Income": -39000000.0,
        "Other Non Operating Income Expenses": -8000000.0,
        "Special Income Charges": 1000000.0,
        "Other Special Charges": -1000000.0,
        "Impairment Of Capital Assets": NaN,
        "Net Non Operating Interest Income Expense": -416000000.0,
        "Interest Expense Non Operating": 466000000.0,
        "Interest Income Non Operating": 50000000.0,
        "Operating Income": 383000000.0,
        "Operating Expense": 788000000.0,
        "Other Operating Expenses": NaN,
        "Depreciation And Amortization In Income Statement": NaN,
        "Depreciation Income Statement": NaN,
        "Selling General And Administration": 788000000.0,
        "Selling And Marketing Expense": NaN,
        "General And Administrative Expense": 788000000.0,
        "Gross Profit": 1171000000.0,
        "Cost Of Revenue": 4225000000.0,
        "Total Revenue": 5396000000.0,
        "Operating Revenue": 5396000000.0
    },
    "2024-02-29": {
        "Tax Effect Of Unusual Items": NaN,
        "Tax Rate For Calcs": NaN,
        "Normalized EBITDA": NaN,
        "Total Unusual Items": NaN,
        "Total Unusual Items Excluding Goodwill": NaN,
        "Net Income From Continuing Operation Net Minority Interest": NaN,
        "Reconciled Depreciation": 613000000.0,
        "Reconciled Cost Of Revenue": NaN,
        "EBITDA": NaN,
        "EBIT": NaN,
        "Net Interest Income": NaN,
        "Interest Expense": NaN,
        "Interest Income": NaN,
        "Normalized Income": NaN,
        "Net Income From Continuing And Discontinued Operation": NaN,
        "Total Expenses": NaN,
        "Total Operating Income As Reported": NaN,
        "Diluted Average Shares": NaN,
        "Basic Average Shares": NaN,
        "Diluted EPS": NaN,
        "Basic EPS": NaN,
        "Diluted NI Availto Com Stockholders": NaN,
        "Net Income Common Stockholders": NaN,
        "Otherunder Preferred Stock Dividend": NaN,
        "Net Income": NaN,
        "Net Income Including Noncontrolling Interests": NaN,
        "Net Income Continuous Operations": NaN,
        "Tax Provision": NaN,
        "Pretax Income": NaN,
        "Other Non Operating Income Expenses": NaN,
        "Special Income Charges": NaN,
        "Other Special Charges": NaN,
        "Net Non Operating Interest Income Expense": NaN,
        "Interest Expense Non Operating": NaN,
        "Interest Income Non Operating": NaN,
        "Operating Income": NaN,
        "Operating Expense": NaN,
        "Selling General And Administration": NaN,
        "General And Administrative Expense": NaN,
        "Gross Profit": NaN,
        "Cost Of Revenue": NaN,
        "Total Revenue": NaN,
        "Operating Revenue": NaN
    },
    "2024-05-31": {
        "Tax Effect Of Unusual Items": NaN,
        "Tax Rate For Calcs": NaN,
        "Normalized EBITDA": NaN,
        "Total Unusual Items": NaN,
        "Total Unusual Items Excluding Goodwill": NaN,
        "Net Income From Continuing Operation Net Minority Interest": NaN,
        "Reconciled Depreciation": 634000000.0,
        "Reconciled Cost Of Revenue": NaN,
        "EBITDA": NaN,
        "EBIT": NaN,
        "Net Interest Income": NaN,
        "Interest Expense": NaN,
        "Interest Income": NaN,
        "Normalized Income": NaN,
        "Net Income From Continuing And Discontinued Operation": NaN,
        "Total Expenses": NaN,
        "Total Operating Income As Reported": NaN,
        "Diluted Average Shares": NaN,
        "Basic Average Shares": NaN,
        "Diluted EPS": NaN,
        "Basic EPS": NaN,
        "Diluted NI Availto Com Stockholders": NaN,
        "Average Dilution Earnings": NaN,
        "Net Income Common Stockholders": NaN,
        "Otherunder Preferred Stock Dividend": NaN,
        "Net Income": NaN,
        "Net Income Including Noncontrolling Interests": NaN,
        "Net Income Continuous Operations": NaN,
        "Tax Provision": NaN,
        "Pretax Income": NaN,
        "Other Non Operating Income Expenses": NaN,
        "Special Income Charges": NaN,
        "Other Special Charges": NaN,
        "Net Non Operating Interest Income Expense": NaN,
        "Interest Expense Non Operating": NaN,
        "Interest Income Non Operating": NaN,
        "Operating Income": NaN,
        "Operating Expense": NaN,
        "Selling General And Administration": NaN,
        "General And Administrative Expense": NaN,
        "Gross Profit": NaN,
        "Cost Of Revenue": NaN,
        "Total Revenue": NaN,
        "Operating Revenue": NaN
    },
    "2024-08-31": {
        "Tax Effect Of Unusual Items": NaN,
        "Tax Rate For Calcs": NaN,
        "Normalized EBITDA": NaN,
        "Total Unusual Items": NaN,
        "Total Unusual Items Excluding Goodwill": NaN,
        "Net Income From Continuing Operation Net Minority Interest": NaN,
        "Reconciled Depreciation": 651000000.0,
        "Reconciled Cost Of Revenue": NaN,
        "EBITDA": NaN,
        "EBIT": NaN,
        "Net Interest Income": NaN,
        "Interest Expense": NaN,
        "Interest Income": NaN,
        "Normalized Income": NaN,
        "Net Income From Continuing And Discontinued Operation": NaN,
        "Total Expenses": NaN,
        "Total Operating Income As Reported": NaN,
        "Diluted Average Shares": NaN,
        "Basic Average Shares": NaN,
        "Diluted EPS": NaN,
        "Basic EPS": NaN,
        "Diluted NI Availto Com Stockholders": NaN,
        "Average Dilution Earnings": 25000000.0,
        "Net Income Common Stockholders": NaN,
        "Otherunder Preferred Stock Dividend": NaN,
        "Net Income": NaN,
        "Net Income Including Noncontrolling Interests": NaN,
        "Net Income Continuous Operations": NaN,
        "Tax Provision": NaN,
        "Pretax Income": NaN,
        "Other Non Operating Income Expenses": NaN,
        "Special Income Charges": NaN,
        "Other Special Charges": NaN,
        "Net Non Operating Interest Income Expense": NaN,
        "Interest Expense Non Operating": NaN,
        "Interest Income Non Operating": NaN,
        "Operating Income": NaN,
        "Operating Expense": NaN,
        "Selling General And Administration": NaN,
        "General And Administrative Expense": NaN,
        "Gross Profit": NaN,
        "Cost Of Revenue": NaN,
        "Total Revenue": NaN,
        "Operating Revenue": NaN
    },
    "2024-11-30": {
        "Tax Effect Of Unusual Items": -250000.0,
        "Tax Rate For Calcs": 0.25,
        "Normalized EBITDA": 1352000000.0,
        "Total Unusual Items": -1000000.0,
        "Total Unusual Items Excluding Goodwill": -1000000.0,
        "Net Income From Continuing Operation Net Minority Interest": 303000000.0,
        "Reconciled Depreciation": 659000000.0,
        "Reconciled Cost Of Revenue": 4492000000.0,
        "EBITDA": 1351000000.0,
        "EBIT": 692000000.0,
        "Net Interest Income": -387000000.0,
        "Interest Expense": 403000000.0,
        "Interest Income": 16000000.0,
        "Normalized Income": 303750000.0,
        "Net Income From Continuing And Discontinued Operation": 303000000.0,
        "Total Expenses": 5378000000.0,
        "Total Operating Income As Reported": 561000000.0,
        "Diluted Average Shares": 1399000000.0,
        "Basic Average Shares": 1300000000.0,
        "Diluted EPS": 0.23,
        "Basic EPS": 0.23,
        "Diluted NI Availto Com Stockholders": 396000000.0,
        "Average Dilution Earnings": 21000000.0,
        "Net Income Common Stockholders": 303000000.0,
        "Otherunder Preferred Stock Dividend": 0.0,
        "Net Income": 303000000.0,
        "Net Income Including Noncontrolling Interests": 303000000.0,
        "Net Income Continuous Operations": 303000000.0,
        "Tax Provision": -14000000.0,
        "Pretax Income": 289000000.0,
        "Other Non Operating Income Expenses": 118000000.0,
        "Special Income Charges": -1000000.0,
        "Other Special Charges": 1000000.0,
        "Net Non Operating Interest Income Expense": -387000000.0,
        "Interest Expense Non Operating": 403000000.0,
        "Interest Income Non Operating": 16000000.0,
        "Operating Income": 560000000.0,
        "Operating Expense": 886000000.0,
        "Selling General And Administration": 886000000.0,
        "General And Administrative Expense": 886000000.0,
        "Gross Profit": 1446000000.0,
        "Cost Of Revenue": 4492000000.0,
        "Total Revenue": 5938000000.0,
        "Operating Revenue": 5938000000.0
    },
    "2025-02-28": {
        "Tax Effect Of Unusual Items": -63000000.0,
        "Tax Rate For Calcs": 0.25,
        "Normalized EBITDA": 1212000000.0,
        "Total Unusual Items": -252000000.0,
        "Total Unusual Items Excluding Goodwill": -252000000.0,
        "Net Income From Continuing Operation Net Minority Interest": -78000000.0,
        "Reconciled Depreciation": 654000000.0,
        "Reconciled Cost Of Revenue": 4420000000.0,
        "EBITDA": 960000000.0,
        "EBIT": 306000000.0,
        "Net Interest Income": -370000000.0,
        "Interest Expense": 377000000.0,
        "Interest Income": 7000000.0,
        "Normalized Income": 111000000.0,
        "Net Income From Continuing And Discontinued Operation": -78000000.0,
        "Total Expenses": 5268000000.0,
        "Total Operating Income As Reported": 543000000.0,
        "Diluted Average Shares": 1309000000.0,
        "Basic Average Shares": 1309000000.0,
        "Diluted EPS": -0.06,
        "Basic EPS": -0.06,
        "Diluted NI Availto Com Stockholders": -78000000.0,
        "Average Dilution Earnings": NaN,
        "Net Income Common Stockholders": -78000000.0,
        "Otherunder Preferred Stock Dividend": 0.0,
        "Net Income": -78000000.0,
        "Net Income Including Noncontrolling Interests": -78000000.0,
        "Net Income Continuous Operations": -78000000.0,
        "Tax Provision": 7000000.0,
        "Pretax Income": -71000000.0,
        "Other Non Operating Income Expenses": 8000000.0,
        "Special Income Charges": -252000000.0,
        "Other Special Charges": 252000000.0,
        "Net Non Operating Interest Income Expense": -370000000.0,
        "Interest Expense Non Operating": 377000000.0,
        "Interest Income Non Operating": 7000000.0,
        "Operating Income": 542000000.0,
        "Operating Expense": 848000000.0,
        "Selling General And Administration": 848000000.0,
        "General And Administrative Expense": 848000000.0,
        "Gross Profit": 1390000000.0,
        "Cost Of Revenue": 4420000000.0,
        "Total Revenue": 5810000000.0,
        "Operating Revenue": 5810000000.0
    },
    "2025-05-31": {
        "Tax Effect Of Unusual Items": -116838.487973,
        "Tax Rate For Calcs": 0.02921,
        "Normalized EBITDA": 1619000000.0,
        "Total Unusual Items": -4000000.0,
        "Total Unusual Items Excluding Goodwill": -4000000.0,
        "Net Income From Continuing Operation Net Minority Interest": 565000000.0,
        "Reconciled Depreciation": 692000000.0,
        "Reconciled Cost Of Revenue": 4578000000.0,
        "EBITDA": 1615000000.0,
        "EBIT": 923000000.0,
        "Net Interest Income": -329000000.0,
        "Interest Expense": 341000000.0,
        "Interest Income": 12000000.0,
        "Normalized Income": 568883161.512027,
        "Net Income From Continuing And Discontinued Operation": 565000000.0,
        "Total Expenses": 5394000000.0,
        "Total Operating Income As Reported": 934000000.0,
        "Diluted Average Shares": 1400000000.0,
        "Basic Average Shares": 1312000000.0,
        "Diluted EPS": 0.42,
        "Basic EPS": 0.43,
        "Diluted NI Availto Com Stockholders": 565000000.0,
        "Average Dilution Earnings": NaN,
        "Net Income Common Stockholders": 565000000.0,
        "Otherunder Preferred Stock Dividend": 0.0,
        "Net Income": 565000000.0,
        "Net Income Including Noncontrolling Interests": 565000000.0,
        "Net Income Continuous Operations": 565000000.0,
        "Tax Provision": 17000000.0,
        "Pretax Income": 582000000.0,
        "Other Non Operating Income Expenses": -20000000.0,
        "Special Income Charges": -4000000.0,
        "Other Special Charges": 4000000.0,
        "Net Non Operating Interest Income Expense": -329000000.0,
        "Interest Expense Non Operating": 341000000.0,
        "Interest Income Non Operating": 12000000.0,
        "Operating Income": 934000000.0,
        "Operating Expense": 816000000.0,
        "Selling General And Administration": 816000000.0,
        "General And Administrative Expense": 816000000.0,
        "Gross Profit": 1750000000.0,
        "Cost Of Revenue": 4578000000.0,
        "Total Revenue": 6328000000.0,
        "Operating Revenue": 6328000000.0
    },
    "2025-08-31": {
        "Tax Effect Of Unusual Items": -358642.972536,
        "Tax Rate For Calcs": 0.003231,
        "Normalized EBITDA": 2285000000.0,
        "Total Unusual Items": -111000000.0,
        "Total Unusual Items Excluding Goodwill": -111000000.0,
        "Net Income From Continuing Operation Net Minority Interest": 1852000000.0,
        "Reconciled Depreciation": NaN,
        "Reconciled Cost Of Revenue": 5102000000.0,
        "EBITDA": 2174000000.0,
        "EBIT": 2174000000.0,
        "Net Interest Income": -302000000.0,
        "Interest Expense": 317000000.0,
        "Interest Income": 15000000.0,
        "Normalized Income": 1962641357.027464,
        "Net Income From Continuing And Discontinued Operation": 1852000000.0,
        "Total Expenses": 5881000000.0,
        "Total Operating Income As Reported": 2271000000.0,
        "Diluted Average Shares": 1402000000.0,
        "Basic Average Shares": 1313000000.0,
        "Diluted EPS": 1.33,
        "Basic EPS": 1.41,
        "Diluted NI Availto Com Stockholders": 1852000000.0,
        "Average Dilution Earnings": NaN,
        "Net Income Common Stockholders": 1852000000.0,
        "Otherunder Preferred Stock Dividend": 0.0,
        "Net Income": 1852000000.0,
        "Net Income Including Noncontrolling Interests": 1851000000.0,
        "Net Income Continuous Operations": 1851000000.0,
        "Tax Provision": 6000000.0,
        "Pretax Income": 1857000000.0,
        "Other Non Operating Income Expenses": -2000000.0,
        "Special Income Charges": -111000000.0,
        "Other Special Charges": 111000000.0,
        "Net Non Operating Interest Income Expense": -302000000.0,
        "Interest Expense Non Operating": 317000000.0,
        "Interest Income Non Operating": 15000000.0,
        "Operating Income": 2272000000.0,
        "Operating Expense": 779000000.0,
        "Selling General And Administration": 779000000.0,
        "General And Administrative Expense": 779000000.0,
        "Gross Profit": 3051000000.0,
        "Cost Of Revenue": 5102000000.0,
        "Total Revenue": 8153000000.0,
        "Operating Revenue": 8153000000.0
    },
    "2025-11-30": {
        "Tax Effect Of Unusual Items": -10750000.0,
        "Tax Rate For Calcs": 0.25,
        "Normalized EBITDA": 762000000.0,
        "Total Unusual Items": -43000000.0,
        "Total Unusual Items Excluding Goodwill": -43000000.0,
        "Net Income From Continuing Operation Net Minority Interest": 422000000.0,
        "Reconciled Depreciation": NaN,
        "Reconciled Cost Of Revenue": 4635000000.0,
        "EBITDA": 719000000.0,
        "EBIT": 719000000.0,
        "Net Interest Income": -298000000.0,
        "Interest Expense": 315000000.0,
        "Interest Income": 17000000.0,
        "Normalized Income": 454250000.0,
        "Net Income From Continuing And Discontinued Operation": 422000000.0,
        "Total Expenses": 5595000000.0,
        "Total Operating Income As Reported": 735000000.0,
        "Diluted Average Shares": 1403000000.0,
        "Basic Average Shares": 1313000000.0,
        "Diluted EPS": 0.31,
        "Basic EPS": 0.32,
        "Diluted NI Availto Com Stockholders": 493000000.0,
        "Average Dilution Earnings": NaN,
        "Net Income Common Stockholders": 422000000.0,
        "Otherunder Preferred Stock Dividend": 0.0,
        "Net Income": 422000000.0,
        "Net Income Including Noncontrolling Interests": 422000000.0,
        "Net Income Continuous Operations": 422000000.0,
        "Tax Provision": -18000000.0,
        "Pretax Income": 404000000.0,
        "Other Non Operating Income Expenses": 10000000.0,
        "Special Income Charges": -43000000.0,
        "Other Special Charges": 43000000.0,
        "Net Non Operating Interest Income Expense": -298000000.0,
        "Interest Expense Non Operating": 315000000.0,
        "Interest Income Non Operating": 17000000.0,
        "Operating Income": 735000000.0,
        "Operating Expense": 960000000.0,
        "Selling General And Administration": 960000000.0,
        "General And Administrative Expense": 960000000.0,
        "Gross Profit": 1695000000.0,
        "Cost Of Revenue": 4635000000.0,
        "Total Revenue": 6330000000.0,
        "Operating Revenue": 6330000000.0
    }
}