{
    "2023-03-31": {
        "Tax Effect Of Unusual Items": -89344000.0,
        "Tax Rate For Calcs": 0.256,
        "Normalized EBITDA": 4818000000.0,
        "Total Unusual Items": -349000000.0,
        "Total Unusual Items Excluding Goodwill": -349000000.0,
        "Net Income From Continuing Operation Net Minority Interest": 2136000000.0,
        "Reconciled Depreciation": 1001000000.0,
        "Reconciled Cost Of Revenue": 71903000000.0,
        "EBITDA": 4469000000.0,
        "EBIT": 3468000000.0,
        "Net Interest Income": -589000000.0,
        "Interest Expense": 589000000.0,
        "Normalized Income": 2395656000.0,
        "Net Income From Continuing And Discontinued Operation": 2136000000.0,
        "Total Expenses": 81483000000.0,
        "Total Operating Income As Reported": 3446000000.0,
        "Diluted Average Shares": 1291000000.0,
        "Basic Average Shares": 1283000000.0,
        "Diluted EPS": 1.65,
        "Basic EPS": 1.66,
        "Diluted NI Availto Com Stockholders": 2136000000.0,
        "Net Income Common Stockholders": 2136000000.0,
        "Net Income": 2136000000.0,
        "Minority Interests": -6000000.0,
        "Net Income Including Noncontrolling Interests": 2142000000.0,
        "Net Income Continuous Operations": 2142000000.0,
        "Tax Provision": 737000000.0,
        "Pretax Income": 2879000000.0,
        "Other Income Expense": -327000000.0,
        "Other Non Operating Income Expenses": 22000000.0,
        "Special Income Charges": -349000000.0,
        "Gain On Sale Of Ppe": -349000000.0,
        "Other Special Charges": NaN,
        "Impairment Of Capital Assets": NaN,
        "Restructuring And Mergern Acquisition": NaN,
        "Net Non Operating Interest Income Expense": -589000000.0,
        "Interest Expense Non Operating": 589000000.0,
        "Operating Income": 3795000000.0,
        "Operating Expense": 9580000000.0,
        "Other Operating Expenses": 9580000000.0,
        "Gross Profit": 13375000000.0,
        "Cost Of Revenue": 71903000000.0,
        "Total Revenue": 85278000000.0,
        "Operating Revenue": 85278000000.0
    },
    "2022-12-31": {
        "Tax Effect Of Unusual Items": NaN,
        "Tax Rate For Calcs": NaN,
        "Normalized EBITDA": NaN,
        "Total Unusual Items": NaN,
        "Total Unusual Items Excluding Goodwill": NaN,
        "Net Income From Continuing Operation Net Minority Interest": NaN,
        "Reconciled Depreciation": NaN,
        "Reconciled Cost Of Revenue": NaN,
        "EBITDA": NaN,
        "EBIT": NaN,
        "Net Interest Income": NaN,
        "Interest Expense": NaN,
        "Normalized Income": NaN,
        "Net Income From Continuing And Discontinued Operation": NaN,
        "Total Expenses": NaN,
        "Total Operating Income As Reported": NaN,
        "Diluted Average Shares": NaN,
        "Basic Average Shares": NaN,
        "Diluted EPS": NaN,
        "Basic EPS": NaN,
        "Diluted NI Availto Com Stockholders": NaN,
        "Net Income Common Stockholders": NaN,
        "Net Income": NaN,
        "Minority Interests": NaN,
        "Net Income Including Noncontrolling Interests": NaN,
        "Net Income Continuous Operations": NaN,
        "Tax Provision": NaN,
        "Pretax Income": NaN,
        "Other Income Expense": NaN,
        "Other Non Operating Income Expenses": NaN,
        "Special Income Charges": NaN,
        "Gain On Sale Of Ppe": NaN,
        "Other Special Charges": 99000000.0,
        "Impairment Of Capital Assets": 0.0,
        "Restructuring And Mergern Acquisition": NaN,
        "Net Non Operating Interest Income Expense": NaN,
        "Interest Expense Non Operating": NaN,
        "Operating Income": NaN,
        "Operating Expense": NaN,
        "Other Operating Expenses": NaN,
        "Gross Profit": NaN,
        "Cost Of Revenue": NaN,
        "Total Revenue": NaN,
        "Operating Revenue": NaN
    },
    "2022-09-30": {
        "Tax Effect Of Unusual Items": NaN,
        "Tax Rate For Calcs": NaN,
        "Normalized EBITDA": NaN,
        "Total Unusual Items": NaN,
        "Total Unusual Items Excluding Goodwill": NaN,
        "Net Income From Continuing Operation Net Minority Interest": NaN,
        "Reconciled Depreciation": NaN,
        "Reconciled Cost Of Revenue": NaN,
        "EBITDA": NaN,
        "EBIT": NaN,
        "Net Interest Income": NaN,
        "Interest Expense": NaN,
        "Normalized Income": NaN,
        "Net Income From Continuing And Discontinued Operation": NaN,
        "Total Expenses": NaN,
        "Total Operating Income As Reported": NaN,
        "Diluted Average Shares": NaN,
        "Basic Average Shares": NaN,
        "Diluted EPS": NaN,
        "Basic EPS": NaN,
        "Diluted NI Availto Com Stockholders": NaN,
        "Net Income Common Stockholders": NaN,
        "Net Income": NaN,
        "Minority Interests": NaN,
        "Net Income Including Noncontrolling Interests": NaN,
        "Net Income Continuous Operations": NaN,
        "Tax Provision": NaN,
        "Pretax Income": NaN,
        "Other Income Expense": NaN,
        "Other Non Operating Income Expenses": NaN,
        "Special Income Charges": NaN,
        "Gain On Sale Of Ppe": NaN,
        "Other Special Charges": 5220000000.0,
        "Impairment Of Capital Assets": 0.0,
        "Restructuring And Mergern Acquisition": 0.0,
        "Net Non Operating Interest Income Expense": NaN,
        "Interest Expense Non Operating": NaN,
        "Operating Income": NaN,
        "Operating Expense": NaN,
        "Other Operating Expenses": NaN,
        "Gross Profit": NaN,
        "Cost Of Revenue": NaN,
        "Total Revenue": NaN,
        "Operating Revenue": NaN
    },
    "2022-06-30": {
        "Tax Effect Of Unusual Items": 0.0,
        "Tax Rate For Calcs": 0.265,
        "Normalized EBITDA": 5699000000.0,
        "Total Unusual Items": NaN,
        "Total Unusual Items Excluding Goodwill": NaN,
        "Net Income From Continuing Operation Net Minority Interest": 2951000000.0,
        "Reconciled Depreciation": 1087000000.0,
        "Reconciled Cost Of Revenue": 66896000000.0,
        "EBITDA": 5699000000.0,
        "EBIT": 4612000000.0,
        "Net Interest Income": -583000000.0,
        "Interest Expense": 583000000.0,
        "Normalized Income": 2951000000.0,
        "Net Income From Continuing And Discontinued Operation": 2951000000.0,
        "Total Expenses": 76067000000.0,
        "Total Operating Income As Reported": 4569000000.0,
        "Diluted Average Shares": 1321000000.0,
        "Basic Average Shares": 1313000000.0,
        "Diluted EPS": 2.29,
        "Basic EPS": 2.31,
        "Diluted NI Availto Com Stockholders": 2951000000.0,
        "Net Income Common Stockholders": 2951000000.0,
        "Net Income": 2951000000.0,
        "Minority Interests": -10000000.0,
        "Net Income Including Noncontrolling Interests": 2961000000.0,
        "Net Income Continuous Operations": 2961000000.0,
        "Tax Provision": 1068000000.0,
        "Pretax Income": 4029000000.0,
        "Other Income Expense": 43000000.0,
        "Other Non Operating Income Expenses": 43000000.0,
        "Special Income Charges": NaN,
        "Gain On Sale Of Ppe": NaN,
        "Other Special Charges": NaN,
        "Impairment Of Capital Assets": NaN,
        "Restructuring And Mergern Acquisition": NaN,
        "Net Non Operating Interest Income Expense": -583000000.0,
        "Interest Expense Non Operating": 583000000.0,
        "Operating Income": 4569000000.0,
        "Operating Expense": 9171000000.0,
        "Other Operating Expenses": 9171000000.0,
        "Gross Profit": 13740000000.0,
        "Cost Of Revenue": 66896000000.0,
        "Total Revenue": 80636000000.0,
        "Operating Revenue": 80636000000.0
    },
    "2023-06-30": {
        "Tax Effect Of Unusual Items": NaN,
        "Tax Rate For Calcs": NaN,
        "Normalized EBITDA": NaN,
        "Total Unusual Items": NaN,
        "Total Unusual Items Excluding Goodwill": NaN,
        "Net Income From Continuing Operation Net Minority Interest": NaN,
        "Reconciled Depreciation": NaN,
        "Reconciled Cost Of Revenue": NaN,
        "EBITDA": NaN,
        "EBIT": NaN,
        "Net Interest Income": NaN,
        "Interest Expense": NaN,
        "Normalized Income": NaN,
        "Net Income From Continuing And Discontinued Operation": NaN,
        "Total Expenses": NaN,
        "Total Operating Income As Reported": NaN,
        "Diluted Average Shares": NaN,
        "Basic Average Shares": NaN,
        "Diluted EPS": NaN,
        "Basic EPS": NaN,
        "Diluted NI Availto Com Stockholders": NaN,
        "Net Income Common Stockholders": NaN,
        "Net Income": NaN,
        "Minority Interests": NaN,
        "Net Income Including Noncontrolling Interests": NaN,
        "Net Income Continuous Operations": NaN,
        "Tax Provision": NaN,
        "Pretax Income": NaN,
        "Other Income Expense": NaN,
        "Other Non Operating Income Expenses": NaN,
        "Special Income Charges": NaN,
        "Gain On Sale Of Ppe": NaN,
        "Restructuring And Mergern Acquisition": 496000000.0,
        "Net Non Operating Interest Income Expense": NaN,
        "Interest Expense Non Operating": NaN,
        "Operating Income": NaN,
        "Operating Expense": NaN,
        "Other Operating Expenses": NaN,
        "Gross Profit": NaN,
        "Cost Of Revenue": NaN,
        "Total Revenue": NaN,
        "Operating Revenue": NaN
    },
    "2022-03-31": {
        "Diluted EPS": 1.77,
        "Total Revenue": NaN,
        "Gross Profit": NaN,
        "Operating Income": NaN,
        "EBIT": NaN,
        "Net Income": NaN
    },
    "2021-12-31": {
        "Diluted EPS": 0.97,
        "Total Revenue": NaN,
        "Gross Profit": NaN,
        "Operating Income": NaN,
        "EBIT": NaN,
        "Net Income": NaN
    },
    "2021-09-30": {
        "Diluted EPS": 1.2,
        "Total Revenue": NaN,
        "Gross Profit": NaN,
        "Operating Income": NaN,
        "EBIT": NaN,
        "Net Income": NaN
    },
    "2021-06-30": {
        "Diluted EPS": 2.1,
        "Total Revenue": NaN,
        "Gross Profit": NaN,
        "Operating Income": NaN,
        "EBIT": NaN,
        "Net Income": NaN
    },
    "2021-03-31": {
        "Diluted EPS": 1.68,
        "Total Revenue": NaN,
        "Gross Profit": NaN,
        "Operating Income": NaN,
        "EBIT": NaN,
        "Net Income": NaN
    },
    "2020-12-31": {
        "Diluted EPS": 0.74,
        "Total Revenue": NaN,
        "Gross Profit": NaN,
        "Operating Income": NaN,
        "EBIT": NaN,
        "Net Income": 973
    },
    "2020-09-30": {
        "Diluted EPS": 0.93,
        "Total Revenue": NaN,
        "Gross Profit": NaN,
        "Operating Income": NaN,
        "EBIT": NaN,
        "Net Income": NaN
    },
    "2020-06-30": {
        "Diluted EPS": 2.26,
        "Total Revenue": NaN,
        "Gross Profit": NaN,
        "Operating Income": NaN,
        "EBIT": NaN,
        "Net Income": NaN
    },
    "2020-03-31": {
        "Diluted EPS": 1.53,
        "Total Revenue": NaN,
        "Gross Profit": NaN,
        "Operating Income": NaN,
        "EBIT": NaN,
        "Net Income": NaN
    },
    "2019-12-31": {
        "Diluted EPS": 1.33,
        "Total Revenue": NaN,
        "Gross Profit": NaN,
        "Operating Income": NaN,
        "EBIT": NaN,
        "Net Income": NaN
    },
    "2019-09-30": {
        "Diluted EPS": 1.17,
        "Total Revenue": NaN,
        "Gross Profit": NaN,
        "Operating Income": NaN,
        "EBIT": NaN,
        "Net Income": NaN
    },
    "2019-06-30": {
        "Diluted EPS": 1.49,
        "Total Revenue": NaN,
        "Gross Profit": NaN,
        "Operating Income": NaN,
        "EBIT": NaN,
        "Net Income": NaN
    },
    "2019-03-31": {
        "Diluted EPS": 1.09,
        "Total Revenue": NaN,
        "Gross Profit": NaN,
        "Operating Income": NaN,
        "EBIT": NaN,
        "Net Income": NaN
    },
    "2018-12-31": {
        "Diluted EPS": -0.39,
        "Total Revenue": NaN,
        "Gross Profit": NaN,
        "Operating Income": 824,
        "EBIT": NaN,
        "Net Income": -419
    },
    "2018-09-30": {
        "Diluted EPS": 1.36,
        "Total Revenue": NaN,
        "Gross Profit": NaN,
        "Operating Income": NaN,
        "EBIT": NaN,
        "Net Income": NaN
    },
    "2018-06-30": {
        "Diluted EPS": -2.52,
        "Total Revenue": NaN,
        "Gross Profit": NaN,
        "Operating Income": NaN,
        "EBIT": NaN,
        "Net Income": NaN
    },
    "2018-03-31": {
        "Diluted EPS": 0.98,
        "Total Revenue": NaN,
        "Gross Profit": NaN,
        "Operating Income": NaN,
        "EBIT": NaN,
        "Net Income": 998
    },
    "2017-12-31": {
        "Diluted EPS": 3.19,
        "Total Revenue": NaN,
        "Gross Profit": NaN,
        "Operating Income": NaN,
        "EBIT": NaN,
        "Net Income": NaN
    },
    "2017-09-30": {
        "Diluted EPS": 1.26,
        "Total Revenue": NaN,
        "Gross Profit": NaN,
        "Operating Income": NaN,
        "EBIT": NaN,
        "Net Income": NaN
    },
    "2017-06-30": {
        "Diluted EPS": 1.07,
        "Total Revenue": NaN,
        "Gross Profit": NaN,
        "Operating Income": NaN,
        "EBIT": NaN,
        "Net Income": NaN
    },
    "2017-03-31": {
        "Diluted EPS": 0.92,
        "Total Revenue": NaN,
        "Gross Profit": NaN,
        "Operating Income": NaN,
        "EBIT": NaN,
        "Net Income": 952
    },
    "2016-12-31": {
        "Diluted EPS": 1.57,
        "Total Revenue": NaN,
        "Gross Profit": NaN,
        "Operating Income": NaN,
        "EBIT": NaN,
        "Net Income": NaN
    },
    "2016-09-30": {
        "Diluted EPS": 1.43,
        "Total Revenue": NaN,
        "Gross Profit": NaN,
        "Operating Income": NaN,
        "EBIT": NaN,
        "Net Income": NaN
    },
    "2016-06-30": {
        "Diluted EPS": 0.86,
        "Total Revenue": NaN,
        "Gross Profit": NaN,
        "Operating Income": NaN,
        "EBIT": NaN,
        "Net Income": 924
    },
    "2016-03-31": {
        "Diluted EPS": 1.04,
        "Total Revenue": NaN,
        "Gross Profit": NaN,
        "Operating Income": NaN,
        "EBIT": NaN,
        "Net Income": NaN
    },
    "2015-12-31": {
        "Diluted EPS": 1.33,
        "Total Revenue": NaN,
        "Gross Profit": NaN,
        "Operating Income": NaN,
        "EBIT": NaN,
        "Net Income": NaN
    },
    "2015-09-30": {
        "Diluted EPS": 1.11,
        "Total Revenue": NaN,
        "Gross Profit": NaN,
        "Operating Income": NaN,
        "EBIT": NaN,
        "Net Income": NaN
    },
    "2015-06-30": {
        "Diluted EPS": 1.12,
        "Total Revenue": NaN,
        "Gross Profit": NaN,
        "Operating Income": NaN,
        "EBIT": NaN,
        "Net Income": NaN
    },
    "2015-03-31": {
        "Diluted EPS": 1.07,
        "Total Revenue": NaN,
        "Gross Profit": NaN,
        "Operating Income": NaN,
        "EBIT": NaN,
        "Net Income": NaN
    },
    "2014-12-31": {
        "Diluted EPS": 1.14,
        "Total Revenue": NaN,
        "Gross Profit": NaN,
        "Operating Income": NaN,
        "EBIT": NaN,
        "Net Income": NaN
    },
    "2014-09-30": {
        "Diluted EPS": 0.81,
        "Total Revenue": NaN,
        "Gross Profit": NaN,
        "Operating Income": NaN,
        "EBIT": NaN,
        "Net Income": 948
    },
    "2014-06-30": {
        "Diluted EPS": 1.06,
        "Total Revenue": NaN,
        "Gross Profit": NaN,
        "Operating Income": NaN,
        "EBIT": NaN,
        "Net Income": NaN
    },
    "2014-03-31": {
        "Diluted EPS": 0.95,
        "Total Revenue": NaN,
        "Gross Profit": NaN,
        "Operating Income": NaN,
        "EBIT": NaN,
        "Net Income": NaN
    },
    "2013-12-31": {
        "Diluted EPS": 1.04,
        "Total Revenue": NaN,
        "Gross Profit": NaN,
        "Operating Income": NaN,
        "EBIT": NaN,
        "Net Income": NaN
    },
    "2013-09-30": {
        "Diluted EPS": 1.02,
        "Total Revenue": NaN,
        "Gross Profit": NaN,
        "Operating Income": NaN,
        "EBIT": NaN,
        "Net Income": NaN
    },
    "2013-06-30": {
        "Diluted EPS": 0.91,
        "Total Revenue": NaN,
        "Gross Profit": NaN,
        "Operating Income": NaN,
        "EBIT": NaN,
        "Net Income": NaN
    },
    "2013-03-31": {
        "Diluted EPS": 0.77,
        "Total Revenue": NaN,
        "Gross Profit": NaN,
        "Operating Income": NaN,
        "EBIT": NaN,
        "Net Income": 954
    },
    "2012-12-31": {
        "Diluted EPS": 0.89,
        "Total Revenue": NaN,
        "Gross Profit": NaN,
        "Operating Income": NaN,
        "EBIT": NaN,
        "Net Income": NaN
    },
    "2012-09-30": {
        "Diluted EPS": 0.79,
        "Total Revenue": NaN,
        "Gross Profit": NaN,
        "Operating Income": NaN,
        "EBIT": NaN,
        "Net Income": NaN
    },
    "2012-06-30": {
        "Diluted EPS": 0.75,
        "Total Revenue": NaN,
        "Gross Profit": NaN,
        "Operating Income": NaN,
        "EBIT": NaN,
        "Net Income": 966
    },
    "2012-03-31": {
        "Diluted EPS": 0.59,
        "Total Revenue": NaN,
        "Gross Profit": NaN,
        "Operating Income": NaN,
        "EBIT": NaN,
        "Net Income": 776
    },
    "2011-12-31": {
        "Diluted EPS": 0.8,
        "Total Revenue": NaN,
        "Gross Profit": NaN,
        "Operating Income": NaN,
        "EBIT": NaN,
        "Net Income": NaN
    },
    "2011-09-30": {
        "Diluted EPS": 0.65,
        "Total Revenue": NaN,
        "Gross Profit": NaN,
        "Operating Income": NaN,
        "EBIT": NaN,
        "Net Income": 868
    },
    "2011-06-30": {
        "Diluted EPS": 0.6,
        "Total Revenue": NaN,
        "Gross Profit": NaN,
        "Operating Income": NaN,
        "EBIT": NaN,
        "Net Income": 816
    },
    "2011-03-31": {
        "Diluted EPS": 0.52,
        "Total Revenue": NaN,
        "Gross Profit": NaN,
        "Operating Income": NaN,
        "EBIT": NaN,
        "Net Income": 713
    },
    "2010-12-31": {
        "Diluted EPS": 0.75,
        "Total Revenue": NaN,
        "Gross Profit": NaN,
        "Operating Income": NaN,
        "EBIT": NaN,
        "Net Income": NaN
    },
    "2010-09-30": {
        "Diluted EPS": 0.59,
        "Total Revenue": NaN,
        "Gross Profit": NaN,
        "Operating Income": NaN,
        "EBIT": NaN,
        "Net Income": 809
    },
    "2010-06-30": {
        "Diluted EPS": 0.6,
        "Total Revenue": NaN,
        "Gross Profit": NaN,
        "Operating Income": NaN,
        "EBIT": NaN,
        "Net Income": 821
    },
    "2010-03-31": {
        "Diluted EPS": 0.55,
        "Total Revenue": NaN,
        "Gross Profit": NaN,
        "Operating Income": NaN,
        "EBIT": NaN,
        "Net Income": 771
    },
    "2009-12-31": {
        "Diluted EPS": 0.74,
        "Total Revenue": NaN,
        "Gross Profit": NaN,
        "Operating Income": NaN,
        "EBIT": NaN,
        "Net Income": NaN
    },
    "2009-09-30": {
        "Diluted EPS": 0.71,
        "Total Revenue": NaN,
        "Gross Profit": NaN,
        "Operating Income": NaN,
        "EBIT": NaN,
        "Net Income": NaN
    },
    "2009-06-30": {
        "Diluted EPS": 0.6,
        "Total Revenue": NaN,
        "Gross Profit": NaN,
        "Operating Income": NaN,
        "EBIT": NaN,
        "Net Income": 886
    },
    "2009-03-31": {
        "Diluted EPS": 0.5,
        "Total Revenue": NaN,
        "Gross Profit": NaN,
        "Operating Income": NaN,
        "EBIT": NaN,
        "Net Income": 738
    },
    "2023-09-30": {
        "Tax Effect Of Unusual Items": NaN,
        "Tax Rate For Calcs": NaN,
        "Normalized EBITDA": NaN,
        "Total Unusual Items": NaN,
        "Total Unusual Items Excluding Goodwill": NaN,
        "Net Income From Continuing Operation Net Minority Interest": NaN,
        "Reconciled Depreciation": NaN,
        "Reconciled Cost Of Revenue": NaN,
        "EBITDA": NaN,
        "EBIT": NaN,
        "Net Interest Income": NaN,
        "Interest Expense": NaN,
        "Normalized Income": NaN,
        "Net Income From Continuing And Discontinued Operation": NaN,
        "Total Expenses": NaN,
        "Total Operating Income As Reported": NaN,
        "Diluted Average Shares": NaN,
        "Basic Average Shares": NaN,
        "Diluted EPS": NaN,
        "Basic EPS": NaN,
        "Diluted NI Availto Com Stockholders": NaN,
        "Net Income Common Stockholders": NaN,
        "Net Income": NaN,
        "Minority Interests": NaN,
        "Net Income Including Noncontrolling Interests": NaN,
        "Net Income Continuous Operations": NaN,
        "Tax Provision": NaN,
        "Pretax Income": NaN,
        "Other Income Expense": NaN,
        "Other Non Operating Income Expenses": NaN,
        "Special Income Charges": NaN,
        "Gain On Sale Of Ppe": NaN,
        "Restructuring And Mergern Acquisition": 11000000.0,
        "Net Non Operating Interest Income Expense": NaN,
        "Interest Expense Non Operating": NaN,
        "Operating Income": NaN,
        "Operating Expense": NaN,
        "Other Operating Expenses": NaN,
        "Gross Profit": NaN,
        "Cost Of Revenue": NaN,
        "Total Revenue": NaN,
        "Operating Revenue": NaN
    },
    "2023-12-31": {
        "Tax Effect Of Unusual Items": NaN,
        "Tax Rate For Calcs": NaN,
        "Normalized EBITDA": NaN,
        "Total Unusual Items": 0.0,
        "Total Unusual Items Excluding Goodwill": 0.0,
        "Net Income From Continuing Operation Net Minority Interest": NaN,
        "Reconciled Depreciation": NaN,
        "Reconciled Cost Of Revenue": NaN,
        "EBITDA": NaN,
        "EBIT": NaN,
        "Net Interest Income": NaN,
        "Interest Expense": NaN,
        "Normalized Income": NaN,
        "Net Income From Continuing And Discontinued Operation": NaN,
        "Total Expenses": NaN,
        "Total Operating Income As Reported": NaN,
        "Diluted Average Shares": NaN,
        "Basic Average Shares": NaN,
        "Diluted EPS": NaN,
        "Basic EPS": NaN,
        "Diluted NI Availto Com Stockholders": NaN,
        "Net Income Common Stockholders": NaN,
        "Net Income": NaN,
        "Minority Interests": NaN,
        "Net Income Including Noncontrolling Interests": NaN,
        "Net Income Continuous Operations": NaN,
        "Tax Provision": NaN,
        "Pretax Income": NaN,
        "Other Income Expense": NaN,
        "Other Non Operating Income Expenses": NaN,
        "Special Income Charges": 0.0,
        "Gain On Sale Of Ppe": 0.0,
        "Restructuring And Mergern Acquisition": 0.0,
        "Net Non Operating Interest Income Expense": NaN,
        "Interest Expense Non Operating": NaN,
        "Operating Income": NaN,
        "Operating Expense": NaN,
        "Other Operating Expenses": NaN,
        "Gross Profit": NaN,
        "Cost Of Revenue": NaN,
        "Total Revenue": NaN,
        "Operating Revenue": NaN
    },
    "2024-03-31": {
        "Tax Effect Of Unusual Items": NaN,
        "Tax Rate For Calcs": NaN,
        "Normalized EBITDA": NaN,
        "Total Unusual Items": 0.0,
        "Total Unusual Items Excluding Goodwill": 0.0,
        "Net Income From Continuing Operation Net Minority Interest": NaN,
        "Reconciled Depreciation": NaN,
        "Reconciled Cost Of Revenue": NaN,
        "EBITDA": NaN,
        "EBIT": NaN,
        "Net Interest Income": NaN,
        "Interest Expense": NaN,
        "Normalized Income": NaN,
        "Net Income From Continuing And Discontinued Operation": NaN,
        "Total Expenses": NaN,
        "Total Operating Income As Reported": NaN,
        "Diluted Average Shares": NaN,
        "Basic Average Shares": NaN,
        "Diluted EPS": NaN,
        "Basic EPS": NaN,
        "Diluted NI Availto Com Stockholders": NaN,
        "Net Income Common Stockholders": NaN,
        "Net Income": NaN,
        "Minority Interests": NaN,
        "Net Income Including Noncontrolling Interests": NaN,
        "Net Income Continuous Operations": NaN,
        "Tax Provision": NaN,
        "Pretax Income": NaN,
        "Other Income Expense": NaN,
        "Other Non Operating Income Expenses": NaN,
        "Special Income Charges": 0.0,
        "Gain On Sale Of Ppe": 0.0,
        "Restructuring And Mergern Acquisition": NaN,
        "Net Non Operating Interest Income Expense": NaN,
        "Interest Expense Non Operating": NaN,
        "Operating Income": NaN,
        "Operating Expense": NaN,
        "Other Operating Expenses": NaN,
        "Gross Profit": NaN,
        "Cost Of Revenue": NaN,
        "Total Revenue": NaN,
        "Operating Revenue": NaN
    },
    "2024-06-30": {
        "Tax Effect Of Unusual Items": 0.0,
        "Tax Rate For Calcs": 0.243,
        "Normalized EBITDA": 4220000000.0,
        "Total Unusual Items": 0.0,
        "Total Unusual Items Excluding Goodwill": 0.0,
        "Net Income From Continuing Operation Net Minority Interest": 1770000000.0,
        "Reconciled Depreciation": 1151000000.0,
        "Reconciled Cost Of Revenue": 77851000000.0,
        "EBITDA": 4220000000.0,
        "EBIT": 3069000000.0,
        "Net Interest Income": -732000000.0,
        "Interest Expense": 732000000.0,
        "Normalized Income": 1770000000.0,
        "Net Income From Continuing And Discontinued Operation": 1770000000.0,
        "Total Expenses": 88189000000.0,
        "Total Operating Income As Reported": 3045000000.0,
        "Diluted Average Shares": 1259000000.0,
        "Basic Average Shares": 1256000000.0,
        "Diluted EPS": 1.41,
        "Basic EPS": 1.41,
        "Diluted NI Availto Com Stockholders": 1770000000.0,
        "Net Income Common Stockholders": 1770000000.0,
        "Net Income": 1770000000.0,
        "Minority Interests": 2000000.0,
        "Net Income Including Noncontrolling Interests": 1768000000.0,
        "Net Income Continuous Operations": 1768000000.0,
        "Tax Provision": 569000000.0,
        "Pretax Income": 2337000000.0,
        "Other Income Expense": 24000000.0,
        "Other Non Operating Income Expenses": 24000000.0,
        "Special Income Charges": 0.0,
        "Gain On Sale Of Ppe": 0.0,
        "Restructuring And Mergern Acquisition": 0.0,
        "Net Non Operating Interest Income Expense": -732000000.0,
        "Interest Expense Non Operating": 732000000.0,
        "Operating Income": 3045000000.0,
        "Operating Expense": 10338000000.0,
        "Other Operating Expenses": 10338000000.0,
        "Gross Profit": 13383000000.0,
        "Cost Of Revenue": 77851000000.0,
        "Total Revenue": 91234000000.0,
        "Operating Revenue": 91234000000.0
    },
    "2024-09-30": {
        "Tax Effect Of Unusual Items": -378756000.0,
        "Tax Rate For Calcs": 0.324,
        "Normalized EBITDA": 3187000000.0,
        "Total Unusual Items": -1169000000.0,
        "Total Unusual Items Excluding Goodwill": -1169000000.0,
        "Net Income From Continuing Operation Net Minority Interest": 87000000.0,
        "Reconciled Depreciation": 1161000000.0,
        "Reconciled Cost Of Revenue": 82870000000.0,
        "EBITDA": 2018000000.0,
        "EBIT": 857000000.0,
        "Net Interest Income": -752000000.0,
        "Interest Expense": 752000000.0,
        "Normalized Income": 877244000.0,
        "Net Income From Continuing And Discontinued Operation": 87000000.0,
        "Total Expenses": 93427000000.0,
        "Total Operating Income As Reported": 832000000.0,
        "Diluted Average Shares": 1259000000.0,
        "Basic Average Shares": 1259000000.0,
        "Diluted EPS": 0.07,
        "Basic EPS": 0.07,
        "Diluted NI Availto Com Stockholders": 87000000.0,
        "Net Income Common Stockholders": 87000000.0,
        "Net Income": 87000000.0,
        "Minority Interests": 16000000.0,
        "Net Income Including Noncontrolling Interests": 71000000.0,
        "Net Income Continuous Operations": 71000000.0,
        "Tax Provision": 34000000.0,
        "Pretax Income": 105000000.0,
        "Other Income Expense": -1144000000.0,
        "Other Non Operating Income Expenses": 25000000.0,
        "Special Income Charges": -1169000000.0,
        "Gain On Sale Of Ppe": 0.0,
        "Restructuring And Mergern Acquisition": 1169000000.0,
        "Net Non Operating Interest Income Expense": -752000000.0,
        "Interest Expense Non Operating": 752000000.0,
        "Operating Income": 2001000000.0,
        "Operating Expense": 10557000000.0,
        "Other Operating Expenses": 10557000000.0,
        "Gross Profit": 12558000000.0,
        "Cost Of Revenue": 82870000000.0,
        "Total Revenue": 95428000000.0,
        "Operating Revenue": 95428000000.0
    },
    "2024-12-31": {
        "Tax Effect Of Unusual Items": 90142521.16651,
        "Tax Rate For Calcs": 0.236595,
        "Normalized EBITDA": 3650000000.0,
        "Total Unusual Items": 381000000.0,
        "Total Unusual Items Excluding Goodwill": 381000000.0,
        "Net Income From Continuing Operation Net Minority Interest": 1644000000.0,
        "Reconciled Depreciation": 1147000000.0,
        "Reconciled Cost Of Revenue": 84811000000.0,
        "EBITDA": 4031000000.0,
        "EBIT": 2884000000.0,
        "Net Interest Income": -758000000.0,
        "Interest Expense": 758000000.0,
        "Normalized Income": 1353142521.16651,
        "Net Income From Continuing And Discontinued Operation": 1644000000.0,
        "Total Expenses": 95232000000.0,
        "Total Operating Income As Reported": 2368000000.0,
        "Diluted Average Shares": 1261000000.0,
        "Basic Average Shares": 1259000000.0,
        "Diluted EPS": 1.3,
        "Basic EPS": 1.31,
        "Diluted NI Availto Com Stockholders": 1644000000.0,
        "Net Income Common Stockholders": 1644000000.0,
        "Net Income": 1644000000.0,
        "Minority Interests": 21000000.0,
        "Net Income Including Noncontrolling Interests": 1623000000.0,
        "Net Income Continuous Operations": 1623000000.0,
        "Tax Provision": 503000000.0,
        "Pretax Income": 2126000000.0,
        "Other Income Expense": 406000000.0,
        "Other Non Operating Income Expenses": 25000000.0,
        "Special Income Charges": 381000000.0,
        "Gain On Sale Of Ppe": 0.0,
        "Restructuring And Mergern Acquisition": 10000000.0,
        "Net Non Operating Interest Income Expense": -758000000.0,
        "Interest Expense Non Operating": 758000000.0,
        "Operating Income": 2478000000.0,
        "Operating Expense": 10421000000.0,
        "Other Operating Expenses": 10421000000.0,
        "Gross Profit": 12899000000.0,
        "Cost Of Revenue": 84811000000.0,
        "Total Revenue": 97710000000.0,
        "Operating Revenue": 97710000000.0
    },
    "2025-03-31": {
        "Tax Effect Of Unusual Items": 0.0,
        "Tax Rate For Calcs": 0.319,
        "Normalized EBITDA": 4556000000.0,
        "Total Unusual Items": NaN,
        "Total Unusual Items Excluding Goodwill": NaN,
        "Net Income From Continuing Operation Net Minority Interest": 1779000000.0,
        "Reconciled Depreciation": 1154000000.0,
        "Reconciled Cost Of Revenue": 80192000000.0,
        "EBITDA": 4556000000.0,
        "EBIT": 3402000000.0,
        "Net Interest Income": -785000000.0,
        "Interest Expense": 785000000.0,
        "Normalized Income": 1779000000.0,
        "Net Income From Continuing And Discontinued Operation": 1779000000.0,
        "Total Expenses": 91214000000.0,
        "Total Operating Income As Reported": 3374000000.0,
        "Diluted Average Shares": 1264000000.0,
        "Basic Average Shares": 1261000000.0,
        "Diluted EPS": 1.41,
        "Basic EPS": 1.41,
        "Diluted NI Availto Com Stockholders": 1779000000.0,
        "Net Income Common Stockholders": 1779000000.0,
        "Net Income": 1779000000.0,
        "Minority Interests": -3000000.0,
        "Net Income Including Noncontrolling Interests": 1782000000.0,
        "Net Income Continuous Operations": 1782000000.0,
        "Tax Provision": 835000000.0,
        "Pretax Income": 2617000000.0,
        "Other Income Expense": 28000000.0,
        "Other Non Operating Income Expenses": 28000000.0,
        "Special Income Charges": NaN,
        "Gain On Sale Of Ppe": NaN,
        "Restructuring And Mergern Acquisition": NaN,
        "Net Non Operating Interest Income Expense": -785000000.0,
        "Interest Expense Non Operating": 785000000.0,
        "Operating Income": 3374000000.0,
        "Operating Expense": 11022000000.0,
        "Other Operating Expenses": 11022000000.0,
        "Gross Profit": 14396000000.0,
        "Cost Of Revenue": 80192000000.0,
        "Total Revenue": 94588000000.0,
        "Operating Revenue": 94588000000.0
    },
    "2025-06-30": {
        "Tax Effect Of Unusual Items": 0.0,
        "Tax Rate For Calcs": 0.385,
        "Normalized EBITDA": 3581000000.0,
        "Total Unusual Items": NaN,
        "Total Unusual Items Excluding Goodwill": NaN,
        "Net Income From Continuing Operation Net Minority Interest": 1021000000.0,
        "Reconciled Depreciation": 1171000000.0,
        "Reconciled Cost Of Revenue": 85322000000.0,
        "EBITDA": 3581000000.0,
        "EBIT": 2410000000.0,
        "Net Interest Income": -763000000.0,
        "Interest Expense": 763000000.0,
        "Normalized Income": 1021000000.0,
        "Net Income From Continuing And Discontinued Operation": 1021000000.0,
        "Total Expenses": 96534000000.0,
        "Total Operating Income As Reported": 2381000000.0,
        "Diluted Average Shares": 1270000000.0,
        "Basic Average Shares": 1266000000.0,
        "Diluted EPS": 0.8,
        "Basic EPS": 0.81,
        "Diluted NI Availto Com Stockholders": 1021000000.0,
        "Net Income Common Stockholders": 1021000000.0,
        "Net Income": 1021000000.0,
        "Minority Interests": 8000000.0,
        "Net Income Including Noncontrolling Interests": 1013000000.0,
        "Net Income Continuous Operations": 1013000000.0,
        "Tax Provision": 634000000.0,
        "Pretax Income": 1647000000.0,
        "Other Income Expense": 29000000.0,
        "Other Non Operating Income Expenses": 29000000.0,
        "Special Income Charges": NaN,
        "Gain On Sale Of Ppe": NaN,
        "Restructuring And Mergern Acquisition": NaN,
        "Net Non Operating Interest Income Expense": -763000000.0,
        "Interest Expense Non Operating": 763000000.0,
        "Operating Income": 2381000000.0,
        "Operating Expense": 11212000000.0,
        "Other Operating Expenses": 11212000000.0,
        "Gross Profit": 13593000000.0,
        "Cost Of Revenue": 85322000000.0,
        "Total Revenue": 98915000000.0,
        "Operating Revenue": 98915000000.0
    }
}