{
    "2023-03-31": {
        "Tax Effect Of Unusual Items": NaN,
        "Tax Rate For Calcs": NaN,
        "Normalized EBITDA": NaN,
        "Total Unusual Items": NaN,
        "Total Unusual Items Excluding Goodwill": NaN,
        "Net Income From Continuing Operation Net Minority Interest": NaN,
        "Reconciled Depreciation": NaN,
        "Reconciled Cost Of Revenue": NaN,
        "EBITDA": NaN,
        "EBIT": NaN,
        "Net Interest Income": NaN,
        "Interest Expense": NaN,
        "Normalized Income": NaN,
        "Net Income From Continuing And Discontinued Operation": NaN,
        "Total Expenses": NaN,
        "Total Operating Income As Reported": NaN,
        "Diluted Average Shares": NaN,
        "Basic Average Shares": NaN,
        "Diluted EPS": NaN,
        "Basic EPS": NaN,
        "Diluted NI Availto Com Stockholders": NaN,
        "Net Income Common Stockholders": NaN,
        "Net Income": NaN,
        "Net Income Including Noncontrolling Interests": NaN,
        "Net Income Continuous Operations": NaN,
        "Tax Provision": NaN,
        "Pretax Income": NaN,
        "Other Income Expense": NaN,
        "Other Non Operating Income Expenses": NaN,
        "Special Income Charges": NaN,
        "Gain On Sale Of Business": 0.0,
        "Restructuring And Mergern Acquisition": NaN,
        "Net Non Operating Interest Income Expense": NaN,
        "Interest Expense Non Operating": NaN,
        "Operating Income": NaN,
        "Operating Expense": NaN,
        "Research And Development": NaN,
        "Selling General And Administration": NaN,
        "Selling And Marketing Expense": NaN,
        "General And Administrative Expense": NaN,
        "Other Gand A": NaN,
        "Gross Profit": NaN,
        "Cost Of Revenue": NaN,
        "Total Revenue": NaN,
        "Operating Revenue": NaN
    },
    "2022-12-31": {
        "Tax Effect Of Unusual Items": NaN,
        "Tax Rate For Calcs": NaN,
        "Normalized EBITDA": NaN,
        "Total Unusual Items": NaN,
        "Total Unusual Items Excluding Goodwill": NaN,
        "Net Income From Continuing Operation Net Minority Interest": NaN,
        "Reconciled Depreciation": NaN,
        "Reconciled Cost Of Revenue": NaN,
        "EBITDA": NaN,
        "EBIT": NaN,
        "Net Interest Income": NaN,
        "Interest Expense": NaN,
        "Normalized Income": NaN,
        "Net Income From Continuing And Discontinued Operation": NaN,
        "Total Expenses": NaN,
        "Total Operating Income As Reported": NaN,
        "Diluted Average Shares": NaN,
        "Basic Average Shares": NaN,
        "Diluted EPS": NaN,
        "Basic EPS": NaN,
        "Diluted NI Availto Com Stockholders": NaN,
        "Net Income Common Stockholders": NaN,
        "Net Income": NaN,
        "Net Income Including Noncontrolling Interests": NaN,
        "Net Income Continuous Operations": NaN,
        "Tax Provision": NaN,
        "Pretax Income": NaN,
        "Other Income Expense": NaN,
        "Other Non Operating Income Expenses": NaN,
        "Special Income Charges": NaN,
        "Gain On Sale Of Business": 0.0,
        "Write Off": 0.0,
        "Restructuring And Mergern Acquisition": NaN,
        "Net Non Operating Interest Income Expense": NaN,
        "Interest Expense Non Operating": NaN,
        "Operating Income": NaN,
        "Operating Expense": NaN,
        "Research And Development": NaN,
        "Selling General And Administration": NaN,
        "Selling And Marketing Expense": NaN,
        "General And Administrative Expense": NaN,
        "Other Gand A": NaN,
        "Gross Profit": NaN,
        "Cost Of Revenue": NaN,
        "Total Revenue": NaN,
        "Operating Revenue": NaN
    },
    "2022-09-30": {
        "Tax Effect Of Unusual Items": NaN,
        "Tax Rate For Calcs": NaN,
        "Normalized EBITDA": NaN,
        "Total Unusual Items": NaN,
        "Total Unusual Items Excluding Goodwill": NaN,
        "Net Income From Continuing Operation Net Minority Interest": NaN,
        "Reconciled Depreciation": NaN,
        "Reconciled Cost Of Revenue": NaN,
        "EBITDA": NaN,
        "EBIT": NaN,
        "Net Interest Income": NaN,
        "Interest Expense": NaN,
        "Normalized Income": NaN,
        "Net Income From Continuing And Discontinued Operation": NaN,
        "Total Expenses": NaN,
        "Total Operating Income As Reported": NaN,
        "Diluted Average Shares": NaN,
        "Basic Average Shares": NaN,
        "Diluted EPS": NaN,
        "Basic EPS": NaN,
        "Diluted NI Availto Com Stockholders": NaN,
        "Net Income Common Stockholders": NaN,
        "Net Income": NaN,
        "Net Income Including Noncontrolling Interests": NaN,
        "Net Income Continuous Operations": NaN,
        "Tax Provision": NaN,
        "Pretax Income": NaN,
        "Other Income Expense": NaN,
        "Other Non Operating Income Expenses": NaN,
        "Special Income Charges": NaN,
        "Gain On Sale Of Business": NaN,
        "Write Off": 0.0,
        "Net Non Operating Interest Income Expense": NaN,
        "Interest Expense Non Operating": NaN,
        "Operating Income": NaN,
        "Operating Expense": NaN,
        "Research And Development": NaN,
        "Selling General And Administration": NaN,
        "Selling And Marketing Expense": NaN,
        "General And Administrative Expense": NaN,
        "Other Gand A": NaN,
        "Gross Profit": NaN,
        "Cost Of Revenue": NaN,
        "Total Revenue": NaN,
        "Operating Revenue": NaN
    },
    "2022-06-30": {
        "Tax Effect Of Unusual Items": 0.0,
        "Tax Rate For Calcs": 0.237,
        "Normalized EBITDA": 128942000.0,
        "Total Unusual Items": 0.0,
        "Total Unusual Items Excluding Goodwill": 0.0,
        "Net Income From Continuing Operation Net Minority Interest": 70872000.0,
        "Reconciled Depreciation": 26282000.0,
        "Reconciled Cost Of Revenue": 380843000.0,
        "EBITDA": 128942000.0,
        "EBIT": 102660000.0,
        "Net Interest Income": -9788000.0,
        "Interest Expense": 9788000.0,
        "Normalized Income": 70872000.0,
        "Net Income From Continuing And Discontinued Operation": 70872000.0,
        "Total Expenses": 511252000.0,
        "Total Operating Income As Reported": 98105000.0,
        "Diluted Average Shares": 38654000.0,
        "Basic Average Shares": 38429000.0,
        "Diluted EPS": 1.83,
        "Basic EPS": 1.84,
        "Diluted NI Availto Com Stockholders": 70872000.0,
        "Net Income Common Stockholders": 70872000.0,
        "Net Income": 70872000.0,
        "Net Income Including Noncontrolling Interests": 70872000.0,
        "Net Income Continuous Operations": 70872000.0,
        "Tax Provision": 22000000.0,
        "Pretax Income": 92872000.0,
        "Other Income Expense": 4555000.0,
        "Other Non Operating Income Expenses": 4555000.0,
        "Special Income Charges": 0.0,
        "Gain On Sale Of Business": 0.0,
        "Write Off": NaN,
        "Net Non Operating Interest Income Expense": -9788000.0,
        "Interest Expense Non Operating": 9788000.0,
        "Operating Income": 98105000.0,
        "Operating Expense": 130409000.0,
        "Research And Development": 23868000.0,
        "Selling General And Administration": 106541000.0,
        "Selling And Marketing Expense": 30407000.0,
        "General And Administrative Expense": 76134000.0,
        "Other Gand A": 76134000.0,
        "Gross Profit": 228514000.0,
        "Cost Of Revenue": 380843000.0,
        "Total Revenue": 609357000.0,
        "Operating Revenue": 609357000.0
    },
    "2023-06-30": {
        "Tax Effect Of Unusual Items": NaN,
        "Tax Rate For Calcs": NaN,
        "Normalized EBITDA": NaN,
        "Total Unusual Items": NaN,
        "Total Unusual Items Excluding Goodwill": NaN,
        "Net Income From Continuing Operation Net Minority Interest": NaN,
        "Reconciled Depreciation": NaN,
        "Reconciled Cost Of Revenue": NaN,
        "EBITDA": NaN,
        "EBIT": NaN,
        "Net Interest Income": NaN,
        "Interest Expense": NaN,
        "Normalized Income": NaN,
        "Net Income From Continuing And Discontinued Operation": NaN,
        "Total Expenses": NaN,
        "Total Operating Income As Reported": NaN,
        "Diluted Average Shares": NaN,
        "Basic Average Shares": NaN,
        "Diluted EPS": NaN,
        "Basic EPS": NaN,
        "Diluted NI Availto Com Stockholders": NaN,
        "Net Income Common Stockholders": NaN,
        "Net Income": NaN,
        "Net Income Including Noncontrolling Interests": NaN,
        "Net Income Continuous Operations": NaN,
        "Tax Provision": NaN,
        "Pretax Income": NaN,
        "Other Income Expense": NaN,
        "Other Non Operating Income Expenses": NaN,
        "Special Income Charges": NaN,
        "Gain On Sale Of Business": 0.0,
        "Restructuring And Mergern Acquisition": 0.0,
        "Net Non Operating Interest Income Expense": NaN,
        "Interest Expense Non Operating": NaN,
        "Operating Income": NaN,
        "Operating Expense": NaN,
        "Research And Development": NaN,
        "Selling General And Administration": NaN,
        "Selling And Marketing Expense": NaN,
        "General And Administrative Expense": NaN,
        "Other Gand A": NaN,
        "Gross Profit": NaN,
        "Cost Of Revenue": NaN,
        "Total Revenue": NaN,
        "Operating Revenue": NaN
    },
    "2023-09-30": {
        "Tax Effect Of Unusual Items": NaN,
        "Tax Rate For Calcs": NaN,
        "Normalized EBITDA": NaN,
        "Total Unusual Items": NaN,
        "Total Unusual Items Excluding Goodwill": NaN,
        "Net Income From Continuing Operation Net Minority Interest": NaN,
        "Reconciled Depreciation": NaN,
        "Reconciled Cost Of Revenue": NaN,
        "EBITDA": NaN,
        "EBIT": NaN,
        "Net Interest Income": NaN,
        "Interest Expense": NaN,
        "Normalized Income": NaN,
        "Net Income From Continuing And Discontinued Operation": NaN,
        "Total Expenses": NaN,
        "Total Operating Income As Reported": NaN,
        "Diluted Average Shares": NaN,
        "Basic Average Shares": NaN,
        "Diluted EPS": NaN,
        "Basic EPS": NaN,
        "Diluted NI Availto Com Stockholders": NaN,
        "Net Income Common Stockholders": NaN,
        "Net Income": NaN,
        "Net Income Including Noncontrolling Interests": NaN,
        "Net Income Continuous Operations": NaN,
        "Tax Provision": NaN,
        "Pretax Income": NaN,
        "Other Income Expense": NaN,
        "Other Non Operating Income Expenses": NaN,
        "Special Income Charges": NaN,
        "Gain On Sale Of Business": 0.0,
        "Restructuring And Mergern Acquisition": NaN,
        "Net Non Operating Interest Income Expense": NaN,
        "Interest Expense Non Operating": NaN,
        "Operating Income": NaN,
        "Operating Expense": NaN,
        "Research And Development": NaN,
        "Selling General And Administration": NaN,
        "Selling And Marketing Expense": NaN,
        "General And Administrative Expense": NaN,
        "Other Gand A": NaN,
        "Gross Profit": NaN,
        "Cost Of Revenue": NaN,
        "Total Revenue": NaN,
        "Operating Revenue": NaN
    },
    "2023-12-31": {
        "Tax Effect Of Unusual Items": NaN,
        "Tax Rate For Calcs": NaN,
        "Normalized EBITDA": NaN,
        "Total Unusual Items": NaN,
        "Total Unusual Items Excluding Goodwill": NaN,
        "Net Income From Continuing Operation Net Minority Interest": NaN,
        "Reconciled Depreciation": NaN,
        "Reconciled Cost Of Revenue": NaN,
        "EBITDA": NaN,
        "EBIT": NaN,
        "Net Interest Income": NaN,
        "Interest Expense": NaN,
        "Normalized Income": NaN,
        "Net Income From Continuing And Discontinued Operation": NaN,
        "Total Expenses": NaN,
        "Total Operating Income As Reported": NaN,
        "Diluted Average Shares": NaN,
        "Basic Average Shares": NaN,
        "Diluted EPS": NaN,
        "Basic EPS": NaN,
        "Diluted NI Availto Com Stockholders": NaN,
        "Net Income Common Stockholders": NaN,
        "Net Income": NaN,
        "Net Income Including Noncontrolling Interests": NaN,
        "Net Income Continuous Operations": NaN,
        "Tax Provision": NaN,
        "Pretax Income": NaN,
        "Other Income Expense": NaN,
        "Other Non Operating Income Expenses": NaN,
        "Special Income Charges": NaN,
        "Gain On Sale Of Business": 0.0,
        "Restructuring And Mergern Acquisition": NaN,
        "Net Non Operating Interest Income Expense": NaN,
        "Interest Expense Non Operating": NaN,
        "Operating Income": NaN,
        "Operating Expense": NaN,
        "Research And Development": NaN,
        "Selling General And Administration": NaN,
        "Selling And Marketing Expense": NaN,
        "General And Administrative Expense": NaN,
        "Other Gand A": NaN,
        "Gross Profit": NaN,
        "Cost Of Revenue": NaN,
        "Total Revenue": NaN,
        "Operating Revenue": NaN
    },
    "2024-03-31": {
        "Tax Effect Of Unusual Items": 0.0,
        "Tax Rate For Calcs": 0.227,
        "Normalized EBITDA": 136552000.0,
        "Total Unusual Items": 0.0,
        "Total Unusual Items Excluding Goodwill": 0.0,
        "Net Income From Continuing Operation Net Minority Interest": 76495000.0,
        "Reconciled Depreciation": 26983000.0,
        "Reconciled Cost Of Revenue": 459412000.0,
        "EBITDA": 136552000.0,
        "EBIT": 109569000.0,
        "Net Interest Income": -10570000.0,
        "Interest Expense": 10570000.0,
        "Normalized Income": 76495000.0,
        "Net Income From Continuing And Discontinued Operation": 76495000.0,
        "Total Expenses": 613206000.0,
        "Total Operating Income As Reported": 99961000.0,
        "Diluted Average Shares": 38431000.0,
        "Basic Average Shares": 38254000.0,
        "Diluted EPS": 1.99,
        "Basic EPS": 2.0,
        "Diluted NI Availto Com Stockholders": 76495000.0,
        "Net Income Common Stockholders": 76495000.0,
        "Net Income": 76495000.0,
        "Net Income Including Noncontrolling Interests": 76495000.0,
        "Net Income Continuous Operations": 76495000.0,
        "Tax Provision": 22504000.0,
        "Pretax Income": 98999000.0,
        "Other Income Expense": 9608000.0,
        "Other Non Operating Income Expenses": 9608000.0,
        "Special Income Charges": 0.0,
        "Gain On Sale Of Business": NaN,
        "Restructuring And Mergern Acquisition": 0.0,
        "Net Non Operating Interest Income Expense": -10570000.0,
        "Interest Expense Non Operating": 10570000.0,
        "Operating Income": 99961000.0,
        "Operating Expense": 153794000.0,
        "Research And Development": 22980000.0,
        "Selling General And Administration": 130814000.0,
        "Selling And Marketing Expense": 36765000.0,
        "General And Administrative Expense": 94049000.0,
        "Other Gand A": 94049000.0,
        "Gross Profit": 253755000.0,
        "Cost Of Revenue": 459412000.0,
        "Total Revenue": 713167000.0,
        "Operating Revenue": 713167000.0
    },
    "2024-06-30": {
        "Tax Effect Of Unusual Items": -618616.0,
        "Tax Rate For Calcs": 0.212,
        "Normalized EBITDA": 167543000.0,
        "Total Unusual Items": -2918000.0,
        "Total Unusual Items Excluding Goodwill": -2918000.0,
        "Net Income From Continuing Operation Net Minority Interest": 99471000.0,
        "Reconciled Depreciation": 27168000.0,
        "Reconciled Cost Of Revenue": 500690000.0,
        "EBITDA": 164625000.0,
        "EBIT": 137457000.0,
        "Net Interest Income": -11216000.0,
        "Interest Expense": 11216000.0,
        "Normalized Income": 101770384.0,
        "Net Income From Continuing And Discontinued Operation": 99471000.0,
        "Total Expenses": 652976000.0,
        "Total Operating Income As Reported": 128897000.0,
        "Diluted Average Shares": 38501000.0,
        "Basic Average Shares": 38302000.0,
        "Diluted EPS": 2.58,
        "Basic EPS": 2.6,
        "Diluted NI Availto Com Stockholders": 99471000.0,
        "Net Income Common Stockholders": 99471000.0,
        "Net Income": 99471000.0,
        "Net Income Including Noncontrolling Interests": 99471000.0,
        "Net Income Continuous Operations": 99471000.0,
        "Tax Provision": 26770000.0,
        "Pretax Income": 126241000.0,
        "Other Income Expense": 5642000.0,
        "Other Non Operating Income Expenses": 8560000.0,
        "Special Income Charges": -2918000.0,
        "Gain On Sale Of Business": NaN,
        "Restructuring And Mergern Acquisition": 2918000.0,
        "Net Non Operating Interest Income Expense": -11216000.0,
        "Interest Expense Non Operating": 11216000.0,
        "Operating Income": 131815000.0,
        "Operating Expense": 152286000.0,
        "Research And Development": 22152000.0,
        "Selling General And Administration": 130134000.0,
        "Selling And Marketing Expense": 35126000.0,
        "General And Administrative Expense": 95008000.0,
        "Other Gand A": 95008000.0,
        "Gross Profit": 284101000.0,
        "Cost Of Revenue": 500690000.0,
        "Total Revenue": 784791000.0,
        "Operating Revenue": 784791000.0
    },
    "2024-09-30": {
        "Tax Effect Of Unusual Items": -741280.0,
        "Tax Rate For Calcs": 0.226,
        "Normalized EBITDA": 185002000.0,
        "Total Unusual Items": -3280000.0,
        "Total Unusual Items Excluding Goodwill": -3280000.0,
        "Net Income From Continuing Operation Net Minority Interest": 111160000.0,
        "Reconciled Depreciation": 26693000.0,
        "Reconciled Cost Of Revenue": 500655000.0,
        "EBITDA": 181722000.0,
        "EBIT": 155029000.0,
        "Net Interest Income": -11408000.0,
        "Interest Expense": 11408000.0,
        "Normalized Income": 113698720.0,
        "Net Income From Continuing And Discontinued Operation": 111160000.0,
        "Total Expenses": 650735000.0,
        "Total Operating Income As Reported": 144903000.0,
        "Diluted Average Shares": 38451000.0,
        "Basic Average Shares": 38208000.0,
        "Diluted EPS": 2.89,
        "Basic EPS": 2.91,
        "Diluted NI Availto Com Stockholders": 111160000.0,
        "Net Income Common Stockholders": 111160000.0,
        "Net Income": 111160000.0,
        "Net Income Including Noncontrolling Interests": 111160000.0,
        "Net Income Continuous Operations": 111160000.0,
        "Tax Provision": 32461000.0,
        "Pretax Income": 143621000.0,
        "Other Income Expense": 6846000.0,
        "Other Non Operating Income Expenses": 10126000.0,
        "Special Income Charges": -3280000.0,
        "Gain On Sale Of Business": NaN,
        "Restructuring And Mergern Acquisition": 3280000.0,
        "Net Non Operating Interest Income Expense": -11408000.0,
        "Interest Expense Non Operating": 11408000.0,
        "Operating Income": 148183000.0,
        "Operating Expense": 150080000.0,
        "Research And Development": 20734000.0,
        "Selling General And Administration": 129346000.0,
        "Selling And Marketing Expense": 37311000.0,
        "General And Administrative Expense": 92035000.0,
        "Other Gand A": 92035000.0,
        "Gross Profit": 298263000.0,
        "Cost Of Revenue": 500655000.0,
        "Total Revenue": 798918000.0,
        "Operating Revenue": 798918000.0
    },
    "2024-12-31": {
        "Tax Effect Of Unusual Items": -1903324.194654,
        "Tax Rate For Calcs": 0.230706,
        "Normalized EBITDA": 199943000.0,
        "Total Unusual Items": -8250000.0,
        "Total Unusual Items Excluding Goodwill": -8250000.0,
        "Net Income From Continuing Operation Net Minority Interest": 117852000.0,
        "Reconciled Depreciation": 26823000.0,
        "Reconciled Cost Of Revenue": 506883000.0,
        "EBITDA": 191693000.0,
        "EBIT": 164870000.0,
        "Net Interest Income": -11675000.0,
        "Interest Expense": 11675000.0,
        "Normalized Income": 124198675.805346,
        "Net Income From Continuing And Discontinued Operation": 117852000.0,
        "Total Expenses": 661227000.0,
        "Total Operating Income As Reported": 154836000.0,
        "Diluted Average Shares": 38137000.0,
        "Basic Average Shares": 37874000.0,
        "Diluted EPS": 3.09,
        "Basic EPS": 3.11,
        "Diluted NI Availto Com Stockholders": 117852000.0,
        "Net Income Common Stockholders": 117852000.0,
        "Net Income": 117852000.0,
        "Net Income Including Noncontrolling Interests": 117852000.0,
        "Net Income Continuous Operations": 117852000.0,
        "Tax Provision": 35343000.0,
        "Pretax Income": 153195000.0,
        "Other Income Expense": 1784000.0,
        "Other Non Operating Income Expenses": 10034000.0,
        "Special Income Charges": -8250000.0,
        "Gain On Sale Of Business": NaN,
        "Restructuring And Mergern Acquisition": 8250000.0,
        "Net Non Operating Interest Income Expense": -11675000.0,
        "Interest Expense Non Operating": 11675000.0,
        "Operating Income": 163086000.0,
        "Operating Expense": 154344000.0,
        "Research And Development": 25781000.0,
        "Selling General And Administration": 128563000.0,
        "Selling And Marketing Expense": 36158000.0,
        "General And Administrative Expense": 92405000.0,
        "Other Gand A": 92405000.0,
        "Gross Profit": 317430000.0,
        "Cost Of Revenue": 506883000.0,
        "Total Revenue": 824313000.0,
        "Operating Revenue": 824313000.0
    },
    "2025-03-31": {
        "Tax Effect Of Unusual Items": -244340.0,
        "Tax Rate For Calcs": 0.19,
        "Normalized EBITDA": 167342000.0,
        "Total Unusual Items": -1286000.0,
        "Total Unusual Items Excluding Goodwill": -1286000.0,
        "Net Income From Continuing Operation Net Minority Interest": 101337000.0,
        "Reconciled Depreciation": 30821000.0,
        "Reconciled Cost Of Revenue": 513181000.0,
        "EBITDA": 166056000.0,
        "EBIT": 135235000.0,
        "Net Interest Income": -10143000.0,
        "Interest Expense": 10143000.0,
        "Normalized Income": 102378660.0,
        "Net Income From Continuing And Discontinued Operation": 101337000.0,
        "Total Expenses": 675154000.0,
        "Total Operating Income As Reported": 129205000.0,
        "Diluted Average Shares": 37851000.0,
        "Basic Average Shares": 37683000.0,
        "Diluted EPS": 2.68,
        "Basic EPS": 2.69,
        "Diluted NI Availto Com Stockholders": 101337000.0,
        "Net Income Common Stockholders": 101337000.0,
        "Net Income": 101337000.0,
        "Net Income Including Noncontrolling Interests": 101337000.0,
        "Net Income Continuous Operations": 101337000.0,
        "Tax Provision": 23755000.0,
        "Pretax Income": 125092000.0,
        "Other Income Expense": 4744000.0,
        "Other Non Operating Income Expenses": 6030000.0,
        "Special Income Charges": -1286000.0,
        "Gain On Sale Of Business": NaN,
        "Restructuring And Mergern Acquisition": 1286000.0,
        "Net Non Operating Interest Income Expense": -10143000.0,
        "Interest Expense Non Operating": 10143000.0,
        "Operating Income": 130491000.0,
        "Operating Expense": 161973000.0,
        "Research And Development": 23019000.0,
        "Selling General And Administration": 138954000.0,
        "Selling And Marketing Expense": 39925000.0,
        "General And Administrative Expense": 99029000.0,
        "Other Gand A": 99029000.0,
        "Gross Profit": 292464000.0,
        "Cost Of Revenue": 513181000.0,
        "Total Revenue": 805645000.0,
        "Operating Revenue": 805645000.0
    },
    "2025-06-30": {
        "Tax Effect Of Unusual Items": -161196.0,
        "Tax Rate For Calcs": 0.228,
        "Normalized EBITDA": 199303000.0,
        "Total Unusual Items": -707000.0,
        "Total Unusual Items Excluding Goodwill": -707000.0,
        "Net Income From Continuing Operation Net Minority Interest": 121061000.0,
        "Reconciled Depreciation": 31307000.0,
        "Reconciled Cost Of Revenue": 550419000.0,
        "EBITDA": 198596000.0,
        "EBIT": 167289000.0,
        "Net Interest Income": -10524000.0,
        "Interest Expense": 10524000.0,
        "Normalized Income": 121606804.0,
        "Net Income From Continuing And Discontinued Operation": 121061000.0,
        "Total Expenses": 719562000.0,
        "Total Operating Income As Reported": 156307000.0,
        "Diluted Average Shares": 37903000.0,
        "Basic Average Shares": 37692000.0,
        "Diluted EPS": 3.19,
        "Basic EPS": 3.21,
        "Diluted NI Availto Com Stockholders": 121061000.0,
        "Net Income Common Stockholders": 121061000.0,
        "Net Income": 121061000.0,
        "Net Income Including Noncontrolling Interests": 121061000.0,
        "Net Income Continuous Operations": 121061000.0,
        "Tax Provision": 35704000.0,
        "Pretax Income": 156765000.0,
        "Other Income Expense": 10275000.0,
        "Other Non Operating Income Expenses": 10982000.0,
        "Special Income Charges": -707000.0,
        "Gain On Sale Of Business": NaN,
        "Restructuring And Mergern Acquisition": 707000.0,
        "Net Non Operating Interest Income Expense": -10524000.0,
        "Interest Expense Non Operating": 10524000.0,
        "Operating Income": 157014000.0,
        "Operating Expense": 169143000.0,
        "Research And Development": 23308000.0,
        "Selling General And Administration": 145835000.0,
        "Selling And Marketing Expense": 41764000.0,
        "General And Administrative Expense": 104071000.0,
        "Other Gand A": 104071000.0,
        "Gross Profit": 326157000.0,
        "Cost Of Revenue": 550419000.0,
        "Total Revenue": 876576000.0,
        "Operating Revenue": 876576000.0
    }
}