{
    "2023-03-31": {
        "Tax Effect Of Unusual Items": 0.0,
        "Tax Rate For Calcs": 0.0,
        "Normalized EBITDA": -2102370.0,
        "Net Income From Continuing Operation Net Minority Interest": -2165851.0,
        "Reconciled Depreciation": 63481.0,
        "EBITDA": -2102370.0,
        "EBIT": -2165851.0,
        "Net Interest Income": 134161.0,
        "Interest Expense": 0.0,
        "Interest Income": 134161.0,
        "Normalized Income": -2165851.0,
        "Net Income From Continuing And Discontinued Operation": -2165851.0,
        "Total Expenses": 2300012.0,
        "Total Operating Income As Reported": -2300012.0,
        "Diluted Average Shares": 2906926.0,
        "Basic Average Shares": 2906926.0,
        "Diluted EPS": -0.75,
        "Basic EPS": -0.75,
        "Diluted NI Availto Com Stockholders": -2165851.0,
        "Net Income Common Stockholders": -2165851.0,
        "Net Income": -2165851.0,
        "Net Income Including Noncontrolling Interests": -2165851.0,
        "Net Income Continuous Operations": -2165851.0,
        "Pretax Income": -2165851.0,
        "Net Non Operating Interest Income Expense": 134161.0,
        "Interest Expense Non Operating": 0.0,
        "Interest Income Non Operating": 134161.0,
        "Operating Income": -2300012.0,
        "Operating Expense": 2300012.0,
        "Research And Development": 1020739.0,
        "Selling General And Administration": 1279273.0,
        "General And Administrative Expense": 1279273.0,
        "Other Gand A": 1279273.0,
        "Total Revenue": 0.0,
        "Operating Revenue": 0.0
    },
    "2022-12-31": {
        "Tax Effect Of Unusual Items": 0.0,
        "Tax Rate For Calcs": 0.0,
        "Normalized EBITDA": -3784071.0,
        "Net Income From Continuing Operation Net Minority Interest": -3796559.0,
        "Reconciled Depreciation": 12488.0,
        "EBITDA": -3784071.0,
        "EBIT": -3796559.0,
        "Net Interest Income": 126017.0,
        "Interest Expense": 0.0,
        "Interest Income": 126017.0,
        "Normalized Income": -3796559.0,
        "Net Income From Continuing And Discontinued Operation": -3796559.0,
        "Total Expenses": 3922576.0,
        "Total Operating Income As Reported": -3922576.0,
        "Diluted Average Shares": 2928639.0,
        "Basic Average Shares": 2928639.0,
        "Diluted EPS": -1.3,
        "Basic EPS": -1.3,
        "Diluted NI Availto Com Stockholders": -3796559.0,
        "Net Income Common Stockholders": -3796559.0,
        "Net Income": -3796559.0,
        "Net Income Including Noncontrolling Interests": -3796559.0,
        "Net Income Continuous Operations": -3796559.0,
        "Pretax Income": -3796559.0,
        "Net Non Operating Interest Income Expense": 126017.0,
        "Interest Expense Non Operating": 0.0,
        "Interest Income Non Operating": 126017.0,
        "Operating Income": -3922576.0,
        "Operating Expense": 3922576.0,
        "Research And Development": 2205399.0,
        "Selling General And Administration": 1717177.0,
        "General And Administrative Expense": 1717177.0,
        "Other Gand A": 1717177.0,
        "Total Revenue": 0.0,
        "Operating Revenue": 0.0
    },
    "2022-09-30": {
        "Tax Effect Of Unusual Items": 0.0,
        "Tax Rate For Calcs": 0.0,
        "Normalized EBITDA": -2370193.0,
        "Net Income From Continuing Operation Net Minority Interest": -2391908.0,
        "Reconciled Depreciation": 21715.0,
        "EBITDA": -2370193.0,
        "EBIT": -2391908.0,
        "Net Interest Income": 78902.0,
        "Interest Expense": 0.0,
        "Interest Income": 78902.0,
        "Normalized Income": -2391908.0,
        "Net Income From Continuing And Discontinued Operation": -2391908.0,
        "Total Expenses": 2470810.0,
        "Total Operating Income As Reported": -2470810.0,
        "Diluted Average Shares": 2903403.0,
        "Basic Average Shares": 2903403.0,
        "Diluted EPS": -0.82,
        "Basic EPS": -0.82,
        "Diluted NI Availto Com Stockholders": -2391908.0,
        "Net Income Common Stockholders": -2391908.0,
        "Net Income": -2391908.0,
        "Net Income Including Noncontrolling Interests": -2391908.0,
        "Net Income Continuous Operations": -2391908.0,
        "Pretax Income": -2391908.0,
        "Net Non Operating Interest Income Expense": 78902.0,
        "Interest Expense Non Operating": 0.0,
        "Interest Income Non Operating": 78902.0,
        "Operating Income": -2470810.0,
        "Operating Expense": 2470810.0,
        "Research And Development": 1037111.0,
        "Selling General And Administration": 1433699.0,
        "General And Administrative Expense": 1433699.0,
        "Other Gand A": 1433699.0,
        "Total Revenue": 0.0,
        "Operating Revenue": 0.0
    },
    "2022-06-30": {
        "Tax Effect Of Unusual Items": 0.0,
        "Tax Rate For Calcs": 0.0,
        "Normalized EBITDA": -2692725.0,
        "Net Income From Continuing Operation Net Minority Interest": -2724968.0,
        "Reconciled Depreciation": 32243.0,
        "EBITDA": -2692725.0,
        "EBIT": -2724968.0,
        "Net Interest Income": 18717.0,
        "Interest Expense": 0.0,
        "Interest Income": 18717.0,
        "Normalized Income": -2724968.0,
        "Net Income From Continuing And Discontinued Operation": -2724968.0,
        "Total Expenses": 2743685.0,
        "Total Operating Income As Reported": -2743685.0,
        "Diluted Average Shares": 2899390.0,
        "Basic Average Shares": 2899390.0,
        "Diluted EPS": -0.94,
        "Basic EPS": -0.94,
        "Diluted NI Availto Com Stockholders": -2724968.0,
        "Net Income Common Stockholders": -2724968.0,
        "Net Income": -2724968.0,
        "Net Income Including Noncontrolling Interests": -2724968.0,
        "Net Income Continuous Operations": -2724968.0,
        "Pretax Income": -2724968.0,
        "Net Non Operating Interest Income Expense": 18717.0,
        "Interest Expense Non Operating": 0.0,
        "Interest Income Non Operating": 18717.0,
        "Operating Income": -2743685.0,
        "Operating Expense": 2743685.0,
        "Research And Development": 1186900.0,
        "Selling General And Administration": 1556785.0,
        "General And Administrative Expense": 1556785.0,
        "Other Gand A": 1556785.0,
        "Total Revenue": 0.0,
        "Operating Revenue": 0.0
    },
    "2022-03-31": {
        "Diluted EPS": -1.13,
        "Total Revenue": NaN,
        "Gross Profit": NaN,
        "Operating Income": -3,
        "EBIT": -3,
        "Net Income": -3
    },
    "2021-12-31": {
        "Diluted EPS": -0.86,
        "Total Revenue": NaN,
        "Gross Profit": NaN,
        "Operating Income": -3,
        "EBIT": -3,
        "Net Income": -3
    },
    "2021-09-30": {
        "Diluted EPS": -1.61,
        "Total Revenue": NaN,
        "Gross Profit": NaN,
        "Operating Income": -3,
        "EBIT": -3,
        "Net Income": -3
    },
    "2021-06-30": {
        "Diluted EPS": -2.4,
        "Total Revenue": NaN,
        "Gross Profit": NaN,
        "Operating Income": -5,
        "EBIT": -5,
        "Net Income": -5
    },
    "2021-03-31": {
        "Diluted EPS": -2.1,
        "Total Revenue": NaN,
        "Gross Profit": NaN,
        "Operating Income": -4,
        "EBIT": -4,
        "Net Income": -4
    },
    "2020-12-31": {
        "Diluted EPS": -2.4,
        "Total Revenue": NaN,
        "Gross Profit": NaN,
        "Operating Income": -4,
        "EBIT": -4,
        "Net Income": -5
    },
    "2020-09-30": {
        "Diluted EPS": -1.8,
        "Total Revenue": NaN,
        "Gross Profit": NaN,
        "Operating Income": -3,
        "EBIT": -3,
        "Net Income": -3
    },
    "2020-06-30": {
        "Diluted EPS": -2.7,
        "Total Revenue": NaN,
        "Gross Profit": NaN,
        "Operating Income": -3,
        "EBIT": -3,
        "Net Income": -4
    },
    "2020-03-31": {
        "Diluted EPS": -3.0,
        "Total Revenue": NaN,
        "Gross Profit": NaN,
        "Operating Income": -3,
        "EBIT": -3,
        "Net Income": -4
    },
    "2019-12-31": {
        "Diluted EPS": -2.4,
        "Total Revenue": NaN,
        "Gross Profit": NaN,
        "Operating Income": -4,
        "EBIT": -3,
        "Net Income": -4
    },
    "2019-09-30": {
        "Diluted EPS": -2.4,
        "Total Revenue": NaN,
        "Gross Profit": NaN,
        "Operating Income": -3,
        "EBIT": -3,
        "Net Income": -3
    },
    "2019-06-30": {
        "Diluted EPS": -2.1,
        "Total Revenue": NaN,
        "Gross Profit": NaN,
        "Operating Income": -3,
        "EBIT": -3,
        "Net Income": -3
    },
    "2019-03-31": {
        "Diluted EPS": -2.1,
        "Total Revenue": NaN,
        "Gross Profit": NaN,
        "Operating Income": -3,
        "EBIT": -3,
        "Net Income": -3
    },
    "2018-12-31": {
        "Diluted EPS": -3.0,
        "Total Revenue": NaN,
        "Gross Profit": NaN,
        "Operating Income": -4,
        "EBIT": -4,
        "Net Income": -4
    },
    "2018-09-30": {
        "Diluted EPS": -3.3,
        "Total Revenue": NaN,
        "Gross Profit": NaN,
        "Operating Income": -4,
        "EBIT": -4,
        "Net Income": -5
    },
    "2018-06-30": {
        "Diluted EPS": -2.4,
        "Total Revenue": NaN,
        "Gross Profit": NaN,
        "Operating Income": -3,
        "EBIT": -3,
        "Net Income": -3
    },
    "2018-03-31": {
        "Diluted EPS": -2.7,
        "Total Revenue": NaN,
        "Gross Profit": NaN,
        "Operating Income": -4,
        "EBIT": -4,
        "Net Income": -4
    },
    "2017-12-31": {
        "Diluted EPS": -2.4,
        "Total Revenue": NaN,
        "Gross Profit": NaN,
        "Operating Income": -3,
        "EBIT": -3,
        "Net Income": -3
    },
    "2017-09-30": {
        "Diluted EPS": -2.1,
        "Total Revenue": NaN,
        "Gross Profit": NaN,
        "Operating Income": -3,
        "EBIT": -3,
        "Net Income": -3
    },
    "2017-06-30": {
        "Diluted EPS": -1.5,
        "Total Revenue": NaN,
        "Gross Profit": NaN,
        "Operating Income": -2,
        "EBIT": -2,
        "Net Income": -2
    },
    "2017-03-31": {
        "Diluted EPS": -1.8,
        "Total Revenue": NaN,
        "Gross Profit": NaN,
        "Operating Income": -2,
        "EBIT": -2,
        "Net Income": -2
    },
    "2016-12-31": {
        "Diluted EPS": -1.2,
        "Total Revenue": NaN,
        "Gross Profit": NaN,
        "Operating Income": -2,
        "EBIT": -2,
        "Net Income": -2
    },
    "2016-09-30": {
        "Diluted EPS": -1.5,
        "Total Revenue": NaN,
        "Gross Profit": NaN,
        "Operating Income": -2,
        "EBIT": -2,
        "Net Income": -2
    },
    "2016-06-30": {
        "Diluted EPS": -1.5,
        "Total Revenue": NaN,
        "Gross Profit": NaN,
        "Operating Income": -2,
        "EBIT": -2,
        "Net Income": -2
    },
    "2016-03-31": {
        "Diluted EPS": -1.2,
        "Total Revenue": NaN,
        "Gross Profit": NaN,
        "Operating Income": -1,
        "EBIT": -1,
        "Net Income": -1
    },
    "2015-12-31": {
        "Diluted EPS": 0.0,
        "Total Revenue": NaN,
        "Gross Profit": NaN,
        "Operating Income": -1,
        "EBIT": -1,
        "Net Income": -1
    },
    "2015-09-30": {
        "Diluted EPS": -0.9,
        "Total Revenue": NaN,
        "Gross Profit": NaN,
        "Operating Income": -1,
        "EBIT": -1,
        "Net Income": -1
    },
    "2015-06-30": {
        "Diluted EPS": -0.9,
        "Total Revenue": NaN,
        "Gross Profit": NaN,
        "Operating Income": -1,
        "EBIT": -1,
        "Net Income": -1
    },
    "2015-03-31": {
        "Diluted EPS": -1.8,
        "Total Revenue": NaN,
        "Gross Profit": NaN,
        "Operating Income": -1,
        "EBIT": -1,
        "Net Income": -1
    },
    "2014-12-31": {
        "Diluted EPS": -1.2,
        "Total Revenue": NaN,
        "Gross Profit": NaN,
        "Operating Income": -1,
        "EBIT": -1,
        "Net Income": -1
    },
    "2014-09-30": {
        "Diluted EPS": -0.9,
        "Total Revenue": NaN,
        "Gross Profit": NaN,
        "Operating Income": 0,
        "EBIT": 0,
        "Net Income": 0
    },
    "2014-06-30": {
        "Diluted EPS": -1.5,
        "Total Revenue": NaN,
        "Gross Profit": NaN,
        "Operating Income": -1,
        "EBIT": -1,
        "Net Income": -1
    },
    "2014-03-31": {
        "Diluted EPS": -0.6,
        "Total Revenue": NaN,
        "Gross Profit": NaN,
        "Operating Income": 0,
        "EBIT": 0,
        "Net Income": 0
    },
    "2013-12-31": {
        "Diluted EPS": 0.0,
        "Total Revenue": NaN,
        "Gross Profit": NaN,
        "Operating Income": NaN,
        "EBIT": NaN,
        "Net Income": NaN
    },
    "2023-06-30": {
        "Tax Effect Of Unusual Items": 0.0,
        "Tax Rate For Calcs": 0.0,
        "Normalized EBITDA": -4331438.0,
        "Net Income From Continuing Operation Net Minority Interest": -4332352.0,
        "Reconciled Depreciation": 914.0,
        "EBITDA": -4331438.0,
        "EBIT": -4332352.0,
        "Net Interest Income": 100997.0,
        "Interest Expense": 0.0,
        "Interest Income": 100997.0,
        "Normalized Income": -4332352.0,
        "Net Income From Continuing And Discontinued Operation": -4332352.0,
        "Total Expenses": 4433349.0,
        "Total Operating Income As Reported": -4433349.0,
        "Diluted Average Shares": 2906926.0,
        "Basic Average Shares": 2906926.0,
        "Diluted EPS": -1.49,
        "Basic EPS": -1.49,
        "Diluted NI Availto Com Stockholders": -4332352.0,
        "Net Income Common Stockholders": -4332352.0,
        "Net Income": -4332352.0,
        "Net Income Including Noncontrolling Interests": -4332352.0,
        "Net Income Continuous Operations": -4332352.0,
        "Pretax Income": -4332352.0,
        "Net Non Operating Interest Income Expense": 100997.0,
        "Interest Expense Non Operating": 0.0,
        "Interest Income Non Operating": 100997.0,
        "Operating Income": -4433349.0,
        "Operating Expense": 4433349.0,
        "Research And Development": 178862.0,
        "Selling General And Administration": 4254487.0,
        "General And Administrative Expense": 4254487.0,
        "Other Gand A": 4254487.0,
        "Total Revenue": 0.0,
        "Operating Revenue": 0.0
    }
}