{
    "2023-03-31": {
        "Tax Effect Of Unusual Items": -109074.0,
        "Tax Rate For Calcs": 0.053,
        "Normalized EBITDA": 73794000.0,
        "Total Unusual Items": -2058000.0,
        "Total Unusual Items Excluding Goodwill": -2058000.0,
        "Net Income From Continuing Operation Net Minority Interest": 3169000.0,
        "Reconciled Depreciation": 14637000.0,
        "Reconciled Cost Of Revenue": 1045860000.0,
        "EBITDA": 71736000.0,
        "EBIT": 57099000.0,
        "Net Interest Income": -51923000.0,
        "Interest Expense": 51923000.0,
        "Normalized Income": 5117926.0,
        "Net Income From Continuing And Discontinued Operation": 3169000.0,
        "Total Expenses": 1426223000.0,
        "Total Operating Income As Reported": 58599000.0,
        "Diluted Average Shares": 84717000.0,
        "Basic Average Shares": 44455000.0,
        "Diluted EPS": 0.05,
        "Basic EPS": 0.07,
        "Diluted NI Availto Com Stockholders": 4466000.0,
        "Average Dilution Earnings": 1297000.0,
        "Net Income Common Stockholders": 3169000.0,
        "Net Income": 3169000.0,
        "Minority Interests": -1734000.0,
        "Net Income Including Noncontrolling Interests": 4903000.0,
        "Net Income Continuous Operations": 4903000.0,
        "Tax Provision": 273000.0,
        "Pretax Income": 5176000.0,
        "Other Income Expense": -3558000.0,
        "Other Non Operating Income Expenses": -1500000.0,
        "Special Income Charges": -2058000.0,
        "Gain On Sale Of Ppe": 4987000.0,
        "Other Special Charges": NaN,
        "Impairment Of Capital Assets": 7045000.0,
        "Net Non Operating Interest Income Expense": -51923000.0,
        "Interest Expense Non Operating": 51923000.0,
        "Operating Income": 60657000.0,
        "Operating Expense": 380363000.0,
        "Depreciation Amortization Depletion Income Statement": 14637000.0,
        "Depreciation And Amortization In Income Statement": 14637000.0,
        "Selling General And Administration": 365726000.0,
        "General And Administrative Expense": NaN,
        "Other Gand A": NaN,
        "Salaries And Wages": NaN,
        "Gross Profit": 441020000.0,
        "Cost Of Revenue": 1045860000.0,
        "Total Revenue": 1486880000.0,
        "Operating Revenue": 1486880000.0
    },
    "2022-12-31": {
        "Tax Effect Of Unusual Items": NaN,
        "Tax Rate For Calcs": NaN,
        "Normalized EBITDA": NaN,
        "Total Unusual Items": NaN,
        "Total Unusual Items Excluding Goodwill": NaN,
        "Net Income From Continuing Operation Net Minority Interest": NaN,
        "Reconciled Depreciation": NaN,
        "Reconciled Cost Of Revenue": NaN,
        "EBITDA": NaN,
        "EBIT": NaN,
        "Net Interest Income": NaN,
        "Interest Expense": NaN,
        "Normalized Income": NaN,
        "Net Income From Continuing And Discontinued Operation": NaN,
        "Total Expenses": NaN,
        "Total Operating Income As Reported": NaN,
        "Diluted Average Shares": NaN,
        "Basic Average Shares": NaN,
        "Diluted EPS": NaN,
        "Basic EPS": NaN,
        "Diluted NI Availto Com Stockholders": NaN,
        "Average Dilution Earnings": NaN,
        "Net Income Common Stockholders": NaN,
        "Net Income": NaN,
        "Minority Interests": NaN,
        "Net Income Including Noncontrolling Interests": NaN,
        "Net Income Continuous Operations": NaN,
        "Tax Provision": NaN,
        "Pretax Income": NaN,
        "Other Income Expense": NaN,
        "Other Non Operating Income Expenses": NaN,
        "Special Income Charges": NaN,
        "Gain On Sale Of Ppe": NaN,
        "Other Special Charges": 492000.0,
        "Impairment Of Capital Assets": NaN,
        "Net Non Operating Interest Income Expense": NaN,
        "Interest Expense Non Operating": NaN,
        "Operating Income": NaN,
        "Operating Expense": NaN,
        "Depreciation Amortization Depletion Income Statement": NaN,
        "Depreciation And Amortization In Income Statement": NaN,
        "Selling General And Administration": NaN,
        "General And Administrative Expense": NaN,
        "Other Gand A": NaN,
        "Salaries And Wages": NaN,
        "Gross Profit": NaN,
        "Cost Of Revenue": NaN,
        "Total Revenue": NaN,
        "Operating Revenue": NaN
    },
    "2022-09-30": {
        "Tax Effect Of Unusual Items": -151344.361562,
        "Tax Rate For Calcs": 0.178683,
        "Normalized EBITDA": 156202000.0,
        "Total Unusual Items": -847000.0,
        "Total Unusual Items Excluding Goodwill": -847000.0,
        "Net Income From Continuing Operation Net Minority Interest": 41126000.0,
        "Reconciled Depreciation": 18207000.0,
        "Reconciled Cost Of Revenue": 1280201000.0,
        "EBITDA": 155355000.0,
        "EBIT": 155355000.0,
        "Net Interest Income": -30010000.0,
        "Interest Expense": 30010000.0,
        "Normalized Income": 41821655.638438,
        "Net Income From Continuing And Discontinued Operation": 41126000.0,
        "Total Expenses": 1699303000.0,
        "Total Operating Income As Reported": 155532000.0,
        "Diluted Average Shares": 42505000.0,
        "Basic Average Shares": 41985000.0,
        "Diluted EPS": 0.97,
        "Basic EPS": 0.98,
        "Diluted NI Availto Com Stockholders": 41126000.0,
        "Average Dilution Earnings": 281000.0,
        "Net Income Common Stockholders": 41126000.0,
        "Net Income": 41126000.0,
        "Minority Interests": -61822000.0,
        "Net Income Including Noncontrolling Interests": 102948000.0,
        "Net Income Continuous Operations": 102948000.0,
        "Tax Provision": 22397000.0,
        "Pretax Income": 125345000.0,
        "Other Income Expense": -1024000.0,
        "Other Non Operating Income Expenses": -177000.0,
        "Special Income Charges": -847000.0,
        "Gain On Sale Of Ppe": 40000.0,
        "Other Special Charges": NaN,
        "Impairment Of Capital Assets": 887000.0,
        "Net Non Operating Interest Income Expense": -30010000.0,
        "Interest Expense Non Operating": 30010000.0,
        "Operating Income": 156379000.0,
        "Operating Expense": 419102000.0,
        "Selling General And Administration": 419102000.0,
        "General And Administrative Expense": NaN,
        "Other Gand A": NaN,
        "Salaries And Wages": NaN,
        "Gross Profit": 575481000.0,
        "Cost Of Revenue": 1280201000.0,
        "Total Revenue": 1855682000.0,
        "Operating Revenue": 1855682000.0
    },
    "2022-06-30": {
        "Tax Effect Of Unusual Items": -554152.739191,
        "Tax Rate For Calcs": 0.140541,
        "Normalized EBITDA": 257971000.0,
        "Total Unusual Items": -3943000.0,
        "Total Unusual Items Excluding Goodwill": -3943000.0,
        "Net Income From Continuing Operation Net Minority Interest": 84311000.0,
        "Reconciled Depreciation": 17627000.0,
        "Reconciled Cost Of Revenue": 1469466000.0,
        "EBITDA": 254028000.0,
        "EBIT": 254028000.0,
        "Net Interest Income": -23668000.0,
        "Interest Expense": 23668000.0,
        "Normalized Income": 87699847.260809,
        "Net Income From Continuing And Discontinued Operation": 84311000.0,
        "Total Expenses": 1910589000.0,
        "Total Operating Income As Reported": 254100000.0,
        "Diluted Average Shares": 42139000.0,
        "Basic Average Shares": 41737000.0,
        "Diluted EPS": 2.01,
        "Basic EPS": 2.02,
        "Diluted NI Availto Com Stockholders": 84311000.0,
        "Average Dilution Earnings": 405000.0,
        "Net Income Common Stockholders": 84311000.0,
        "Net Income": 84311000.0,
        "Minority Interests": -113674000.0,
        "Net Income Including Noncontrolling Interests": 197985000.0,
        "Net Income Continuous Operations": 197985000.0,
        "Tax Provision": 32375000.0,
        "Pretax Income": 230360000.0,
        "Other Income Expense": -4015000.0,
        "Other Non Operating Income Expenses": -72000.0,
        "Special Income Charges": -3943000.0,
        "Gain On Sale Of Ppe": -381000.0,
        "Other Special Charges": 944000.0,
        "Impairment Of Capital Assets": 2618000.0,
        "Net Non Operating Interest Income Expense": -23668000.0,
        "Interest Expense Non Operating": 23668000.0,
        "Operating Income": 258043000.0,
        "Operating Expense": 441123000.0,
        "Depreciation Amortization Depletion Income Statement": 17627000.0,
        "Depreciation And Amortization In Income Statement": 17627000.0,
        "Selling General And Administration": 441123000.0,
        "General And Administrative Expense": NaN,
        "Other Gand A": NaN,
        "Salaries And Wages": NaN,
        "Gross Profit": 699166000.0,
        "Cost Of Revenue": 1469466000.0,
        "Total Revenue": 2168632000.0,
        "Operating Revenue": 2168632000.0
    },
    "2023-06-30": {
        "Tax Effect Of Unusual Items": NaN,
        "Tax Rate For Calcs": NaN,
        "Normalized EBITDA": NaN,
        "Total Unusual Items": NaN,
        "Total Unusual Items Excluding Goodwill": NaN,
        "Net Income From Continuing Operation Net Minority Interest": NaN,
        "Reconciled Depreciation": NaN,
        "Reconciled Cost Of Revenue": NaN,
        "EBITDA": NaN,
        "EBIT": NaN,
        "Net Interest Income": NaN,
        "Interest Expense": NaN,
        "Normalized Income": NaN,
        "Net Income From Continuing And Discontinued Operation": NaN,
        "Total Expenses": NaN,
        "Total Operating Income As Reported": NaN,
        "Diluted Average Shares": NaN,
        "Basic Average Shares": NaN,
        "Diluted EPS": NaN,
        "Basic EPS": NaN,
        "Diluted NI Availto Com Stockholders": NaN,
        "Average Dilution Earnings": NaN,
        "Net Income Common Stockholders": NaN,
        "Net Income": NaN,
        "Minority Interests": NaN,
        "Net Income Including Noncontrolling Interests": NaN,
        "Net Income Continuous Operations": NaN,
        "Tax Provision": NaN,
        "Pretax Income": NaN,
        "Other Income Expense": NaN,
        "Other Non Operating Income Expenses": NaN,
        "Special Income Charges": NaN,
        "Gain On Sale Of Ppe": NaN,
        "Other Special Charges": NaN,
        "Impairment Of Capital Assets": NaN,
        "Net Non Operating Interest Income Expense": NaN,
        "Interest Expense Non Operating": NaN,
        "Operating Income": NaN,
        "Operating Expense": NaN,
        "Depreciation Amortization Depletion Income Statement": NaN,
        "Depreciation And Amortization In Income Statement": NaN,
        "Selling General And Administration": NaN,
        "General And Administrative Expense": 420887000.0,
        "Other Gand A": 414617000.0,
        "Salaries And Wages": 6270000.0,
        "Gross Profit": NaN,
        "Cost Of Revenue": NaN,
        "Total Revenue": NaN,
        "Operating Revenue": NaN
    },
    "2022-03-31": {
        "Diluted EPS": 1.02,
        "Total Revenue": NaN,
        "Gross Profit": 560,
        "Operating Income": 149,
        "EBIT": 175,
        "Net Income": 45
    },
    "2021-12-31": {
        "Diluted EPS": 0.62,
        "Total Revenue": NaN,
        "Gross Profit": 485,
        "Operating Income": 83,
        "EBIT": 101,
        "Net Income": 27
    },
    "2021-09-30": {
        "Diluted EPS": 1.72,
        "Total Revenue": NaN,
        "Gross Profit": 691,
        "Operating Income": 243,
        "EBIT": 267,
        "Net Income": 80
    },
    "2021-06-30": {
        "Diluted EPS": 2.33,
        "Total Revenue": NaN,
        "Gross Profit": 760,
        "Operating Income": 305,
        "EBIT": 318,
        "Net Income": 109
    },
    "2021-03-31": {
        "Diluted EPS": 1.4,
        "Total Revenue": NaN,
        "Gross Profit": 520,
        "Operating Income": 169,
        "EBIT": 182,
        "Net Income": 62
    },
    "2020-12-31": {
        "Diluted EPS": 0.33,
        "Total Revenue": NaN,
        "Gross Profit": 378,
        "Operating Income": 66,
        "EBIT": 80,
        "Net Income": 14
    },
    "2020-09-30": {
        "Diluted EPS": 1.44,
        "Total Revenue": NaN,
        "Gross Profit": 533,
        "Operating Income": 193,
        "EBIT": 206,
        "Net Income": 58
    },
    "2020-06-30": {
        "Diluted EPS": 1.54,
        "Total Revenue": NaN,
        "Gross Profit": 489,
        "Operating Income": 203,
        "EBIT": 216,
        "Net Income": 58
    },
    "2020-03-31": {
        "Diluted EPS": -0.22,
        "Total Revenue": NaN,
        "Gross Profit": 303,
        "Operating Income": 13,
        "EBIT": 28,
        "Net Income": -8
    },
    "2019-12-31": {
        "Diluted EPS": -0.74,
        "Total Revenue": 965,
        "Gross Profit": 241,
        "Operating Income": -66,
        "EBIT": -48,
        "Net Income": -29
    },
    "2019-09-30": {
        "Diluted EPS": -0.82,
        "Total Revenue": NaN,
        "Gross Profit": 338,
        "Operating Income": -32,
        "EBIT": -18,
        "Net Income": -31
    },
    "2019-06-30": {
        "Diluted EPS": 0.46,
        "Total Revenue": NaN,
        "Gross Profit": 410,
        "Operating Income": 90,
        "EBIT": 105,
        "Net Income": 18
    },
    "2019-03-31": {
        "Diluted EPS": -0.52,
        "Total Revenue": NaN,
        "Gross Profit": 298,
        "Operating Income": 17,
        "EBIT": 31,
        "Net Income": -19
    },
    "2018-12-31": {
        "Diluted EPS": -0.82,
        "Total Revenue": 982,
        "Gross Profit": 276,
        "Operating Income": -43,
        "EBIT": 12,
        "Net Income": -30
    },
    "2018-09-30": {
        "Diluted EPS": 0.38,
        "Total Revenue": NaN,
        "Gross Profit": 373,
        "Operating Income": 81,
        "EBIT": 94,
        "Net Income": 14
    },
    "2018-06-30": {
        "Diluted EPS": 0.67,
        "Total Revenue": NaN,
        "Gross Profit": 412,
        "Operating Income": 118,
        "EBIT": 130,
        "Net Income": 25
    },
    "2018-03-31": {
        "Diluted EPS": 0.05,
        "Total Revenue": NaN,
        "Gross Profit": 302,
        "Operating Income": 46,
        "EBIT": 55,
        "Net Income": 2
    },
    "2017-12-31": {
        "Diluted EPS": -0.76,
        "Total Revenue": 884,
        "Gross Profit": 261,
        "Operating Income": 39,
        "EBIT": 48,
        "Net Income": -17
    },
    "2017-09-30": {
        "Diluted EPS": 0.66,
        "Total Revenue": NaN,
        "Gross Profit": 355,
        "Operating Income": 111,
        "EBIT": 119,
        "Net Income": 20
    },
    "2017-06-30": {
        "Diluted EPS": 0.84,
        "Total Revenue": NaN,
        "Gross Profit": 373,
        "Operating Income": 137,
        "EBIT": 144,
        "Net Income": 19
    },
    "2017-03-31": {
        "Diluted EPS": 0.38,
        "Total Revenue": 882,
        "Gross Profit": 252,
        "Operating Income": 70,
        "EBIT": 77,
        "Net Income": 8
    },
    "2016-12-31": {
        "Diluted EPS": 0.0,
        "Total Revenue": 666,
        "Gross Profit": 192,
        "Operating Income": 29,
        "EBIT": 36,
        "Net Income": -1
    },
    "2016-09-30": {
        "Diluted EPS": 0.0,
        "Total Revenue": 989,
        "Gross Profit": 280,
        "Operating Income": 88,
        "EBIT": 94,
        "Net Income": 68
    },
    "2016-06-30": {
        "Diluted EPS": 0.0,
        "Total Revenue": NaN,
        "Gross Profit": 300,
        "Operating Income": 104,
        "EBIT": 110,
        "Net Income": 84
    },
    "2016-03-31": {
        "Diluted EPS": 0.0,
        "Total Revenue": 796,
        "Gross Profit": 222,
        "Operating Income": 55,
        "EBIT": 62,
        "Net Income": 37
    },
    "2015-12-31": {
        "Diluted EPS": 0.0,
        "Total Revenue": NaN,
        "Gross Profit": NaN,
        "Operating Income": NaN,
        "EBIT": NaN,
        "Net Income": NaN
    },
    "2015-09-30": {
        "Diluted EPS": 0.8,
        "Total Revenue": 962,
        "Gross Profit": 259,
        "Operating Income": 76,
        "EBIT": 76,
        "Net Income": 58
    },
    "2014-12-31": {
        "Diluted EPS": 0.0,
        "Total Revenue": NaN,
        "Gross Profit": NaN,
        "Operating Income": NaN,
        "EBIT": NaN,
        "Net Income": NaN
    },
    "2023-09-30": {
        "Tax Effect Of Unusual Items": -239754.338771,
        "Tax Rate For Calcs": 0.106416,
        "Normalized EBITDA": 109502000.0,
        "Total Unusual Items": -2253000.0,
        "Total Unusual Items Excluding Goodwill": -2253000.0,
        "Net Income From Continuing Operation Net Minority Interest": 15961000.0,
        "Reconciled Depreciation": 17619000.0,
        "Reconciled Cost Of Revenue": 1206527000.0,
        "EBITDA": 107249000.0,
        "EBIT": 89630000.0,
        "Net Interest Income": -55058000.0,
        "Interest Expense": 55058000.0,
        "Normalized Income": 17974245.661229,
        "Net Income From Continuing And Discontinued Operation": 15961000.0,
        "Total Expenses": 1639434000.0,
        "Total Operating Income As Reported": 87926000.0,
        "Diluted Average Shares": 85180000.0,
        "Basic Average Shares": 44666000.0,
        "Diluted EPS": 0.32,
        "Basic EPS": 0.36,
        "Diluted NI Availto Com Stockholders": 27429000.0,
        "Average Dilution Earnings": 11468000.0,
        "Net Income Common Stockholders": 15961000.0,
        "Net Income": 15961000.0,
        "Minority Interests": -14932000.0,
        "Net Income Including Noncontrolling Interests": 30893000.0,
        "Net Income Continuous Operations": 30893000.0,
        "Tax Provision": 3679000.0,
        "Pretax Income": 34572000.0,
        "Other Income Expense": -549000.0,
        "Other Non Operating Income Expenses": 1704000.0,
        "Special Income Charges": -2253000.0,
        "Gain On Sale Of Ppe": -131000.0,
        "Other Special Charges": 375000.0,
        "Impairment Of Capital Assets": 1747000.0,
        "Net Non Operating Interest Income Expense": -55058000.0,
        "Interest Expense Non Operating": 55058000.0,
        "Operating Income": 90179000.0,
        "Operating Expense": 432907000.0,
        "Depreciation Amortization Depletion Income Statement": 17619000.0,
        "Depreciation And Amortization In Income Statement": 17619000.0,
        "Selling General And Administration": 415288000.0,
        "General And Administrative Expense": NaN,
        "Other Gand A": NaN,
        "Salaries And Wages": NaN,
        "Gross Profit": 523086000.0,
        "Cost Of Revenue": 1206527000.0,
        "Total Revenue": 1729613000.0,
        "Operating Revenue": 1729613000.0
    },
    "2023-12-31": {
        "Tax Effect Of Unusual Items": 190730.779315,
        "Tax Rate For Calcs": 0.272862,
        "Normalized EBITDA": 7006000.0,
        "Total Unusual Items": 699000.0,
        "Total Unusual Items Excluding Goodwill": 699000.0,
        "Net Income From Continuing Operation Net Minority Interest": -16789000.0,
        "Reconciled Depreciation": 19181000.0,
        "Reconciled Cost Of Revenue": 765892000.0,
        "EBITDA": 7705000.0,
        "EBIT": -11476000.0,
        "Net Interest Income": -57174000.0,
        "Interest Expense": 57174000.0,
        "Normalized Income": -17297269.220685,
        "Net Income From Continuing And Discontinued Operation": -16789000.0,
        "Total Expenses": 1122160000.0,
        "Total Operating Income As Reported": -12128000.0,
        "Diluted Average Shares": 84934000.0,
        "Basic Average Shares": 44889000.0,
        "Diluted EPS": -0.49,
        "Basic EPS": -0.37,
        "Diluted NI Availto Com Stockholders": -41434000.0,
        "Average Dilution Earnings": -24645000.0,
        "Net Income Common Stockholders": -16789000.0,
        "Net Income": -16789000.0,
        "Minority Interests": 33129000.0,
        "Net Income Including Noncontrolling Interests": -49918000.0,
        "Net Income Continuous Operations": -49918000.0,
        "Tax Provision": -18732000.0,
        "Pretax Income": -68650000.0,
        "Other Income Expense": 1351000.0,
        "Other Non Operating Income Expenses": 652000.0,
        "Special Income Charges": 699000.0,
        "Gain On Sale Of Ppe": 221000.0,
        "Other Special Charges": -478000.0,
        "Impairment Of Capital Assets": 0.0,
        "Net Non Operating Interest Income Expense": -57174000.0,
        "Interest Expense Non Operating": 57174000.0,
        "Operating Income": -12827000.0,
        "Operating Expense": 356268000.0,
        "Depreciation Amortization Depletion Income Statement": 19181000.0,
        "Depreciation And Amortization In Income Statement": 19181000.0,
        "Selling General And Administration": 337087000.0,
        "General And Administrative Expense": NaN,
        "Other Gand A": NaN,
        "Salaries And Wages": NaN,
        "Gross Profit": 343441000.0,
        "Cost Of Revenue": 765892000.0,
        "Total Revenue": 1109333000.0,
        "Operating Revenue": 1109333000.0
    },
    "2024-03-31": {
        "Tax Effect Of Unusual Items": -1119212.0,
        "Tax Rate For Calcs": 0.151,
        "Normalized EBITDA": 30830000.0,
        "Total Unusual Items": -7412000.0,
        "Total Unusual Items Excluding Goodwill": -7412000.0,
        "Net Income From Continuing Operation Net Minority Interest": -22307000.0,
        "Reconciled Depreciation": 19290000.0,
        "Reconciled Cost Of Revenue": 961620000.0,
        "EBITDA": 23418000.0,
        "EBIT": 4128000.0,
        "Net Interest Income": -63976000.0,
        "Interest Expense": 63976000.0,
        "Normalized Income": -16014212.0,
        "Net Income From Continuing And Discontinued Operation": -22307000.0,
        "Total Expenses": 1352383000.0,
        "Total Operating Income As Reported": 4222000.0,
        "Diluted Average Shares": 85092000.0,
        "Basic Average Shares": 45047000.0,
        "Diluted EPS": -0.51,
        "Basic EPS": -0.5,
        "Diluted NI Availto Com Stockholders": -43582000.0,
        "Average Dilution Earnings": -21275000.0,
        "Net Income Common Stockholders": -22307000.0,
        "Net Income": -22307000.0,
        "Minority Interests": 28499000.0,
        "Net Income Including Noncontrolling Interests": -50806000.0,
        "Net Income Continuous Operations": -50806000.0,
        "Tax Provision": -9042000.0,
        "Pretax Income": -59848000.0,
        "Other Income Expense": -7506000.0,
        "Other Non Operating Income Expenses": -94000.0,
        "Special Income Charges": -7412000.0,
        "Gain On Sale Of Ppe": -1585000.0,
        "Other Special Charges": NaN,
        "Impairment Of Capital Assets": 5827000.0,
        "Net Non Operating Interest Income Expense": -63976000.0,
        "Interest Expense Non Operating": 63976000.0,
        "Operating Income": 11634000.0,
        "Operating Expense": 390763000.0,
        "Depreciation Amortization Depletion Income Statement": 19290000.0,
        "Depreciation And Amortization In Income Statement": 19290000.0,
        "Selling General And Administration": 371473000.0,
        "General And Administrative Expense": NaN,
        "Other Gand A": NaN,
        "Salaries And Wages": NaN,
        "Gross Profit": 402397000.0,
        "Cost Of Revenue": 961620000.0,
        "Total Revenue": 1364017000.0,
        "Operating Revenue": 1364017000.0
    },
    "2024-06-30": {
        "Tax Effect Of Unusual Items": -3181441.672781,
        "Tax Rate For Calcs": 0.253118,
        "Normalized EBITDA": 127902000.0,
        "Total Unusual Items": -12569000.0,
        "Total Unusual Items Excluding Goodwill": -12569000.0,
        "Net Income From Continuing Operation Net Minority Interest": 9771000.0,
        "Reconciled Depreciation": 20032000.0,
        "Reconciled Cost Of Revenue": 1258846000.0,
        "EBITDA": 115333000.0,
        "EBIT": 95301000.0,
        "Net Interest Income": -63952000.0,
        "Interest Expense": 63952000.0,
        "Normalized Income": 19158558.327219,
        "Net Income From Continuing And Discontinued Operation": 9771000.0,
        "Total Expenses": 1698554000.0,
        "Total Operating Income As Reported": 95382000.0,
        "Diluted Average Shares": 45244000.0,
        "Basic Average Shares": 45093000.0,
        "Diluted EPS": 0.22,
        "Basic EPS": 0.22,
        "Diluted NI Availto Com Stockholders": 9790000.0,
        "Average Dilution Earnings": 19000.0,
        "Net Income Common Stockholders": 9771000.0,
        "Net Income": 9771000.0,
        "Minority Interests": -13643000.0,
        "Net Income Including Noncontrolling Interests": 23414000.0,
        "Net Income Continuous Operations": 23414000.0,
        "Tax Provision": 7935000.0,
        "Pretax Income": 31349000.0,
        "Other Income Expense": -12650000.0,
        "Other Non Operating Income Expenses": -81000.0,
        "Special Income Charges": -12569000.0,
        "Gain On Sale Of Ppe": -7945000.0,
        "Other Special Charges": 40000.0,
        "Impairment Of Capital Assets": 4584000.0,
        "Net Non Operating Interest Income Expense": -63952000.0,
        "Interest Expense Non Operating": 63952000.0,
        "Operating Income": 107951000.0,
        "Operating Expense": 439708000.0,
        "Depreciation Amortization Depletion Income Statement": 20032000.0,
        "Depreciation And Amortization In Income Statement": 20032000.0,
        "Selling General And Administration": 419676000.0,
        "General And Administrative Expense": NaN,
        "Other Gand A": NaN,
        "Salaries And Wages": NaN,
        "Gross Profit": 547659000.0,
        "Cost Of Revenue": 1258846000.0,
        "Total Revenue": 1806505000.0,
        "Operating Revenue": 1806505000.0
    },
    "2024-09-30": {
        "Tax Effect Of Unusual Items": 144060.0,
        "Tax Rate For Calcs": 0.21,
        "Normalized EBITDA": 84153000.0,
        "Total Unusual Items": 686000.0,
        "Total Unusual Items Excluding Goodwill": 686000.0,
        "Net Income From Continuing Operation Net Minority Interest": 5501000.0,
        "Reconciled Depreciation": 20583000.0,
        "Reconciled Cost Of Revenue": 1226464000.0,
        "EBITDA": 84839000.0,
        "EBIT": 64256000.0,
        "Net Interest Income": -58249000.0,
        "Interest Expense": 58249000.0,
        "Normalized Income": 4959060.0,
        "Net Income From Continuing And Discontinued Operation": 5501000.0,
        "Total Expenses": 1661256000.0,
        "Total Operating Income As Reported": 64418000.0,
        "Diluted Average Shares": 85618000.0,
        "Basic Average Shares": 45232000.0,
        "Diluted EPS": 0.09,
        "Basic EPS": 0.12,
        "Diluted NI Availto Com Stockholders": 7628000.0,
        "Average Dilution Earnings": 2127000.0,
        "Net Income Common Stockholders": 5501000.0,
        "Net Income": 5501000.0,
        "Minority Interests": -2555000.0,
        "Net Income Including Noncontrolling Interests": 8056000.0,
        "Net Income Continuous Operations": 8056000.0,
        "Tax Provision": -2049000.0,
        "Pretax Income": 6007000.0,
        "Other Income Expense": 524000.0,
        "Other Non Operating Income Expenses": -162000.0,
        "Special Income Charges": 686000.0,
        "Gain On Sale Of Ppe": 5000.0,
        "Other Special Charges": -2625000.0,
        "Impairment Of Capital Assets": 1944000.0,
        "Net Non Operating Interest Income Expense": -58249000.0,
        "Interest Expense Non Operating": 58249000.0,
        "Operating Income": 63732000.0,
        "Operating Expense": 434792000.0,
        "Depreciation Amortization Depletion Income Statement": 20583000.0,
        "Depreciation And Amortization In Income Statement": 20583000.0,
        "Selling General And Administration": 414209000.0,
        "General And Administrative Expense": NaN,
        "Other Gand A": NaN,
        "Salaries And Wages": NaN,
        "Gross Profit": 498524000.0,
        "Cost Of Revenue": 1226464000.0,
        "Total Revenue": 1724988000.0,
        "Operating Revenue": 1724988000.0
    }
}