{
    "2023-03-31": {
        "Tax Effect Of Unusual Items": NaN,
        "Tax Rate For Calcs": NaN,
        "Normalized EBITDA": NaN,
        "Total Unusual Items": NaN,
        "Total Unusual Items Excluding Goodwill": NaN,
        "Net Income From Continuing Operation Net Minority Interest": NaN,
        "Reconciled Depreciation": NaN,
        "Reconciled Cost Of Revenue": NaN,
        "EBITDA": NaN,
        "EBIT": NaN,
        "Net Interest Income": NaN,
        "Interest Expense": NaN,
        "Normalized Income": NaN,
        "Net Income From Continuing And Discontinued Operation": NaN,
        "Total Expenses": NaN,
        "Total Operating Income As Reported": NaN,
        "Diluted Average Shares": 25734049.0,
        "Basic Average Shares": 25734049.0,
        "Diluted EPS": -0.06,
        "Basic EPS": -0.06,
        "Diluted NI Availto Com Stockholders": NaN,
        "Net Income Common Stockholders": NaN,
        "Net Income": NaN,
        "Net Income Including Noncontrolling Interests": NaN,
        "Net Income Continuous Operations": NaN,
        "Tax Provision": NaN,
        "Pretax Income": NaN,
        "Other Income Expense": NaN,
        "Other Non Operating Income Expenses": NaN,
        "Special Income Charges": NaN,
        "Gain On Sale Of Ppe": NaN,
        "Net Non Operating Interest Income Expense": NaN,
        "Interest Expense Non Operating": NaN,
        "Operating Income": NaN,
        "Operating Expense": NaN,
        "Research And Development": NaN,
        "Selling General And Administration": NaN,
        "Selling And Marketing Expense": NaN,
        "General And Administrative Expense": NaN,
        "Other Gand A": NaN,
        "Gross Profit": NaN,
        "Cost Of Revenue": NaN,
        "Total Revenue": NaN,
        "Operating Revenue": NaN
    },
    "2022-12-31": {
        "Tax Effect Of Unusual Items": NaN,
        "Tax Rate For Calcs": NaN,
        "Normalized EBITDA": NaN,
        "Total Unusual Items": NaN,
        "Total Unusual Items Excluding Goodwill": NaN,
        "Net Income From Continuing Operation Net Minority Interest": NaN,
        "Reconciled Depreciation": NaN,
        "Reconciled Cost Of Revenue": NaN,
        "EBITDA": NaN,
        "EBIT": NaN,
        "Net Interest Income": NaN,
        "Interest Expense": NaN,
        "Interest Income": 0.0,
        "Normalized Income": NaN,
        "Net Income From Continuing And Discontinued Operation": NaN,
        "Total Expenses": NaN,
        "Total Operating Income As Reported": NaN,
        "Diluted Average Shares": NaN,
        "Basic Average Shares": NaN,
        "Diluted EPS": NaN,
        "Basic EPS": NaN,
        "Diluted NI Availto Com Stockholders": NaN,
        "Net Income Common Stockholders": NaN,
        "Net Income": NaN,
        "Net Income Including Noncontrolling Interests": NaN,
        "Net Income Continuous Operations": NaN,
        "Tax Provision": NaN,
        "Pretax Income": NaN,
        "Other Income Expense": NaN,
        "Other Non Operating Income Expenses": NaN,
        "Special Income Charges": NaN,
        "Gain On Sale Of Ppe": NaN,
        "Net Non Operating Interest Income Expense": NaN,
        "Interest Expense Non Operating": NaN,
        "Interest Income Non Operating": 0.0,
        "Operating Income": NaN,
        "Operating Expense": NaN,
        "Research And Development": NaN,
        "Selling General And Administration": NaN,
        "Selling And Marketing Expense": NaN,
        "General And Administrative Expense": NaN,
        "Other Gand A": NaN,
        "Gross Profit": NaN,
        "Cost Of Revenue": NaN,
        "Total Revenue": NaN,
        "Operating Revenue": NaN
    },
    "2022-09-30": {
        "Tax Effect Of Unusual Items": NaN,
        "Tax Rate For Calcs": NaN,
        "Normalized EBITDA": NaN,
        "Total Unusual Items": 0.0,
        "Total Unusual Items Excluding Goodwill": 0.0,
        "Net Income From Continuing Operation Net Minority Interest": NaN,
        "Reconciled Depreciation": NaN,
        "Reconciled Cost Of Revenue": NaN,
        "EBITDA": NaN,
        "EBIT": NaN,
        "Net Interest Income": NaN,
        "Interest Expense": NaN,
        "Interest Income": 0.0,
        "Normalized Income": NaN,
        "Net Income From Continuing And Discontinued Operation": NaN,
        "Total Expenses": NaN,
        "Total Operating Income As Reported": NaN,
        "Diluted Average Shares": 22620703.0,
        "Basic Average Shares": 22620703.0,
        "Diluted EPS": -0.03,
        "Basic EPS": -0.03,
        "Diluted NI Availto Com Stockholders": NaN,
        "Net Income Common Stockholders": NaN,
        "Net Income": NaN,
        "Net Income Including Noncontrolling Interests": NaN,
        "Net Income Continuous Operations": NaN,
        "Tax Provision": NaN,
        "Pretax Income": NaN,
        "Other Income Expense": NaN,
        "Other Non Operating Income Expenses": NaN,
        "Special Income Charges": 0.0,
        "Gain On Sale Of Ppe": 0.0,
        "Net Non Operating Interest Income Expense": NaN,
        "Interest Expense Non Operating": NaN,
        "Interest Income Non Operating": 0.0,
        "Operating Income": NaN,
        "Operating Expense": NaN,
        "Research And Development": NaN,
        "Selling General And Administration": NaN,
        "Selling And Marketing Expense": NaN,
        "General And Administrative Expense": NaN,
        "Other Gand A": NaN,
        "Gross Profit": NaN,
        "Cost Of Revenue": NaN,
        "Total Revenue": NaN,
        "Operating Revenue": NaN
    },
    "2022-06-30": {
        "Tax Effect Of Unusual Items": 0.0,
        "Tax Rate For Calcs": 0.084,
        "Normalized EBITDA": -339000.0,
        "Net Income From Continuing Operation Net Minority Interest": -896000.0,
        "Reconciled Depreciation": 620000.0,
        "Reconciled Cost Of Revenue": 2966000.0,
        "EBITDA": -339000.0,
        "EBIT": -959000.0,
        "Net Interest Income": -19000.0,
        "Interest Expense": 19000.0,
        "Interest Income": 0.0,
        "Normalized Income": -896000.0,
        "Net Income From Continuing And Discontinued Operation": -896000.0,
        "Total Expenses": 9698000.0,
        "Total Operating Income As Reported": -852000.0,
        "Diluted Average Shares": 22456420.0,
        "Basic Average Shares": 22456420.0,
        "Diluted EPS": -0.04,
        "Basic EPS": -0.04,
        "Diluted NI Availto Com Stockholders": -896000.0,
        "Net Income Common Stockholders": -896000.0,
        "Net Income": -896000.0,
        "Net Income Including Noncontrolling Interests": -896000.0,
        "Net Income Continuous Operations": -896000.0,
        "Tax Provision": -82000.0,
        "Pretax Income": -978000.0,
        "Other Income Expense": -107000.0,
        "Other Non Operating Income Expenses": -107000.0,
        "Net Non Operating Interest Income Expense": -19000.0,
        "Interest Expense Non Operating": 19000.0,
        "Interest Income Non Operating": 0.0,
        "Operating Income": -852000.0,
        "Operating Expense": 6732000.0,
        "Research And Development": 1204000.0,
        "Selling General And Administration": 5528000.0,
        "Selling And Marketing Expense": 2771000.0,
        "General And Administrative Expense": 2757000.0,
        "Other Gand A": 2757000.0,
        "Gross Profit": 5880000.0,
        "Cost Of Revenue": 2966000.0,
        "Total Revenue": 8846000.0,
        "Operating Revenue": 8846000.0
    },
    "2022-03-31": {
        "Diluted EPS": -0.05,
        "Total Revenue": 8,
        "Gross Profit": 5,
        "Operating Income": -1,
        "EBIT": -1,
        "Net Income": -1
    },
    "2021-12-31": {
        "Diluted EPS": -0.02,
        "Total Revenue": 9,
        "Gross Profit": 5,
        "Operating Income": -1,
        "EBIT": 0,
        "Net Income": -1
    },
    "2021-09-30": {
        "Diluted EPS": -0.01,
        "Total Revenue": 9,
        "Gross Profit": 5,
        "Operating Income": 0,
        "EBIT": 1,
        "Net Income": 0
    },
    "2021-06-30": {
        "Diluted EPS": -0.05,
        "Total Revenue": 6,
        "Gross Profit": 4,
        "Operating Income": -1,
        "EBIT": -1,
        "Net Income": -1
    },
    "2021-03-31": {
        "Diluted EPS": -0.04,
        "Total Revenue": 5,
        "Gross Profit": 3,
        "Operating Income": -1,
        "EBIT": -1,
        "Net Income": -1
    },
    "2020-12-31": {
        "Diluted EPS": 0.41,
        "Total Revenue": 4,
        "Gross Profit": 3,
        "Operating Income": 0,
        "EBIT": 0,
        "Net Income": 7
    },
    "2020-09-30": {
        "Diluted EPS": 0.01,
        "Total Revenue": 4,
        "Gross Profit": 3,
        "Operating Income": 0,
        "EBIT": 0,
        "Net Income": 0
    },
    "2020-06-30": {
        "Diluted EPS": 0.03,
        "Total Revenue": 4,
        "Gross Profit": 3,
        "Operating Income": 1,
        "EBIT": 1,
        "Net Income": 1
    },
    "2020-03-31": {
        "Diluted EPS": 0.01,
        "Total Revenue": 4,
        "Gross Profit": 3,
        "Operating Income": 0,
        "EBIT": 0,
        "Net Income": 0
    },
    "2019-12-31": {
        "Diluted EPS": 0.01,
        "Total Revenue": 4,
        "Gross Profit": 3,
        "Operating Income": 0,
        "EBIT": 0,
        "Net Income": 0
    },
    "2019-09-30": {
        "Diluted EPS": 0.02,
        "Total Revenue": 4,
        "Gross Profit": 3,
        "Operating Income": 0,
        "EBIT": 0,
        "Net Income": 0
    },
    "2019-06-30": {
        "Diluted EPS": 0.02,
        "Total Revenue": 4,
        "Gross Profit": 2,
        "Operating Income": 0,
        "EBIT": 0,
        "Net Income": 0
    },
    "2019-03-31": {
        "Diluted EPS": 0.02,
        "Total Revenue": 3,
        "Gross Profit": 2,
        "Operating Income": 0,
        "EBIT": 0,
        "Net Income": 0
    },
    "2018-12-31": {
        "Diluted EPS": -0.01,
        "Total Revenue": 3,
        "Gross Profit": 2,
        "Operating Income": 0,
        "EBIT": 0,
        "Net Income": 0
    },
    "2018-09-30": {
        "Diluted EPS": -0.01,
        "Total Revenue": 3,
        "Gross Profit": 2,
        "Operating Income": 0,
        "EBIT": 0,
        "Net Income": 0
    },
    "2018-06-30": {
        "Diluted EPS": 0.0,
        "Total Revenue": 3,
        "Gross Profit": 2,
        "Operating Income": 0,
        "EBIT": 0,
        "Net Income": 0
    },
    "2018-03-31": {
        "Diluted EPS": 0.0,
        "Total Revenue": 3,
        "Gross Profit": 2,
        "Operating Income": 0,
        "EBIT": 0,
        "Net Income": 0
    },
    "2017-12-31": {
        "Diluted EPS": 0.0,
        "Total Revenue": 3,
        "Gross Profit": 2,
        "Operating Income": 0,
        "EBIT": 0,
        "Net Income": 0
    },
    "2017-09-30": {
        "Diluted EPS": -0.01,
        "Total Revenue": 3,
        "Gross Profit": 2,
        "Operating Income": 0,
        "EBIT": 0,
        "Net Income": 0
    },
    "2017-06-30": {
        "Diluted EPS": -0.02,
        "Total Revenue": 2,
        "Gross Profit": 2,
        "Operating Income": 0,
        "EBIT": 0,
        "Net Income": 0
    },
    "2017-03-31": {
        "Diluted EPS": -0.04,
        "Total Revenue": 2,
        "Gross Profit": 2,
        "Operating Income": 0,
        "EBIT": 0,
        "Net Income": -1
    },
    "2016-12-31": {
        "Diluted EPS": -0.03,
        "Total Revenue": 2,
        "Gross Profit": 1,
        "Operating Income": -1,
        "EBIT": 0,
        "Net Income": -1
    },
    "2016-09-30": {
        "Diluted EPS": -0.05,
        "Total Revenue": 2,
        "Gross Profit": 1,
        "Operating Income": -1,
        "EBIT": -1,
        "Net Income": -1
    },
    "2016-06-30": {
        "Diluted EPS": -0.06,
        "Total Revenue": 2,
        "Gross Profit": 1,
        "Operating Income": -1,
        "EBIT": -1,
        "Net Income": -1
    },
    "2016-03-31": {
        "Diluted EPS": -0.07,
        "Total Revenue": 2,
        "Gross Profit": 1,
        "Operating Income": -1,
        "EBIT": -1,
        "Net Income": -1
    },
    "2015-12-31": {
        "Diluted EPS": -0.1,
        "Total Revenue": 2,
        "Gross Profit": 1,
        "Operating Income": -1,
        "EBIT": -1,
        "Net Income": -1
    },
    "2015-09-30": {
        "Diluted EPS": -0.08,
        "Total Revenue": 2,
        "Gross Profit": 1,
        "Operating Income": -1,
        "EBIT": -1,
        "Net Income": -1
    },
    "2015-06-30": {
        "Diluted EPS": -0.08,
        "Total Revenue": 2,
        "Gross Profit": 1,
        "Operating Income": -1,
        "EBIT": -1,
        "Net Income": -1
    },
    "2015-03-31": {
        "Diluted EPS": -0.09,
        "Total Revenue": 2,
        "Gross Profit": 1,
        "Operating Income": -1,
        "EBIT": -1,
        "Net Income": -1
    },
    "2014-12-31": {
        "Diluted EPS": -0.16,
        "Total Revenue": 2,
        "Gross Profit": 1,
        "Operating Income": -2,
        "EBIT": -2,
        "Net Income": -2
    },
    "2014-09-30": {
        "Diluted EPS": -0.13,
        "Total Revenue": 2,
        "Gross Profit": 1,
        "Operating Income": -2,
        "EBIT": -1,
        "Net Income": -2
    },
    "2014-06-30": {
        "Diluted EPS": -0.13,
        "Total Revenue": 2,
        "Gross Profit": 1,
        "Operating Income": -2,
        "EBIT": -1,
        "Net Income": -1
    },
    "2014-03-31": {
        "Diluted EPS": -0.15,
        "Total Revenue": 2,
        "Gross Profit": 1,
        "Operating Income": -2,
        "EBIT": -1,
        "Net Income": -2
    },
    "2013-12-31": {
        "Diluted EPS": -0.17,
        "Total Revenue": 2,
        "Gross Profit": 1,
        "Operating Income": -2,
        "EBIT": -2,
        "Net Income": -2
    },
    "2013-09-30": {
        "Diluted EPS": -0.15,
        "Total Revenue": 2,
        "Gross Profit": 1,
        "Operating Income": -2,
        "EBIT": -1,
        "Net Income": -2
    },
    "2013-06-30": {
        "Diluted EPS": -0.1,
        "Total Revenue": 3,
        "Gross Profit": 2,
        "Operating Income": -1,
        "EBIT": -1,
        "Net Income": -1
    },
    "2013-03-31": {
        "Diluted EPS": -0.04,
        "Total Revenue": 3,
        "Gross Profit": 2,
        "Operating Income": -1,
        "EBIT": -1,
        "Net Income": 0
    },
    "2012-12-31": {
        "Diluted EPS": -0.3,
        "Total Revenue": 3,
        "Gross Profit": 2,
        "Operating Income": -4,
        "EBIT": -3,
        "Net Income": -3
    },
    "2012-09-30": {
        "Diluted EPS": -0.08,
        "Total Revenue": 4,
        "Gross Profit": 3,
        "Operating Income": -1,
        "EBIT": -1,
        "Net Income": -1
    },
    "2012-06-30": {
        "Diluted EPS": -0.01,
        "Total Revenue": 5,
        "Gross Profit": 4,
        "Operating Income": -1,
        "EBIT": 0,
        "Net Income": 0
    },
    "2012-03-31": {
        "Diluted EPS": 0.02,
        "Total Revenue": 5,
        "Gross Profit": 4,
        "Operating Income": -1,
        "EBIT": 0,
        "Net Income": 0
    },
    "2011-12-31": {
        "Diluted EPS": 0.04,
        "Total Revenue": 6,
        "Gross Profit": 4,
        "Operating Income": -1,
        "EBIT": 0,
        "Net Income": 0
    },
    "2011-09-30": {
        "Diluted EPS": 0.42,
        "Total Revenue": 10,
        "Gross Profit": 8,
        "Operating Income": 3,
        "EBIT": 4,
        "Net Income": 5
    },
    "2011-06-30": {
        "Diluted EPS": -0.88,
        "Total Revenue": 17,
        "Gross Profit": 10,
        "Operating Income": -4,
        "EBIT": -4,
        "Net Income": -9
    },
    "2011-03-31": {
        "Diluted EPS": -0.17,
        "Total Revenue": 15,
        "Gross Profit": 8,
        "Operating Income": -4,
        "EBIT": -4,
        "Net Income": -2
    },
    "2010-12-31": {
        "Diluted EPS": -0.2,
        "Total Revenue": 17,
        "Gross Profit": 10,
        "Operating Income": -3,
        "EBIT": -2,
        "Net Income": -2
    },
    "2010-09-30": {
        "Diluted EPS": -0.01,
        "Total Revenue": 14,
        "Gross Profit": 10,
        "Operating Income": -2,
        "EBIT": -2,
        "Net Income": 0
    },
    "2010-06-30": {
        "Diluted EPS": 0.0,
        "Total Revenue": 17,
        "Gross Profit": 12,
        "Operating Income": -1,
        "EBIT": -1,
        "Net Income": 0
    },
    "2010-03-31": {
        "Diluted EPS": 0.01,
        "Total Revenue": 17,
        "Gross Profit": 12,
        "Operating Income": -1,
        "EBIT": -1,
        "Net Income": 0
    },
    "2009-12-31": {
        "Diluted EPS": 0.06,
        "Total Revenue": 18,
        "Gross Profit": 12,
        "Operating Income": 0,
        "EBIT": -1,
        "Net Income": 1
    },
    "2009-09-30": {
        "Diluted EPS": 0.06,
        "Total Revenue": 17,
        "Gross Profit": 12,
        "Operating Income": 0,
        "EBIT": 0,
        "Net Income": 1
    },
    "2009-06-30": {
        "Diluted EPS": 0.74,
        "Total Revenue": 19,
        "Gross Profit": 14,
        "Operating Income": 1,
        "EBIT": 1,
        "Net Income": 9
    },
    "2009-03-31": {
        "Diluted EPS": 0.14,
        "Total Revenue": 21,
        "Gross Profit": 15,
        "Operating Income": 1,
        "EBIT": 2,
        "Net Income": 2
    },
    "2023-06-30": {
        "Tax Effect Of Unusual Items": NaN,
        "Tax Rate For Calcs": NaN,
        "Normalized EBITDA": NaN,
        "Total Unusual Items": NaN,
        "Total Unusual Items Excluding Goodwill": NaN,
        "Net Income From Continuing Operation Net Minority Interest": NaN,
        "Reconciled Depreciation": NaN,
        "Reconciled Cost Of Revenue": NaN,
        "EBITDA": NaN,
        "EBIT": NaN,
        "Net Interest Income": NaN,
        "Interest Expense": NaN,
        "Normalized Income": NaN,
        "Net Income From Continuing And Discontinued Operation": NaN,
        "Total Expenses": NaN,
        "Total Operating Income As Reported": NaN,
        "Diluted Average Shares": 25972628.0,
        "Basic Average Shares": 25972628.0,
        "Diluted EPS": -0.02,
        "Basic EPS": -0.02,
        "Diluted NI Availto Com Stockholders": NaN,
        "Net Income Common Stockholders": NaN,
        "Net Income": NaN,
        "Net Income Including Noncontrolling Interests": NaN,
        "Net Income Continuous Operations": NaN,
        "Tax Provision": NaN,
        "Pretax Income": NaN,
        "Other Income Expense": NaN,
        "Other Non Operating Income Expenses": NaN,
        "Special Income Charges": NaN,
        "Gain On Sale Of Ppe": NaN,
        "Net Non Operating Interest Income Expense": NaN,
        "Interest Expense Non Operating": NaN,
        "Operating Income": NaN,
        "Operating Expense": NaN,
        "Research And Development": NaN,
        "Selling General And Administration": NaN,
        "Selling And Marketing Expense": NaN,
        "General And Administrative Expense": NaN,
        "Other Gand A": NaN,
        "Gross Profit": NaN,
        "Cost Of Revenue": NaN,
        "Total Revenue": NaN,
        "Operating Revenue": NaN
    },
    "2023-09-30": {
        "Tax Effect Of Unusual Items": NaN,
        "Tax Rate For Calcs": NaN,
        "Normalized EBITDA": NaN,
        "Total Unusual Items": 1459000.0,
        "Total Unusual Items Excluding Goodwill": 1459000.0,
        "Net Income From Continuing Operation Net Minority Interest": NaN,
        "Reconciled Depreciation": NaN,
        "Reconciled Cost Of Revenue": NaN,
        "EBITDA": NaN,
        "EBIT": NaN,
        "Net Interest Income": NaN,
        "Interest Expense": NaN,
        "Interest Income": NaN,
        "Normalized Income": NaN,
        "Net Income From Continuing And Discontinued Operation": NaN,
        "Total Expenses": NaN,
        "Total Operating Income As Reported": NaN,
        "Diluted Average Shares": 27682764.0,
        "Basic Average Shares": 25995507.0,
        "Diluted EPS": 0.06,
        "Basic EPS": 0.07,
        "Diluted NI Availto Com Stockholders": NaN,
        "Net Income Common Stockholders": NaN,
        "Net Income": NaN,
        "Net Income Including Noncontrolling Interests": NaN,
        "Net Income Continuous Operations": NaN,
        "Tax Provision": NaN,
        "Pretax Income": NaN,
        "Other Income Expense": NaN,
        "Other Non Operating Income Expenses": NaN,
        "Special Income Charges": 1459000.0,
        "Gain On Sale Of Ppe": 1459000.0,
        "Net Non Operating Interest Income Expense": NaN,
        "Interest Expense Non Operating": NaN,
        "Interest Income Non Operating": NaN,
        "Operating Income": NaN,
        "Operating Expense": NaN,
        "Research And Development": NaN,
        "Selling General And Administration": NaN,
        "Selling And Marketing Expense": NaN,
        "General And Administrative Expense": NaN,
        "Other Gand A": NaN,
        "Gross Profit": NaN,
        "Cost Of Revenue": NaN,
        "Total Revenue": NaN,
        "Operating Revenue": NaN
    },
    "2023-12-31": {
        "Tax Effect Of Unusual Items": NaN,
        "Tax Rate For Calcs": NaN,
        "Normalized EBITDA": NaN,
        "Total Unusual Items": 0.0,
        "Total Unusual Items Excluding Goodwill": 0.0,
        "Net Income From Continuing Operation Net Minority Interest": NaN,
        "Reconciled Depreciation": NaN,
        "Reconciled Cost Of Revenue": NaN,
        "EBITDA": NaN,
        "EBIT": NaN,
        "Net Interest Income": NaN,
        "Interest Expense": NaN,
        "Interest Income": NaN,
        "Normalized Income": NaN,
        "Net Income From Continuing And Discontinued Operation": NaN,
        "Total Expenses": NaN,
        "Total Operating Income As Reported": NaN,
        "Diluted Average Shares": NaN,
        "Basic Average Shares": NaN,
        "Diluted EPS": NaN,
        "Basic EPS": NaN,
        "Diluted NI Availto Com Stockholders": NaN,
        "Net Income Common Stockholders": NaN,
        "Net Income": NaN,
        "Net Income Including Noncontrolling Interests": NaN,
        "Net Income Continuous Operations": NaN,
        "Tax Provision": NaN,
        "Pretax Income": NaN,
        "Other Income Expense": NaN,
        "Other Non Operating Income Expenses": NaN,
        "Special Income Charges": 0.0,
        "Gain On Sale Of Ppe": 0.0,
        "Net Non Operating Interest Income Expense": NaN,
        "Interest Expense Non Operating": NaN,
        "Interest Income Non Operating": NaN,
        "Operating Income": NaN,
        "Operating Expense": NaN,
        "Research And Development": NaN,
        "Selling General And Administration": NaN,
        "Selling And Marketing Expense": NaN,
        "General And Administrative Expense": NaN,
        "Other Gand A": NaN,
        "Gross Profit": NaN,
        "Cost Of Revenue": NaN,
        "Total Revenue": NaN,
        "Operating Revenue": NaN
    },
    "2024-03-31": {
        "Tax Effect Of Unusual Items": NaN,
        "Tax Rate For Calcs": NaN,
        "Normalized EBITDA": NaN,
        "Total Unusual Items": NaN,
        "Total Unusual Items Excluding Goodwill": NaN,
        "Net Income From Continuing Operation Net Minority Interest": NaN,
        "Reconciled Depreciation": NaN,
        "Reconciled Cost Of Revenue": NaN,
        "EBITDA": NaN,
        "EBIT": NaN,
        "Net Interest Income": NaN,
        "Interest Expense": NaN,
        "Interest Income": 5000.0,
        "Normalized Income": NaN,
        "Net Income From Continuing And Discontinued Operation": NaN,
        "Total Expenses": NaN,
        "Total Operating Income As Reported": NaN,
        "Diluted Average Shares": 30142100.0,
        "Basic Average Shares": 26314903.0,
        "Diluted EPS": 0.01,
        "Basic EPS": 0.02,
        "Diluted NI Availto Com Stockholders": NaN,
        "Net Income Common Stockholders": NaN,
        "Net Income": NaN,
        "Net Income Including Noncontrolling Interests": NaN,
        "Net Income Continuous Operations": NaN,
        "Tax Provision": NaN,
        "Pretax Income": NaN,
        "Other Income Expense": NaN,
        "Other Non Operating Income Expenses": NaN,
        "Special Income Charges": NaN,
        "Gain On Sale Of Ppe": NaN,
        "Net Non Operating Interest Income Expense": NaN,
        "Interest Expense Non Operating": NaN,
        "Interest Income Non Operating": 5000.0,
        "Operating Income": NaN,
        "Operating Expense": NaN,
        "Research And Development": NaN,
        "Selling General And Administration": NaN,
        "Selling And Marketing Expense": NaN,
        "General And Administrative Expense": NaN,
        "Other Gand A": NaN,
        "Gross Profit": NaN,
        "Cost Of Revenue": NaN,
        "Total Revenue": NaN,
        "Operating Revenue": NaN
    },
    "2024-06-30": {
        "Tax Effect Of Unusual Items": 0.0,
        "Tax Rate For Calcs": 0.043902,
        "Normalized EBITDA": 1462000.0,
        "Total Unusual Items": NaN,
        "Total Unusual Items Excluding Goodwill": NaN,
        "Net Income From Continuing Operation Net Minority Interest": 588000.0,
        "Reconciled Depreciation": 836000.0,
        "Reconciled Cost Of Revenue": 5387000.0,
        "EBITDA": 1462000.0,
        "EBIT": 626000.0,
        "Net Interest Income": 42000.0,
        "Interest Expense": 11000.0,
        "Interest Income": 53000.0,
        "Normalized Income": 588000.0,
        "Net Income From Continuing And Discontinued Operation": 588000.0,
        "Total Expenses": 14105000.0,
        "Total Operating Income As Reported": 580000.0,
        "Diluted Average Shares": 29510903.0,
        "Basic Average Shares": 26664220.0,
        "Diluted EPS": 0.02,
        "Basic EPS": 0.02,
        "Diluted NI Availto Com Stockholders": 588000.0,
        "Net Income Common Stockholders": 588000.0,
        "Net Income": 588000.0,
        "Net Income Including Noncontrolling Interests": 588000.0,
        "Net Income Continuous Operations": 588000.0,
        "Tax Provision": 27000.0,
        "Pretax Income": 615000.0,
        "Other Income Expense": -7000.0,
        "Other Non Operating Income Expenses": -7000.0,
        "Special Income Charges": NaN,
        "Gain On Sale Of Ppe": NaN,
        "Net Non Operating Interest Income Expense": 42000.0,
        "Interest Expense Non Operating": 11000.0,
        "Interest Income Non Operating": 53000.0,
        "Operating Income": 580000.0,
        "Operating Expense": 8718000.0,
        "Research And Development": 1328000.0,
        "Selling General And Administration": 7390000.0,
        "Selling And Marketing Expense": 3958000.0,
        "General And Administrative Expense": 3432000.0,
        "Other Gand A": 3432000.0,
        "Gross Profit": 9298000.0,
        "Cost Of Revenue": 5387000.0,
        "Total Revenue": 14685000.0,
        "Operating Revenue": 14685000.0
    },
    "2024-09-30": {
        "Tax Effect Of Unusual Items": 0.0,
        "Tax Rate For Calcs": 0.237,
        "Normalized EBITDA": 1030000.0,
        "Total Unusual Items": 0.0,
        "Total Unusual Items Excluding Goodwill": 0.0,
        "Net Income From Continuing Operation Net Minority Interest": 148000.0,
        "Reconciled Depreciation": 829000.0,
        "Reconciled Cost Of Revenue": 6103000.0,
        "EBITDA": 1030000.0,
        "EBIT": 201000.0,
        "Net Interest Income": -7000.0,
        "Interest Expense": 7000.0,
        "Interest Income": NaN,
        "Normalized Income": 148000.0,
        "Net Income From Continuing And Discontinued Operation": 148000.0,
        "Total Expenses": 15492000.0,
        "Total Operating Income As Reported": 135000.0,
        "Diluted Average Shares": 29857261.0,
        "Basic Average Shares": 26848644.0,
        "Diluted EPS": 0.004957,
        "Basic EPS": 0.01,
        "Diluted NI Availto Com Stockholders": 148000.0,
        "Net Income Common Stockholders": 148000.0,
        "Net Income": 148000.0,
        "Net Income Including Noncontrolling Interests": 148000.0,
        "Net Income Continuous Operations": 148000.0,
        "Tax Provision": 46000.0,
        "Pretax Income": 194000.0,
        "Other Income Expense": 66000.0,
        "Other Non Operating Income Expenses": 66000.0,
        "Special Income Charges": 0.0,
        "Gain On Sale Of Ppe": 0.0,
        "Net Non Operating Interest Income Expense": -7000.0,
        "Interest Expense Non Operating": 7000.0,
        "Interest Income Non Operating": NaN,
        "Operating Income": 135000.0,
        "Operating Expense": 9389000.0,
        "Research And Development": 1473000.0,
        "Selling General And Administration": 7916000.0,
        "Selling And Marketing Expense": 4221000.0,
        "General And Administrative Expense": 3695000.0,
        "Other Gand A": 3695000.0,
        "Gross Profit": 9524000.0,
        "Cost Of Revenue": 6103000.0,
        "Total Revenue": 15627000.0,
        "Operating Revenue": 15627000.0
    },
    "2024-12-31": {
        "Tax Effect Of Unusual Items": 0.0,
        "Tax Rate For Calcs": 0.180937,
        "Normalized EBITDA": 1456000.0,
        "Total Unusual Items": 0.0,
        "Total Unusual Items Excluding Goodwill": 0.0,
        "Net Income From Continuing Operation Net Minority Interest": 507000.0,
        "Reconciled Depreciation": 826000.0,
        "Reconciled Cost Of Revenue": 6374000.0,
        "EBITDA": 1456000.0,
        "EBIT": 630000.0,
        "Net Interest Income": 180000.0,
        "Interest Expense": 11000.0,
        "Interest Income": NaN,
        "Normalized Income": 507000.0,
        "Net Income From Continuing And Discontinued Operation": 507000.0,
        "Total Expenses": 15614000.0,
        "Total Operating Income As Reported": 626000.0,
        "Diluted Average Shares": NaN,
        "Basic Average Shares": NaN,
        "Diluted EPS": NaN,
        "Basic EPS": NaN,
        "Diluted NI Availto Com Stockholders": 507000.0,
        "Net Income Common Stockholders": 507000.0,
        "Net Income": 507000.0,
        "Net Income Including Noncontrolling Interests": 507000.0,
        "Net Income Continuous Operations": 507000.0,
        "Tax Provision": 112000.0,
        "Pretax Income": 619000.0,
        "Other Income Expense": -187000.0,
        "Other Non Operating Income Expenses": -187000.0,
        "Special Income Charges": 0.0,
        "Gain On Sale Of Ppe": 0.0,
        "Net Non Operating Interest Income Expense": 180000.0,
        "Interest Expense Non Operating": 11000.0,
        "Interest Income Non Operating": NaN,
        "Operating Income": 626000.0,
        "Operating Expense": 9240000.0,
        "Research And Development": 1502000.0,
        "Selling General And Administration": 7738000.0,
        "Selling And Marketing Expense": 4332000.0,
        "General And Administrative Expense": 3406000.0,
        "Other Gand A": 3406000.0,
        "Gross Profit": 9866000.0,
        "Cost Of Revenue": 6374000.0,
        "Total Revenue": 16240000.0,
        "Operating Revenue": 16240000.0
    },
    "2025-03-31": {
        "Tax Effect Of Unusual Items": 0.0,
        "Tax Rate For Calcs": 0.036,
        "Normalized EBITDA": 1995000.0,
        "Total Unusual Items": NaN,
        "Total Unusual Items Excluding Goodwill": NaN,
        "Net Income From Continuing Operation Net Minority Interest": 1171000.0,
        "Reconciled Depreciation": 771000.0,
        "Reconciled Cost Of Revenue": 5576000.0,
        "EBITDA": 1995000.0,
        "EBIT": 1224000.0,
        "Net Interest Income": 75000.0,
        "Interest Expense": 9000.0,
        "Interest Income": 84000.0,
        "Normalized Income": 1171000.0,
        "Net Income From Continuing And Discontinued Operation": 1171000.0,
        "Total Expenses": 14907000.0,
        "Total Operating Income As Reported": 1150000.0,
        "Diluted Average Shares": 31092775.0,
        "Basic Average Shares": 28024280.0,
        "Diluted EPS": 0.04,
        "Basic EPS": 0.04,
        "Diluted NI Availto Com Stockholders": 1171000.0,
        "Net Income Common Stockholders": 1171000.0,
        "Net Income": 1171000.0,
        "Net Income Including Noncontrolling Interests": 1171000.0,
        "Net Income Continuous Operations": 1171000.0,
        "Tax Provision": 44000.0,
        "Pretax Income": 1215000.0,
        "Other Income Expense": -10000.0,
        "Other Non Operating Income Expenses": -10000.0,
        "Special Income Charges": NaN,
        "Gain On Sale Of Ppe": NaN,
        "Net Non Operating Interest Income Expense": 75000.0,
        "Interest Expense Non Operating": 9000.0,
        "Interest Income Non Operating": 84000.0,
        "Operating Income": 1150000.0,
        "Operating Expense": 9331000.0,
        "Research And Development": 1523000.0,
        "Selling General And Administration": 7808000.0,
        "Selling And Marketing Expense": 4289000.0,
        "General And Administrative Expense": 3519000.0,
        "Other Gand A": 3519000.0,
        "Gross Profit": 10481000.0,
        "Cost Of Revenue": 5576000.0,
        "Total Revenue": 16057000.0,
        "Operating Revenue": 16057000.0
    },
    "2025-06-30": {
        "Tax Effect Of Unusual Items": 0.0,
        "Tax Rate For Calcs": 0.0375,
        "Normalized EBITDA": 2142000.0,
        "Total Unusual Items": NaN,
        "Total Unusual Items Excluding Goodwill": NaN,
        "Net Income From Continuing Operation Net Minority Interest": 1232000.0,
        "Reconciled Depreciation": 856000.0,
        "Reconciled Cost Of Revenue": 6056000.0,
        "EBITDA": 2142000.0,
        "EBIT": 1286000.0,
        "Net Interest Income": 120000.0,
        "Interest Expense": 6000.0,
        "Interest Income": 126000.0,
        "Normalized Income": 1232000.0,
        "Net Income From Continuing And Discontinued Operation": 1232000.0,
        "Total Expenses": 15449000.0,
        "Total Operating Income As Reported": 1103000.0,
        "Diluted Average Shares": 31324711.0,
        "Basic Average Shares": 29430050.0,
        "Diluted EPS": 0.04,
        "Basic EPS": 0.04,
        "Diluted NI Availto Com Stockholders": 1232000.0,
        "Net Income Common Stockholders": 1232000.0,
        "Net Income": 1232000.0,
        "Net Income Including Noncontrolling Interests": 1232000.0,
        "Net Income Continuous Operations": 1232000.0,
        "Tax Provision": 48000.0,
        "Pretax Income": 1280000.0,
        "Other Income Expense": 57000.0,
        "Other Non Operating Income Expenses": 57000.0,
        "Special Income Charges": NaN,
        "Gain On Sale Of Ppe": NaN,
        "Net Non Operating Interest Income Expense": 120000.0,
        "Interest Expense Non Operating": 6000.0,
        "Interest Income Non Operating": 126000.0,
        "Operating Income": 1103000.0,
        "Operating Expense": 9393000.0,
        "Research And Development": 1437000.0,
        "Selling General And Administration": 7956000.0,
        "Selling And Marketing Expense": 4371000.0,
        "General And Administrative Expense": 3585000.0,
        "Other Gand A": 3585000.0,
        "Gross Profit": 10496000.0,
        "Cost Of Revenue": 6056000.0,
        "Total Revenue": 16552000.0,
        "Operating Revenue": 16552000.0
    }
}