{
    "2023-03-31": {
        "Tax Effect Of Unusual Items": 0.0,
        "Tax Rate For Calcs": 0.21,
        "Normalized EBITDA": -726000.0,
        "Net Income From Continuing Operation Net Minority Interest": -1430000.0,
        "Reconciled Depreciation": 528000.0,
        "Reconciled Cost Of Revenue": 4005000.0,
        "EBITDA": -726000.0,
        "EBIT": -1254000.0,
        "Net Interest Income": -169000.0,
        "Interest Expense": 169000.0,
        "Normalized Income": -1430000.0,
        "Net Income From Continuing And Discontinued Operation": -1430000.0,
        "Total Expenses": 6646000.0,
        "Total Operating Income As Reported": -1254000.0,
        "Diluted Average Shares": NaN,
        "Basic Average Shares": NaN,
        "Diluted EPS": NaN,
        "Basic EPS": NaN,
        "Diluted NI Availto Com Stockholders": -1430000.0,
        "Net Income Common Stockholders": -1430000.0,
        "Net Income": -1430000.0,
        "Net Income Including Noncontrolling Interests": -1430000.0,
        "Net Income Continuous Operations": -1430000.0,
        "Tax Provision": 7000.0,
        "Pretax Income": -1423000.0,
        "Net Non Operating Interest Income Expense": -169000.0,
        "Interest Expense Non Operating": 169000.0,
        "Operating Income": -1254000.0,
        "Operating Expense": 2641000.0,
        "Research And Development": 214000.0,
        "Selling General And Administration": 2427000.0,
        "Selling And Marketing Expense": 1399000.0,
        "General And Administrative Expense": 1028000.0,
        "Other Gand A": 1028000.0,
        "Gross Profit": 1387000.0,
        "Cost Of Revenue": 4005000.0,
        "Total Revenue": 5392000.0,
        "Operating Revenue": 5392000.0
    },
    "2022-12-31": {
        "Tax Effect Of Unusual Items": 0.0,
        "Tax Rate For Calcs": 0.21,
        "Normalized EBITDA": 115000.0,
        "Net Income From Continuing Operation Net Minority Interest": -598000.0,
        "Reconciled Depreciation": 519000.0,
        "Reconciled Cost Of Revenue": 4127000.0,
        "EBITDA": 115000.0,
        "EBIT": -404000.0,
        "Net Interest Income": -186000.0,
        "Interest Expense": 186000.0,
        "Normalized Income": -598000.0,
        "Net Income From Continuing And Discontinued Operation": -598000.0,
        "Total Expenses": 6295000.0,
        "Total Operating Income As Reported": -404000.0,
        "Diluted Average Shares": 6272000.0,
        "Basic Average Shares": 6272000.0,
        "Diluted EPS": -0.1,
        "Basic EPS": -0.1,
        "Diluted NI Availto Com Stockholders": -598000.0,
        "Net Income Common Stockholders": -598000.0,
        "Net Income": -598000.0,
        "Net Income Including Noncontrolling Interests": -598000.0,
        "Net Income Continuous Operations": -598000.0,
        "Tax Provision": 8000.0,
        "Pretax Income": -590000.0,
        "Net Non Operating Interest Income Expense": -186000.0,
        "Interest Expense Non Operating": 186000.0,
        "Operating Income": -404000.0,
        "Operating Expense": 2168000.0,
        "Research And Development": 106000.0,
        "Selling General And Administration": 2062000.0,
        "Selling And Marketing Expense": 1041000.0,
        "General And Administrative Expense": 1021000.0,
        "Other Gand A": 1021000.0,
        "Gross Profit": 1764000.0,
        "Cost Of Revenue": 4127000.0,
        "Total Revenue": 5891000.0,
        "Operating Revenue": 5891000.0
    },
    "2022-09-30": {
        "Tax Effect Of Unusual Items": 0.0,
        "Tax Rate For Calcs": 0.0,
        "Normalized EBITDA": -311000.0,
        "Net Income From Continuing Operation Net Minority Interest": -940000.0,
        "Reconciled Depreciation": 526000.0,
        "Reconciled Cost Of Revenue": 3389000.0,
        "EBITDA": -311000.0,
        "EBIT": -837000.0,
        "Net Interest Income": -103000.0,
        "Interest Expense": 103000.0,
        "Normalized Income": -940000.0,
        "Net Income From Continuing And Discontinued Operation": -940000.0,
        "Total Expenses": 6016000.0,
        "Total Operating Income As Reported": -837000.0,
        "Diluted Average Shares": 6228000.0,
        "Basic Average Shares": 6228000.0,
        "Diluted EPS": -0.15,
        "Basic EPS": -0.15,
        "Diluted NI Availto Com Stockholders": -940000.0,
        "Net Income Common Stockholders": -940000.0,
        "Net Income": -940000.0,
        "Net Income Including Noncontrolling Interests": -940000.0,
        "Net Income Continuous Operations": -940000.0,
        "Tax Provision": 0.0,
        "Pretax Income": -940000.0,
        "Net Non Operating Interest Income Expense": -103000.0,
        "Interest Expense Non Operating": 103000.0,
        "Operating Income": -837000.0,
        "Operating Expense": 2627000.0,
        "Research And Development": 206000.0,
        "Selling General And Administration": 2421000.0,
        "Selling And Marketing Expense": 1142000.0,
        "General And Administrative Expense": 1279000.0,
        "Other Gand A": 1279000.0,
        "Gross Profit": 1790000.0,
        "Cost Of Revenue": 3389000.0,
        "Total Revenue": 5179000.0,
        "Operating Revenue": 5179000.0
    },
    "2022-06-30": {
        "Tax Effect Of Unusual Items": 0.0,
        "Tax Rate For Calcs": 0.4,
        "Normalized EBITDA": 97000.0,
        "Net Income From Continuing Operation Net Minority Interest": -472000.0,
        "Reconciled Depreciation": 522000.0,
        "Reconciled Cost Of Revenue": 4398000.0,
        "EBITDA": 97000.0,
        "EBIT": -425000.0,
        "Net Interest Income": -44000.0,
        "Interest Expense": 44000.0,
        "Normalized Income": -472000.0,
        "Net Income From Continuing And Discontinued Operation": -472000.0,
        "Total Expenses": 7141000.0,
        "Total Operating Income As Reported": -425000.0,
        "Diluted Average Shares": 6204000.0,
        "Basic Average Shares": 6204000.0,
        "Diluted EPS": -0.08,
        "Basic EPS": -0.08,
        "Diluted NI Availto Com Stockholders": -472000.0,
        "Net Income Common Stockholders": -472000.0,
        "Net Income": -472000.0,
        "Net Income Including Noncontrolling Interests": -472000.0,
        "Net Income Continuous Operations": -472000.0,
        "Tax Provision": 3000.0,
        "Pretax Income": -469000.0,
        "Net Non Operating Interest Income Expense": -44000.0,
        "Interest Expense Non Operating": 44000.0,
        "Operating Income": -425000.0,
        "Operating Expense": 2743000.0,
        "Research And Development": 246000.0,
        "Selling General And Administration": 2497000.0,
        "Selling And Marketing Expense": 1168000.0,
        "General And Administrative Expense": 1329000.0,
        "Other Gand A": 1329000.0,
        "Gross Profit": 2318000.0,
        "Cost Of Revenue": 4398000.0,
        "Total Revenue": 6716000.0,
        "Operating Revenue": 6716000.0
    },
    "2022-03-31": {
        "Diluted EPS": 0.05,
        "Total Revenue": 8,
        "Gross Profit": 3,
        "Operating Income": 0,
        "EBIT": 1,
        "Net Income": 0
    },
    "2021-12-31": {
        "Diluted EPS": 0.06,
        "Total Revenue": 9,
        "Gross Profit": 3,
        "Operating Income": 1,
        "EBIT": 1,
        "Net Income": 0
    },
    "2021-09-30": {
        "Diluted EPS": 0.16,
        "Total Revenue": 9,
        "Gross Profit": 4,
        "Operating Income": 1,
        "EBIT": 2,
        "Net Income": 1
    },
    "2021-06-30": {
        "Diluted EPS": 0.08,
        "Total Revenue": 9,
        "Gross Profit": 4,
        "Operating Income": 1,
        "EBIT": 1,
        "Net Income": 1
    },
    "2021-03-31": {
        "Diluted EPS": -0.03,
        "Total Revenue": 9,
        "Gross Profit": 3,
        "Operating Income": 0,
        "EBIT": 0,
        "Net Income": 0
    },
    "2020-12-31": {
        "Diluted EPS": 0.13,
        "Total Revenue": 7,
        "Gross Profit": 2,
        "Operating Income": 0,
        "EBIT": 0,
        "Net Income": 1
    },
    "2020-09-30": {
        "Diluted EPS": 0.03,
        "Total Revenue": 9,
        "Gross Profit": 3,
        "Operating Income": 0,
        "EBIT": 1,
        "Net Income": 0
    },
    "2020-06-30": {
        "Diluted EPS": 0.02,
        "Total Revenue": 7,
        "Gross Profit": 3,
        "Operating Income": 0,
        "EBIT": 1,
        "Net Income": 0
    },
    "2020-03-31": {
        "Diluted EPS": 0.01,
        "Total Revenue": 9,
        "Gross Profit": 3,
        "Operating Income": 0,
        "EBIT": 1,
        "Net Income": 0
    },
    "2019-12-31": {
        "Diluted EPS": 0.03,
        "Total Revenue": 8,
        "Gross Profit": 3,
        "Operating Income": 0,
        "EBIT": 1,
        "Net Income": 0
    },
    "2019-09-30": {
        "Diluted EPS": 0.04,
        "Total Revenue": 8,
        "Gross Profit": 3,
        "Operating Income": 0,
        "EBIT": 1,
        "Net Income": 0
    },
    "2019-06-30": {
        "Diluted EPS": -0.02,
        "Total Revenue": 8,
        "Gross Profit": 4,
        "Operating Income": 0,
        "EBIT": 1,
        "Net Income": 0
    },
    "2019-03-31": {
        "Diluted EPS": -0.25,
        "Total Revenue": 6,
        "Gross Profit": 2,
        "Operating Income": -1,
        "EBIT": -1,
        "Net Income": -1
    },
    "2018-12-31": {
        "Diluted EPS": 0.05,
        "Total Revenue": 10,
        "Gross Profit": 4,
        "Operating Income": 0,
        "EBIT": 1,
        "Net Income": 0
    },
    "2018-09-30": {
        "Diluted EPS": -0.2,
        "Total Revenue": 7,
        "Gross Profit": 2,
        "Operating Income": -1,
        "EBIT": -1,
        "Net Income": -1
    },
    "2018-06-30": {
        "Diluted EPS": -0.22,
        "Total Revenue": 7,
        "Gross Profit": 2,
        "Operating Income": -1,
        "EBIT": -1,
        "Net Income": -1
    },
    "2018-03-31": {
        "Diluted EPS": -0.18,
        "Total Revenue": 8,
        "Gross Profit": 2,
        "Operating Income": -1,
        "EBIT": 0,
        "Net Income": -1
    },
    "2017-12-31": {
        "Diluted EPS": 0.19,
        "Total Revenue": 9,
        "Gross Profit": 4,
        "Operating Income": 1,
        "EBIT": 2,
        "Net Income": 1
    },
    "2017-09-30": {
        "Diluted EPS": 0.08,
        "Total Revenue": 8,
        "Gross Profit": 4,
        "Operating Income": 1,
        "EBIT": 1,
        "Net Income": 0
    },
    "2017-06-30": {
        "Diluted EPS": 0.09,
        "Total Revenue": 9,
        "Gross Profit": 4,
        "Operating Income": 1,
        "EBIT": 1,
        "Net Income": 1
    },
    "2017-03-31": {
        "Diluted EPS": -0.05,
        "Total Revenue": 7,
        "Gross Profit": 3,
        "Operating Income": 0,
        "EBIT": 0,
        "Net Income": 0
    },
    "2016-12-31": {
        "Diluted EPS": -0.06,
        "Total Revenue": 8,
        "Gross Profit": 3,
        "Operating Income": 0,
        "EBIT": 0,
        "Net Income": 0
    },
    "2016-09-30": {
        "Diluted EPS": 0.02,
        "Total Revenue": 10,
        "Gross Profit": 4,
        "Operating Income": 0,
        "EBIT": 1,
        "Net Income": 0
    },
    "2016-06-30": {
        "Diluted EPS": -0.12,
        "Total Revenue": 7,
        "Gross Profit": 3,
        "Operating Income": -1,
        "EBIT": 0,
        "Net Income": -1
    },
    "2016-03-31": {
        "Diluted EPS": -0.73,
        "Total Revenue": 8,
        "Gross Profit": 3,
        "Operating Income": -1,
        "EBIT": 0,
        "Net Income": -4
    },
    "2015-12-31": {
        "Diluted EPS": -0.04,
        "Total Revenue": 8,
        "Gross Profit": 3,
        "Operating Income": 0,
        "EBIT": 1,
        "Net Income": 0
    },
    "2015-09-30": {
        "Diluted EPS": 0.0,
        "Total Revenue": 9,
        "Gross Profit": 3,
        "Operating Income": 0,
        "EBIT": 0,
        "Net Income": 0
    },
    "2015-06-30": {
        "Diluted EPS": -0.02,
        "Total Revenue": 8,
        "Gross Profit": 3,
        "Operating Income": 0,
        "EBIT": 0,
        "Net Income": 0
    },
    "2015-03-31": {
        "Diluted EPS": -0.02,
        "Total Revenue": 9,
        "Gross Profit": 3,
        "Operating Income": 0,
        "EBIT": 0,
        "Net Income": 0
    },
    "2014-12-31": {
        "Diluted EPS": 0.08,
        "Total Revenue": 10,
        "Gross Profit": 5,
        "Operating Income": 1,
        "EBIT": 2,
        "Net Income": 0
    },
    "2014-09-30": {
        "Diluted EPS": 0.01,
        "Total Revenue": 8,
        "Gross Profit": 4,
        "Operating Income": 0,
        "EBIT": 0,
        "Net Income": 0
    },
    "2014-06-30": {
        "Diluted EPS": -0.07,
        "Total Revenue": 8,
        "Gross Profit": 3,
        "Operating Income": -1,
        "EBIT": -1,
        "Net Income": 0
    },
    "2014-03-31": {
        "Diluted EPS": -0.12,
        "Total Revenue": 7,
        "Gross Profit": 2,
        "Operating Income": -1,
        "EBIT": -1,
        "Net Income": -1
    },
    "2013-12-31": {
        "Diluted EPS": 0.01,
        "Total Revenue": 7,
        "Gross Profit": 3,
        "Operating Income": 0,
        "EBIT": 1,
        "Net Income": 0
    },
    "2013-09-30": {
        "Diluted EPS": 0.02,
        "Total Revenue": 7,
        "Gross Profit": 3,
        "Operating Income": 0,
        "EBIT": 1,
        "Net Income": 0
    },
    "2013-06-30": {
        "Diluted EPS": 0.01,
        "Total Revenue": 7,
        "Gross Profit": 3,
        "Operating Income": 0,
        "EBIT": 0,
        "Net Income": 0
    },
    "2013-03-31": {
        "Diluted EPS": 0.47,
        "Total Revenue": 7,
        "Gross Profit": 3,
        "Operating Income": 1,
        "EBIT": 1,
        "Net Income": 3
    },
    "2012-12-31": {
        "Diluted EPS": 0.11,
        "Total Revenue": 7,
        "Gross Profit": 3,
        "Operating Income": 1,
        "EBIT": 1,
        "Net Income": 1
    },
    "2012-09-30": {
        "Diluted EPS": 0.08,
        "Total Revenue": 7,
        "Gross Profit": 3,
        "Operating Income": 1,
        "EBIT": 1,
        "Net Income": 0
    },
    "2012-06-30": {
        "Diluted EPS": 0.08,
        "Total Revenue": 7,
        "Gross Profit": 3,
        "Operating Income": 1,
        "EBIT": 1,
        "Net Income": 0
    },
    "2012-03-31": {
        "Diluted EPS": 0.21,
        "Total Revenue": 6,
        "Gross Profit": 2,
        "Operating Income": 0,
        "EBIT": 1,
        "Net Income": 1
    },
    "2011-12-31": {
        "Diluted EPS": 0.2,
        "Total Revenue": 7,
        "Gross Profit": 3,
        "Operating Income": 1,
        "EBIT": 1,
        "Net Income": 1
    },
    "2011-09-30": {
        "Diluted EPS": 0.16,
        "Total Revenue": 6,
        "Gross Profit": 3,
        "Operating Income": 1,
        "EBIT": 1,
        "Net Income": 1
    },
    "2011-06-30": {
        "Diluted EPS": 0.09,
        "Total Revenue": 6,
        "Gross Profit": 2,
        "Operating Income": 1,
        "EBIT": 1,
        "Net Income": 0
    },
    "2011-03-31": {
        "Diluted EPS": 0.15,
        "Total Revenue": 5,
        "Gross Profit": 2,
        "Operating Income": 0,
        "EBIT": 0,
        "Net Income": 1
    },
    "2010-12-31": {
        "Diluted EPS": 0.0,
        "Total Revenue": 4,
        "Gross Profit": 1,
        "Operating Income": 0,
        "EBIT": 0,
        "Net Income": 0
    },
    "2010-09-30": {
        "Diluted EPS": 0.1,
        "Total Revenue": 4,
        "Gross Profit": 2,
        "Operating Income": 1,
        "EBIT": 1,
        "Net Income": 1
    },
    "2010-06-30": {
        "Diluted EPS": 0.07,
        "Total Revenue": 4,
        "Gross Profit": 2,
        "Operating Income": 0,
        "EBIT": 1,
        "Net Income": 0
    },
    "2010-03-31": {
        "Diluted EPS": -0.04,
        "Total Revenue": 4,
        "Gross Profit": 1,
        "Operating Income": 0,
        "EBIT": 0,
        "Net Income": 0
    },
    "2009-12-31": {
        "Diluted EPS": 0.11,
        "Total Revenue": 4,
        "Gross Profit": 2,
        "Operating Income": 1,
        "EBIT": 1,
        "Net Income": 1
    },
    "2009-09-30": {
        "Diluted EPS": 0.11,
        "Total Revenue": 4,
        "Gross Profit": 2,
        "Operating Income": 1,
        "EBIT": 1,
        "Net Income": 1
    },
    "2009-06-30": {
        "Diluted EPS": 0.08,
        "Total Revenue": 4,
        "Gross Profit": 2,
        "Operating Income": 0,
        "EBIT": 1,
        "Net Income": 0
    },
    "2009-03-31": {
        "Diluted EPS": 0.04,
        "Total Revenue": 3,
        "Gross Profit": 1,
        "Operating Income": 0,
        "EBIT": 0,
        "Net Income": 0
    },
    "2023-06-30": {
        "Tax Effect Of Unusual Items": 0.0,
        "Tax Rate For Calcs": 0.0,
        "Normalized EBITDA": -682000.0,
        "Net Income From Continuing Operation Net Minority Interest": -1369000.0,
        "Reconciled Depreciation": 527000.0,
        "Reconciled Cost Of Revenue": 3614000.0,
        "EBITDA": -682000.0,
        "EBIT": -1209000.0,
        "Net Interest Income": -160000.0,
        "Interest Expense": 160000.0,
        "Normalized Income": -1369000.0,
        "Net Income From Continuing And Discontinued Operation": -1369000.0,
        "Total Expenses": 6355000.0,
        "Total Operating Income As Reported": -1209000.0,
        "Diluted Average Shares": 6290000.0,
        "Basic Average Shares": 6290000.0,
        "Diluted EPS": -0.22,
        "Basic EPS": -0.22,
        "Diluted NI Availto Com Stockholders": -1369000.0,
        "Net Income Common Stockholders": -1369000.0,
        "Net Income": -1369000.0,
        "Net Income Including Noncontrolling Interests": -1369000.0,
        "Net Income Continuous Operations": -1369000.0,
        "Tax Provision": 0.0,
        "Pretax Income": -1369000.0,
        "Net Non Operating Interest Income Expense": -160000.0,
        "Interest Expense Non Operating": 160000.0,
        "Operating Income": -1209000.0,
        "Operating Expense": 2741000.0,
        "Research And Development": 191000.0,
        "Selling General And Administration": 2550000.0,
        "Selling And Marketing Expense": 1276000.0,
        "General And Administrative Expense": 1274000.0,
        "Other Gand A": 1274000.0,
        "Gross Profit": 1532000.0,
        "Cost Of Revenue": 3614000.0,
        "Total Revenue": 5146000.0,
        "Operating Revenue": 5146000.0
    },
    "2023-09-30": {
        "Tax Effect Of Unusual Items": 0.0,
        "Tax Rate For Calcs": 0.21,
        "Normalized EBITDA": -106000.0,
        "Net Income From Continuing Operation Net Minority Interest": -797000.0,
        "Reconciled Depreciation": 526000.0,
        "Reconciled Cost Of Revenue": 4285000.0,
        "EBITDA": -106000.0,
        "EBIT": -632000.0,
        "Net Interest Income": -163000.0,
        "Interest Expense": 163000.0,
        "Normalized Income": -797000.0,
        "Net Income From Continuing And Discontinued Operation": -797000.0,
        "Total Expenses": 7005000.0,
        "Total Operating Income As Reported": -632000.0,
        "Diluted Average Shares": 6366000.0,
        "Basic Average Shares": 6366000.0,
        "Diluted EPS": -0.13,
        "Basic EPS": -0.13,
        "Diluted NI Availto Com Stockholders": -797000.0,
        "Net Income Common Stockholders": -797000.0,
        "Net Income": -797000.0,
        "Net Income Including Noncontrolling Interests": -797000.0,
        "Net Income Continuous Operations": -797000.0,
        "Tax Provision": 2000.0,
        "Pretax Income": -795000.0,
        "Net Non Operating Interest Income Expense": -163000.0,
        "Interest Expense Non Operating": 163000.0,
        "Operating Income": -632000.0,
        "Operating Expense": 2720000.0,
        "Research And Development": 175000.0,
        "Selling General And Administration": 2545000.0,
        "Selling And Marketing Expense": 1385000.0,
        "General And Administrative Expense": 1160000.0,
        "Other Gand A": 1160000.0,
        "Gross Profit": 2088000.0,
        "Cost Of Revenue": 4285000.0,
        "Total Revenue": 6373000.0,
        "Operating Revenue": 6373000.0
    },
    "2023-12-31": {
        "Tax Effect Of Unusual Items": 0.0,
        "Tax Rate For Calcs": 0.0,
        "Normalized EBITDA": -329000.0,
        "Net Income From Continuing Operation Net Minority Interest": -1020000.0,
        "Reconciled Depreciation": 519000.0,
        "Reconciled Cost Of Revenue": 3933000.0,
        "EBITDA": -329000.0,
        "EBIT": -848000.0,
        "Net Interest Income": -172000.0,
        "Interest Expense": 172000.0,
        "Normalized Income": -1020000.0,
        "Net Income From Continuing And Discontinued Operation": -1020000.0,
        "Total Expenses": 6430000.0,
        "Total Operating Income As Reported": -848000.0,
        "Diluted Average Shares": 6554000.0,
        "Basic Average Shares": 6554000.0,
        "Diluted EPS": -0.16,
        "Basic EPS": -0.16,
        "Diluted NI Availto Com Stockholders": -1020000.0,
        "Net Income Common Stockholders": -1020000.0,
        "Net Income": -1020000.0,
        "Net Income Including Noncontrolling Interests": -1020000.0,
        "Net Income Continuous Operations": -1020000.0,
        "Tax Provision": 0.0,
        "Pretax Income": -1020000.0,
        "Net Non Operating Interest Income Expense": -172000.0,
        "Interest Expense Non Operating": 172000.0,
        "Operating Income": -848000.0,
        "Operating Expense": 2497000.0,
        "Research And Development": 163000.0,
        "Selling General And Administration": 2334000.0,
        "Selling And Marketing Expense": 1387000.0,
        "General And Administrative Expense": 947000.0,
        "Other Gand A": 947000.0,
        "Gross Profit": 1649000.0,
        "Cost Of Revenue": 3933000.0,
        "Total Revenue": 5582000.0,
        "Operating Revenue": 5582000.0
    }
}