{
    "2023-03-31": {
        "Tax Effect Of Unusual Items": NaN,
        "Tax Rate For Calcs": NaN,
        "Normalized EBITDA": NaN,
        "Total Unusual Items": NaN,
        "Total Unusual Items Excluding Goodwill": NaN,
        "Net Income From Continuing Operation Net Minority Interest": NaN,
        "Reconciled Depreciation": NaN,
        "EBITDA": NaN,
        "EBIT": NaN,
        "Net Interest Income": NaN,
        "Interest Expense": NaN,
        "Interest Income": NaN,
        "Normalized Income": NaN,
        "Net Income From Continuing And Discontinued Operation": NaN,
        "Total Expenses": NaN,
        "Total Operating Income As Reported": NaN,
        "Diluted Average Shares": NaN,
        "Basic Average Shares": NaN,
        "Diluted EPS": NaN,
        "Basic EPS": NaN,
        "Diluted NI Availto Com Stockholders": NaN,
        "Net Income Common Stockholders": NaN,
        "Preferred Stock Dividends": 50000.0,
        "Net Income": NaN,
        "Net Income Including Noncontrolling Interests": NaN,
        "Net Income Continuous Operations": NaN,
        "Tax Provision": NaN,
        "Pretax Income": NaN,
        "Other Income Expense": NaN,
        "Other Non Operating Income Expenses": 166000.0,
        "Gain On Sale Of Security": NaN,
        "Net Non Operating Interest Income Expense": NaN,
        "Interest Expense Non Operating": NaN,
        "Interest Income Non Operating": NaN,
        "Operating Income": NaN,
        "Operating Expense": NaN,
        "Research And Development": NaN,
        "Selling General And Administration": NaN,
        "General And Administrative Expense": NaN,
        "Other Gand A": NaN,
        "Total Revenue": NaN,
        "Operating Revenue": NaN
    },
    "2022-12-31": {
        "Tax Effect Of Unusual Items": NaN,
        "Tax Rate For Calcs": NaN,
        "Normalized EBITDA": NaN,
        "Total Unusual Items": NaN,
        "Total Unusual Items Excluding Goodwill": NaN,
        "Net Income From Continuing Operation Net Minority Interest": NaN,
        "Reconciled Depreciation": NaN,
        "EBITDA": NaN,
        "EBIT": NaN,
        "Net Interest Income": NaN,
        "Interest Expense": NaN,
        "Interest Income": NaN,
        "Normalized Income": NaN,
        "Net Income From Continuing And Discontinued Operation": NaN,
        "Total Expenses": NaN,
        "Total Operating Income As Reported": NaN,
        "Diluted Average Shares": NaN,
        "Basic Average Shares": NaN,
        "Diluted EPS": NaN,
        "Basic EPS": NaN,
        "Diluted NI Availto Com Stockholders": NaN,
        "Net Income Common Stockholders": NaN,
        "Preferred Stock Dividends": 50000.0,
        "Net Income": NaN,
        "Net Income Including Noncontrolling Interests": NaN,
        "Net Income Continuous Operations": NaN,
        "Tax Provision": NaN,
        "Pretax Income": NaN,
        "Other Income Expense": NaN,
        "Other Non Operating Income Expenses": NaN,
        "Gain On Sale Of Security": NaN,
        "Net Non Operating Interest Income Expense": NaN,
        "Interest Expense Non Operating": NaN,
        "Interest Income Non Operating": NaN,
        "Operating Income": NaN,
        "Operating Expense": NaN,
        "Research And Development": NaN,
        "Selling General And Administration": NaN,
        "General And Administrative Expense": NaN,
        "Other Gand A": NaN,
        "Total Revenue": NaN,
        "Operating Revenue": NaN
    },
    "2022-09-30": {
        "Tax Effect Of Unusual Items": 45804.255319,
        "Tax Rate For Calcs": 0.165957,
        "Normalized EBITDA": -6736000.0,
        "Total Unusual Items": 276000.0,
        "Total Unusual Items Excluding Goodwill": 276000.0,
        "Net Income From Continuing Operation Net Minority Interest": -5096000.0,
        "Reconciled Depreciation": 7000.0,
        "EBITDA": -6460000.0,
        "EBIT": -6467000.0,
        "Net Interest Income": 67000.0,
        "Interest Income": 67000.0,
        "Normalized Income": -5326195.744681,
        "Net Income From Continuing And Discontinued Operation": -5096000.0,
        "Total Expenses": 6467000.0,
        "Total Operating Income As Reported": -6467000.0,
        "Diluted Average Shares": 12314679.0,
        "Basic Average Shares": 12314679.0,
        "Diluted EPS": -0.42,
        "Basic EPS": -0.42,
        "Diluted NI Availto Com Stockholders": -5146000.0,
        "Net Income Common Stockholders": -5146000.0,
        "Preferred Stock Dividends": 50000.0,
        "Net Income": -5096000.0,
        "Net Income Including Noncontrolling Interests": -5096000.0,
        "Net Income Continuous Operations": -5096000.0,
        "Tax Provision": -1014000.0,
        "Pretax Income": -6110000.0,
        "Other Income Expense": 290000.0,
        "Other Non Operating Income Expenses": 14000.0,
        "Gain On Sale Of Security": 276000.0,
        "Net Non Operating Interest Income Expense": 67000.0,
        "Interest Income Non Operating": 67000.0,
        "Operating Income": -6467000.0,
        "Operating Expense": 6467000.0,
        "Research And Development": 4413000.0,
        "Selling General And Administration": 2054000.0,
        "General And Administrative Expense": 2054000.0,
        "Other Gand A": 2054000.0,
        "Total Revenue": 0.0,
        "Operating Revenue": 0.0
    },
    "2022-06-30": {
        "Tax Effect Of Unusual Items": 36995.143011,
        "Tax Rate For Calcs": 0.17701,
        "Normalized EBITDA": -5994000.0,
        "Total Unusual Items": 209000.0,
        "Total Unusual Items Excluding Goodwill": 209000.0,
        "Net Income From Continuing Operation Net Minority Interest": -4575000.0,
        "Reconciled Depreciation": 8000.0,
        "EBITDA": -5785000.0,
        "EBIT": -5785000.0,
        "Net Interest Income": 17000.0,
        "Interest Income": 17000.0,
        "Normalized Income": -4747004.856989,
        "Net Income From Continuing And Discontinued Operation": -4575000.0,
        "Total Expenses": 5785000.0,
        "Total Operating Income As Reported": -5785000.0,
        "Diluted Average Shares": 10136089.0,
        "Basic Average Shares": 10136089.0,
        "Diluted EPS": -0.46,
        "Basic EPS": -0.46,
        "Diluted NI Availto Com Stockholders": -4625000.0,
        "Net Income Common Stockholders": -4625000.0,
        "Preferred Stock Dividends": 50000.0,
        "Net Income": -4575000.0,
        "Net Income Including Noncontrolling Interests": -4575000.0,
        "Net Income Continuous Operations": -4575000.0,
        "Tax Provision": -984000.0,
        "Pretax Income": -5559000.0,
        "Other Income Expense": 209000.0,
        "Other Non Operating Income Expenses": NaN,
        "Gain On Sale Of Security": 209000.0,
        "Net Non Operating Interest Income Expense": 17000.0,
        "Interest Income Non Operating": 17000.0,
        "Operating Income": -5785000.0,
        "Operating Expense": 5785000.0,
        "Research And Development": 4205000.0,
        "Selling General And Administration": 1580000.0,
        "General And Administrative Expense": 1580000.0,
        "Other Gand A": 1580000.0,
        "Total Revenue": 0.0,
        "Operating Revenue": 0.0
    },
    "2022-03-31": {
        "Diluted EPS": -0.42,
        "Total Revenue": NaN,
        "Gross Profit": NaN,
        "Operating Income": -7,
        "EBIT": -7,
        "Net Income": -4
    },
    "2021-12-31": {
        "Diluted EPS": -0.54,
        "Total Revenue": NaN,
        "Gross Profit": NaN,
        "Operating Income": -7,
        "EBIT": -7,
        "Net Income": -5
    },
    "2021-09-30": {
        "Diluted EPS": -0.54,
        "Total Revenue": NaN,
        "Gross Profit": NaN,
        "Operating Income": -6,
        "EBIT": -6,
        "Net Income": -5
    },
    "2021-06-30": {
        "Diluted EPS": -0.56,
        "Total Revenue": NaN,
        "Gross Profit": NaN,
        "Operating Income": -6,
        "EBIT": -6,
        "Net Income": -5
    },
    "2021-03-31": {
        "Diluted EPS": -0.5,
        "Total Revenue": NaN,
        "Gross Profit": NaN,
        "Operating Income": -4,
        "EBIT": -4,
        "Net Income": -4
    },
    "2020-12-31": {
        "Diluted EPS": -0.89,
        "Total Revenue": NaN,
        "Gross Profit": NaN,
        "Operating Income": -3,
        "EBIT": -3,
        "Net Income": -7
    },
    "2020-09-30": {
        "Diluted EPS": -0.47,
        "Total Revenue": NaN,
        "Gross Profit": NaN,
        "Operating Income": -3,
        "EBIT": -3,
        "Net Income": -2
    },
    "2020-06-30": {
        "Diluted EPS": -0.58,
        "Total Revenue": NaN,
        "Gross Profit": NaN,
        "Operating Income": -2,
        "EBIT": -2,
        "Net Income": -2
    },
    "2020-03-31": {
        "Diluted EPS": -1.48,
        "Total Revenue": NaN,
        "Gross Profit": NaN,
        "Operating Income": -2,
        "EBIT": -2,
        "Net Income": -1
    },
    "2019-12-31": {
        "Diluted EPS": -2.67,
        "Total Revenue": NaN,
        "Gross Profit": NaN,
        "Operating Income": -3,
        "EBIT": -3,
        "Net Income": -2
    },
    "2019-09-30": {
        "Diluted EPS": -2.27,
        "Total Revenue": NaN,
        "Gross Profit": NaN,
        "Operating Income": -2,
        "EBIT": -2,
        "Net Income": -2
    },
    "2019-06-30": {
        "Diluted EPS": -2.13,
        "Total Revenue": NaN,
        "Gross Profit": NaN,
        "Operating Income": -2,
        "EBIT": -2,
        "Net Income": -2
    },
    "2019-03-31": {
        "Diluted EPS": -2.77,
        "Total Revenue": NaN,
        "Gross Profit": NaN,
        "Operating Income": -2,
        "EBIT": -2,
        "Net Income": -2
    },
    "2018-12-31": {
        "Diluted EPS": -3.2,
        "Total Revenue": NaN,
        "Gross Profit": NaN,
        "Operating Income": -3,
        "EBIT": -3,
        "Net Income": -2
    },
    "2018-09-30": {
        "Diluted EPS": -3.6,
        "Total Revenue": NaN,
        "Gross Profit": NaN,
        "Operating Income": -2,
        "EBIT": -2,
        "Net Income": -2
    },
    "2018-06-30": {
        "Diluted EPS": -3.2,
        "Total Revenue": NaN,
        "Gross Profit": NaN,
        "Operating Income": -2,
        "EBIT": -2,
        "Net Income": -2
    },
    "2018-03-31": {
        "Diluted EPS": -2.4,
        "Total Revenue": NaN,
        "Gross Profit": NaN,
        "Operating Income": -2,
        "EBIT": -2,
        "Net Income": -1
    },
    "2017-12-31": {
        "Diluted EPS": -3.2,
        "Total Revenue": NaN,
        "Gross Profit": NaN,
        "Operating Income": -2,
        "EBIT": -2,
        "Net Income": -2
    },
    "2017-09-30": {
        "Diluted EPS": -18.2,
        "Total Revenue": NaN,
        "Gross Profit": NaN,
        "Operating Income": -2,
        "EBIT": -2,
        "Net Income": -9
    },
    "2017-06-30": {
        "Diluted EPS": -10.0,
        "Total Revenue": NaN,
        "Gross Profit": NaN,
        "Operating Income": -2,
        "EBIT": -2,
        "Net Income": -2
    },
    "2017-03-31": {
        "Diluted EPS": -7.6,
        "Total Revenue": NaN,
        "Gross Profit": NaN,
        "Operating Income": -3,
        "EBIT": -3,
        "Net Income": -2
    },
    "2016-12-31": {
        "Diluted EPS": -11.8,
        "Total Revenue": 0,
        "Gross Profit": 0,
        "Operating Income": -3,
        "EBIT": -3,
        "Net Income": -3
    },
    "2016-09-30": {
        "Diluted EPS": -17.2,
        "Total Revenue": 0,
        "Gross Profit": 0,
        "Operating Income": -3,
        "EBIT": -3,
        "Net Income": -3
    },
    "2016-06-30": {
        "Diluted EPS": -20.2,
        "Total Revenue": 0,
        "Gross Profit": 0,
        "Operating Income": -4,
        "EBIT": -4,
        "Net Income": -3
    },
    "2016-03-31": {
        "Diluted EPS": -20.8,
        "Total Revenue": 0,
        "Gross Profit": 0,
        "Operating Income": -4,
        "EBIT": -4,
        "Net Income": -3
    },
    "2015-12-31": {
        "Diluted EPS": -18.78,
        "Total Revenue": 0,
        "Gross Profit": 0,
        "Operating Income": -4,
        "EBIT": -4,
        "Net Income": -3
    },
    "2015-09-30": {
        "Diluted EPS": -19.0,
        "Total Revenue": 1,
        "Gross Profit": 1,
        "Operating Income": -3,
        "EBIT": -3,
        "Net Income": -3
    },
    "2015-06-30": {
        "Diluted EPS": -23.8,
        "Total Revenue": 0,
        "Gross Profit": 0,
        "Operating Income": -4,
        "EBIT": -4,
        "Net Income": -3
    },
    "2015-03-31": {
        "Diluted EPS": -45.62,
        "Total Revenue": 1,
        "Gross Profit": 1,
        "Operating Income": -5,
        "EBIT": -5,
        "Net Income": -5
    },
    "2014-12-31": {
        "Diluted EPS": -48.02,
        "Total Revenue": 0,
        "Gross Profit": 0,
        "Operating Income": -6,
        "EBIT": -6,
        "Net Income": -5
    },
    "2014-09-30": {
        "Diluted EPS": -52.82,
        "Total Revenue": 1,
        "Gross Profit": 1,
        "Operating Income": -6,
        "EBIT": -6,
        "Net Income": -5
    },
    "2014-06-30": {
        "Diluted EPS": -52.82,
        "Total Revenue": 0,
        "Gross Profit": 0,
        "Operating Income": -6,
        "EBIT": -6,
        "Net Income": -5
    },
    "2014-03-31": {
        "Diluted EPS": -60.02,
        "Total Revenue": 0,
        "Gross Profit": 0,
        "Operating Income": -5,
        "EBIT": -5,
        "Net Income": -5
    },
    "2013-12-31": {
        "Diluted EPS": 28.81,
        "Total Revenue": 0,
        "Gross Profit": 0,
        "Operating Income": -4,
        "EBIT": -4,
        "Net Income": -4
    },
    "2013-09-30": {
        "Diluted EPS": -76.83,
        "Total Revenue": 0,
        "Gross Profit": 0,
        "Operating Income": -6,
        "EBIT": -6,
        "Net Income": -6
    },
    "2013-06-30": {
        "Diluted EPS": 24.01,
        "Total Revenue": 0,
        "Gross Profit": 0,
        "Operating Income": -4,
        "EBIT": -4,
        "Net Income": 1
    },
    "2013-03-31": {
        "Diluted EPS": -283.31,
        "Total Revenue": 0,
        "Gross Profit": 0,
        "Operating Income": -4,
        "EBIT": -4,
        "Net Income": -12
    },
    "2012-12-31": {
        "Diluted EPS": -139.26,
        "Total Revenue": 0,
        "Gross Profit": 0,
        "Operating Income": -5,
        "EBIT": -5,
        "Net Income": -5
    },
    "2012-09-30": {
        "Diluted EPS": -60.02,
        "Total Revenue": 0,
        "Gross Profit": 0,
        "Operating Income": -4,
        "EBIT": -4,
        "Net Income": -2
    },
    "2012-06-30": {
        "Diluted EPS": -108.04,
        "Total Revenue": 0,
        "Gross Profit": 0,
        "Operating Income": -4,
        "EBIT": -4,
        "Net Income": -4
    },
    "2012-03-31": {
        "Diluted EPS": -96.04,
        "Total Revenue": NaN,
        "Gross Profit": NaN,
        "Operating Income": -3,
        "EBIT": -3,
        "Net Income": -3
    },
    "2011-12-31": {
        "Diluted EPS": -117.74,
        "Total Revenue": NaN,
        "Gross Profit": NaN,
        "Operating Income": -3,
        "EBIT": -3,
        "Net Income": -4
    },
    "2011-09-30": {
        "Diluted EPS": -112.85,
        "Total Revenue": NaN,
        "Gross Profit": NaN,
        "Operating Income": -4,
        "EBIT": -4,
        "Net Income": -4
    },
    "2011-06-30": {
        "Diluted EPS": -134.41,
        "Total Revenue": 0,
        "Gross Profit": 0,
        "Operating Income": -4,
        "EBIT": -4,
        "Net Income": -4
    },
    "2011-03-31": {
        "Diluted EPS": -168.02,
        "Total Revenue": 0,
        "Gross Profit": 0,
        "Operating Income": -5,
        "EBIT": -5,
        "Net Income": -5
    },
    "2010-12-31": {
        "Diluted EPS": -117.61,
        "Total Revenue": 0,
        "Gross Profit": 0,
        "Operating Income": -3,
        "EBIT": -3,
        "Net Income": -3
    },
    "2010-09-30": {
        "Diluted EPS": -184.82,
        "Total Revenue": 0,
        "Gross Profit": 0,
        "Operating Income": -4,
        "EBIT": -4,
        "Net Income": -4
    },
    "2010-06-30": {
        "Diluted EPS": -302.43,
        "Total Revenue": 0,
        "Gross Profit": 0,
        "Operating Income": -4,
        "EBIT": -4,
        "Net Income": -7
    },
    "2010-03-31": {
        "Diluted EPS": -302.43,
        "Total Revenue": 0,
        "Gross Profit": 0,
        "Operating Income": -4,
        "EBIT": -4,
        "Net Income": -6
    },
    "2009-12-31": {
        "Diluted EPS": -285.63,
        "Total Revenue": 0,
        "Gross Profit": 0,
        "Operating Income": -4,
        "EBIT": -4,
        "Net Income": -5
    },
    "2009-09-30": {
        "Diluted EPS": -252.03,
        "Total Revenue": 0,
        "Gross Profit": 0,
        "Operating Income": -4,
        "EBIT": -3,
        "Net Income": -3
    },
    "2009-06-30": {
        "Diluted EPS": -604.86,
        "Total Revenue": 0,
        "Gross Profit": 0,
        "Operating Income": -5,
        "EBIT": -5,
        "Net Income": -7
    },
    "2009-03-31": {
        "Diluted EPS": -436.84,
        "Total Revenue": 0,
        "Gross Profit": 0,
        "Operating Income": -5,
        "EBIT": -5,
        "Net Income": -5
    },
    "2023-06-30": {
        "Tax Effect Of Unusual Items": NaN,
        "Tax Rate For Calcs": NaN,
        "Normalized EBITDA": NaN,
        "Total Unusual Items": NaN,
        "Total Unusual Items Excluding Goodwill": NaN,
        "Net Income From Continuing Operation Net Minority Interest": NaN,
        "Reconciled Depreciation": NaN,
        "EBITDA": NaN,
        "EBIT": NaN,
        "Net Interest Income": NaN,
        "Interest Expense": NaN,
        "Interest Income": 77000.0,
        "Normalized Income": NaN,
        "Net Income From Continuing And Discontinued Operation": NaN,
        "Total Expenses": NaN,
        "Total Operating Income As Reported": NaN,
        "Diluted Average Shares": NaN,
        "Basic Average Shares": NaN,
        "Diluted EPS": NaN,
        "Basic EPS": NaN,
        "Diluted NI Availto Com Stockholders": NaN,
        "Net Income Common Stockholders": NaN,
        "Preferred Stock Dividends": 50000.0,
        "Net Income": NaN,
        "Net Income Including Noncontrolling Interests": NaN,
        "Net Income Continuous Operations": NaN,
        "Tax Provision": NaN,
        "Pretax Income": NaN,
        "Other Income Expense": NaN,
        "Other Non Operating Income Expenses": -106000.0,
        "Gain On Sale Of Security": NaN,
        "Net Non Operating Interest Income Expense": NaN,
        "Interest Expense Non Operating": NaN,
        "Interest Income Non Operating": 77000.0,
        "Operating Income": NaN,
        "Operating Expense": NaN,
        "Research And Development": NaN,
        "Selling General And Administration": NaN,
        "General And Administrative Expense": NaN,
        "Other Gand A": NaN,
        "Total Revenue": NaN,
        "Operating Revenue": NaN
    },
    "2023-09-30": {
        "Tax Effect Of Unusual Items": NaN,
        "Tax Rate For Calcs": NaN,
        "Normalized EBITDA": NaN,
        "Total Unusual Items": NaN,
        "Total Unusual Items Excluding Goodwill": NaN,
        "Net Income From Continuing Operation Net Minority Interest": NaN,
        "Reconciled Depreciation": NaN,
        "EBITDA": NaN,
        "EBIT": NaN,
        "Net Interest Income": NaN,
        "Interest Expense": NaN,
        "Interest Income": 50000.0,
        "Normalized Income": NaN,
        "Net Income From Continuing And Discontinued Operation": NaN,
        "Total Expenses": NaN,
        "Total Operating Income As Reported": NaN,
        "Diluted Average Shares": NaN,
        "Basic Average Shares": NaN,
        "Diluted EPS": NaN,
        "Basic EPS": NaN,
        "Diluted NI Availto Com Stockholders": NaN,
        "Net Income Common Stockholders": NaN,
        "Preferred Stock Dividends": 50000.0,
        "Net Income": NaN,
        "Net Income Including Noncontrolling Interests": NaN,
        "Net Income Continuous Operations": NaN,
        "Tax Provision": NaN,
        "Pretax Income": NaN,
        "Other Income Expense": NaN,
        "Other Non Operating Income Expenses": -9000.0,
        "Gain On Sale Of Security": NaN,
        "Net Non Operating Interest Income Expense": NaN,
        "Interest Expense Non Operating": NaN,
        "Interest Income Non Operating": 50000.0,
        "Operating Income": NaN,
        "Operating Expense": NaN,
        "Research And Development": NaN,
        "Selling General And Administration": NaN,
        "General And Administrative Expense": NaN,
        "Other Gand A": NaN,
        "Total Revenue": NaN,
        "Operating Revenue": NaN
    },
    "2023-12-31": {
        "Tax Effect Of Unusual Items": NaN,
        "Tax Rate For Calcs": NaN,
        "Normalized EBITDA": NaN,
        "Total Unusual Items": NaN,
        "Total Unusual Items Excluding Goodwill": NaN,
        "Net Income From Continuing Operation Net Minority Interest": NaN,
        "Reconciled Depreciation": NaN,
        "EBITDA": NaN,
        "EBIT": NaN,
        "Net Interest Income": NaN,
        "Interest Expense": NaN,
        "Interest Income": 23000.0,
        "Normalized Income": NaN,
        "Net Income From Continuing And Discontinued Operation": NaN,
        "Total Expenses": NaN,
        "Total Operating Income As Reported": NaN,
        "Diluted Average Shares": NaN,
        "Basic Average Shares": NaN,
        "Diluted EPS": NaN,
        "Basic EPS": NaN,
        "Diluted NI Availto Com Stockholders": NaN,
        "Net Income Common Stockholders": NaN,
        "Preferred Stock Dividends": 50000.0,
        "Net Income": NaN,
        "Net Income Including Noncontrolling Interests": NaN,
        "Net Income Continuous Operations": NaN,
        "Tax Provision": NaN,
        "Pretax Income": NaN,
        "Other Income Expense": NaN,
        "Other Non Operating Income Expenses": 0.0,
        "Special Income Charges": NaN,
        "Gain On Sale Of Business": NaN,
        "Gain On Sale Of Security": NaN,
        "Net Non Operating Interest Income Expense": NaN,
        "Interest Expense Non Operating": NaN,
        "Interest Income Non Operating": 23000.0,
        "Operating Income": NaN,
        "Operating Expense": NaN,
        "Research And Development": NaN,
        "Selling General And Administration": NaN,
        "General And Administrative Expense": NaN,
        "Other Gand A": NaN,
        "Total Revenue": NaN,
        "Operating Revenue": NaN
    },
    "2024-03-31": {
        "Tax Effect Of Unusual Items": 314.883721,
        "Tax Rate For Calcs": 0.314884,
        "Normalized EBITDA": -4354000.0,
        "Total Unusual Items": 1000.0,
        "Total Unusual Items Excluding Goodwill": 1000.0,
        "Net Income From Continuing Operation Net Minority Interest": -2946000.0,
        "Reconciled Depreciation": 2000.0,
        "EBITDA": -4353000.0,
        "EBIT": -4355000.0,
        "Net Interest Income": 2000.0,
        "Interest Expense": NaN,
        "Interest Income": 2000.0,
        "Normalized Income": -2946685.116279,
        "Net Income From Continuing And Discontinued Operation": -2946000.0,
        "Total Expenses": 4384000.0,
        "Total Operating Income As Reported": -4355000.0,
        "Diluted Average Shares": 81112.0,
        "Basic Average Shares": 81112.0,
        "Diluted EPS": -36.32,
        "Basic EPS": -36.32,
        "Diluted NI Availto Com Stockholders": -2946000.0,
        "Net Income Common Stockholders": -2946000.0,
        "Preferred Stock Dividends": NaN,
        "Net Income": -2946000.0,
        "Net Income Including Noncontrolling Interests": -2946000.0,
        "Net Income Continuous Operations": -2946000.0,
        "Tax Provision": -1354000.0,
        "Pretax Income": -4300000.0,
        "Other Income Expense": 53000.0,
        "Other Non Operating Income Expenses": 52000.0,
        "Special Income Charges": 0.0,
        "Gain On Sale Of Business": 0.0,
        "Gain On Sale Of Security": 1000.0,
        "Net Non Operating Interest Income Expense": 2000.0,
        "Interest Expense Non Operating": NaN,
        "Interest Income Non Operating": 2000.0,
        "Operating Income": -4355000.0,
        "Operating Expense": 4384000.0,
        "Research And Development": 2802000.0,
        "Selling General And Administration": 1582000.0,
        "General And Administrative Expense": 1582000.0,
        "Other Gand A": 1582000.0,
        "Total Revenue": 29000.0,
        "Operating Revenue": 29000.0
    },
    "2024-06-30": {
        "Tax Effect Of Unusual Items": 336.876533,
        "Tax Rate For Calcs": 0.112292,
        "Normalized EBITDA": -3642000.0,
        "Total Unusual Items": 3000.0,
        "Total Unusual Items Excluding Goodwill": 3000.0,
        "Net Income From Continuing Operation Net Minority Interest": -3257000.0,
        "Reconciled Depreciation": 2000.0,
        "EBITDA": -3639000.0,
        "EBIT": -3641000.0,
        "Net Interest Income": -28000.0,
        "Interest Expense": 28000.0,
        "Interest Income": NaN,
        "Normalized Income": -3259663.123467,
        "Net Income From Continuing And Discontinued Operation": -3257000.0,
        "Total Expenses": 3648000.0,
        "Total Operating Income As Reported": -3644000.0,
        "Diluted Average Shares": 112825.0,
        "Basic Average Shares": 112825.0,
        "Diluted EPS": -11.52,
        "Basic EPS": -11.52,
        "Diluted NI Availto Com Stockholders": -3257000.0,
        "Net Income Common Stockholders": -3257000.0,
        "Preferred Stock Dividends": NaN,
        "Net Income": -3257000.0,
        "Net Income Including Noncontrolling Interests": -3257000.0,
        "Net Income Continuous Operations": -3257000.0,
        "Tax Provision": -412000.0,
        "Pretax Income": -3669000.0,
        "Other Income Expense": 3000.0,
        "Other Non Operating Income Expenses": NaN,
        "Special Income Charges": NaN,
        "Gain On Sale Of Business": NaN,
        "Gain On Sale Of Security": 3000.0,
        "Net Non Operating Interest Income Expense": -28000.0,
        "Interest Expense Non Operating": 28000.0,
        "Interest Income Non Operating": NaN,
        "Operating Income": -3644000.0,
        "Operating Expense": 3648000.0,
        "Research And Development": 2023000.0,
        "Selling General And Administration": 1625000.0,
        "General And Administrative Expense": 1625000.0,
        "Other Gand A": 1625000.0,
        "Total Revenue": 4000.0,
        "Operating Revenue": 4000.0
    },
    "2024-09-30": {
        "Tax Effect Of Unusual Items": 193.816336,
        "Tax Rate For Calcs": 0.096908,
        "Normalized EBITDA": -2178000.0,
        "Total Unusual Items": 2000.0,
        "Total Unusual Items Excluding Goodwill": 2000.0,
        "Net Income From Continuing Operation Net Minority Interest": -1957000.0,
        "Reconciled Depreciation": 1000.0,
        "EBITDA": -2176000.0,
        "EBIT": -2177000.0,
        "Net Interest Income": 8000.0,
        "Interest Expense": NaN,
        "Interest Income": 8000.0,
        "Normalized Income": -1958806.183664,
        "Net Income From Continuing And Discontinued Operation": -1957000.0,
        "Total Expenses": 2187000.0,
        "Total Operating Income As Reported": -2177000.0,
        "Diluted Average Shares": 134512.0,
        "Basic Average Shares": 134512.0,
        "Diluted EPS": -2.88,
        "Basic EPS": -2.88,
        "Diluted NI Availto Com Stockholders": -1957000.0,
        "Net Income Common Stockholders": -1957000.0,
        "Preferred Stock Dividends": NaN,
        "Net Income": -1957000.0,
        "Net Income Including Noncontrolling Interests": -1957000.0,
        "Net Income Continuous Operations": -1957000.0,
        "Tax Provision": -210000.0,
        "Pretax Income": -2167000.0,
        "Other Income Expense": 2000.0,
        "Other Non Operating Income Expenses": NaN,
        "Special Income Charges": NaN,
        "Gain On Sale Of Business": NaN,
        "Gain On Sale Of Security": 2000.0,
        "Net Non Operating Interest Income Expense": 8000.0,
        "Interest Expense Non Operating": NaN,
        "Interest Income Non Operating": 8000.0,
        "Operating Income": -2177000.0,
        "Operating Expense": 2187000.0,
        "Research And Development": 950000.0,
        "Selling General And Administration": 1237000.0,
        "General And Administrative Expense": 1237000.0,
        "Other Gand A": 1237000.0,
        "Total Revenue": 10000.0,
        "Operating Revenue": 10000.0
    },
    "2024-12-31": {
        "Tax Effect Of Unusual Items": -12600.0,
        "Tax Rate For Calcs": 0.21,
        "Normalized EBITDA": -1825000.0,
        "Total Unusual Items": -60000.0,
        "Total Unusual Items Excluding Goodwill": -60000.0,
        "Net Income From Continuing Operation Net Minority Interest": -3052000.0,
        "Reconciled Depreciation": 1000.0,
        "EBITDA": -1885000.0,
        "EBIT": -1886000.0,
        "Net Interest Income": 30000.0,
        "Interest Expense": NaN,
        "Interest Income": NaN,
        "Normalized Income": -3004600.0,
        "Net Income From Continuing And Discontinued Operation": -3052000.0,
        "Total Expenses": 1828000.0,
        "Total Operating Income As Reported": -1828000.0,
        "Diluted Average Shares": 577652.0,
        "Basic Average Shares": 577652.0,
        "Diluted EPS": -5.28,
        "Basic EPS": -5.28,
        "Diluted NI Availto Com Stockholders": -3052000.0,
        "Net Income Common Stockholders": -3052000.0,
        "Preferred Stock Dividends": NaN,
        "Net Income": -3052000.0,
        "Net Income Including Noncontrolling Interests": -3052000.0,
        "Net Income Continuous Operations": -3052000.0,
        "Tax Provision": 1194000.0,
        "Pretax Income": -1858000.0,
        "Other Income Expense": -60000.0,
        "Other Non Operating Income Expenses": 0.0,
        "Special Income Charges": NaN,
        "Gain On Sale Of Business": NaN,
        "Gain On Sale Of Security": -60000.0,
        "Net Non Operating Interest Income Expense": 30000.0,
        "Interest Expense Non Operating": NaN,
        "Interest Income Non Operating": NaN,
        "Operating Income": -1828000.0,
        "Operating Expense": 1828000.0,
        "Research And Development": 880000.0,
        "Selling General And Administration": 948000.0,
        "General And Administrative Expense": 948000.0,
        "Other Gand A": 948000.0,
        "Total Revenue": 0.0,
        "Operating Revenue": 0.0
    },
    "2025-03-31": {
        "Tax Effect Of Unusual Items": 0.0,
        "Tax Rate For Calcs": 0.0,
        "Normalized EBITDA": -9975000.0,
        "Total Unusual Items": 4939000.0,
        "Total Unusual Items Excluding Goodwill": 4939000.0,
        "Net Income From Continuing Operation Net Minority Interest": -81000.0,
        "Reconciled Depreciation": 0.0,
        "EBITDA": -5036000.0,
        "EBIT": -5036000.0,
        "Net Interest Income": 6000.0,
        "Interest Expense": NaN,
        "Interest Income": 6000.0,
        "Normalized Income": -5020000.0,
        "Net Income From Continuing And Discontinued Operation": -81000.0,
        "Total Expenses": 5036000.0,
        "Total Operating Income As Reported": -5036000.0,
        "Diluted Average Shares": 12958524.0,
        "Basic Average Shares": 12958524.0,
        "Diluted EPS": 0.0,
        "Basic EPS": 0.0,
        "Diluted NI Availto Com Stockholders": -81000.0,
        "Net Income Common Stockholders": -81000.0,
        "Preferred Stock Dividends": NaN,
        "Net Income": -81000.0,
        "Net Income Including Noncontrolling Interests": -81000.0,
        "Net Income Continuous Operations": -81000.0,
        "Tax Provision": 0.0,
        "Pretax Income": -81000.0,
        "Other Income Expense": 4949000.0,
        "Other Non Operating Income Expenses": 10000.0,
        "Special Income Charges": 4947000.0,
        "Gain On Sale Of Business": 4947000.0,
        "Gain On Sale Of Security": -8000.0,
        "Net Non Operating Interest Income Expense": 6000.0,
        "Interest Expense Non Operating": NaN,
        "Interest Income Non Operating": 6000.0,
        "Operating Income": -5036000.0,
        "Operating Expense": 5036000.0,
        "Research And Development": 822000.0,
        "Selling General And Administration": 4214000.0,
        "General And Administrative Expense": 4214000.0,
        "Other Gand A": 4214000.0,
        "Total Revenue": 0.0,
        "Operating Revenue": 0.0
    }
}