{
    "2023-03-31": {
        "Tax Effect Of Unusual Items": NaN,
        "Tax Rate For Calcs": NaN,
        "Normalized EBITDA": NaN,
        "Total Unusual Items": NaN,
        "Total Unusual Items Excluding Goodwill": NaN,
        "Net Income From Continuing Operation Net Minority Interest": NaN,
        "Reconciled Depreciation": NaN,
        "Reconciled Cost Of Revenue": NaN,
        "EBITDA": NaN,
        "EBIT": NaN,
        "Net Interest Income": NaN,
        "Interest Expense": NaN,
        "Normalized Income": NaN,
        "Net Income From Continuing And Discontinued Operation": NaN,
        "Total Expenses": NaN,
        "Rent Expense Supplemental": NaN,
        "Total Operating Income As Reported": NaN,
        "Diluted Average Shares": NaN,
        "Basic Average Shares": NaN,
        "Diluted EPS": NaN,
        "Basic EPS": NaN,
        "Diluted NI Availto Com Stockholders": NaN,
        "Net Income Common Stockholders": NaN,
        "Net Income": NaN,
        "Minority Interests": NaN,
        "Net Income Including Noncontrolling Interests": NaN,
        "Net Income Continuous Operations": NaN,
        "Tax Provision": NaN,
        "Pretax Income": NaN,
        "Other Income Expense": NaN,
        "Special Income Charges": NaN,
        "Other Special Charges": NaN,
        "Write Off": NaN,
        "Impairment Of Capital Assets": -22000000.0,
        "Earnings From Equity Interest": NaN,
        "Net Non Operating Interest Income Expense": NaN,
        "Interest Expense Non Operating": NaN,
        "Operating Income": NaN,
        "Operating Expense": NaN,
        "Other Operating Expenses": NaN,
        "Depreciation Amortization Depletion Income Statement": NaN,
        "Depreciation And Amortization In Income Statement": NaN,
        "Depreciation Income Statement": 132000000.0,
        "Selling General And Administration": NaN,
        "General And Administrative Expense": NaN,
        "Rent And Landing Fees": NaN,
        "Gross Profit": NaN,
        "Cost Of Revenue": NaN,
        "Total Revenue": NaN,
        "Operating Revenue": NaN
    },
    "2022-12-31": {
        "Tax Effect Of Unusual Items": NaN,
        "Tax Rate For Calcs": NaN,
        "Normalized EBITDA": NaN,
        "Total Unusual Items": NaN,
        "Total Unusual Items Excluding Goodwill": NaN,
        "Net Income From Continuing Operation Net Minority Interest": NaN,
        "Reconciled Depreciation": NaN,
        "Reconciled Cost Of Revenue": NaN,
        "EBITDA": NaN,
        "EBIT": NaN,
        "Net Interest Income": NaN,
        "Interest Expense": NaN,
        "Normalized Income": NaN,
        "Net Income From Continuing And Discontinued Operation": NaN,
        "Total Expenses": NaN,
        "Rent Expense Supplemental": NaN,
        "Total Operating Income As Reported": NaN,
        "Diluted Average Shares": NaN,
        "Basic Average Shares": NaN,
        "Diluted EPS": NaN,
        "Basic EPS": NaN,
        "Diluted NI Availto Com Stockholders": NaN,
        "Net Income Common Stockholders": NaN,
        "Net Income": NaN,
        "Minority Interests": NaN,
        "Net Income Including Noncontrolling Interests": NaN,
        "Net Income Continuous Operations": NaN,
        "Tax Provision": NaN,
        "Pretax Income": NaN,
        "Other Income Expense": NaN,
        "Special Income Charges": NaN,
        "Gain On Sale Of Business": 0.0,
        "Other Special Charges": -182000000.0,
        "Write Off": NaN,
        "Impairment Of Capital Assets": NaN,
        "Earnings From Equity Interest": NaN,
        "Net Non Operating Interest Income Expense": NaN,
        "Interest Expense Non Operating": NaN,
        "Operating Income": NaN,
        "Operating Expense": NaN,
        "Other Operating Expenses": NaN,
        "Depreciation Amortization Depletion Income Statement": NaN,
        "Depreciation And Amortization In Income Statement": NaN,
        "Depreciation Income Statement": NaN,
        "Selling General And Administration": NaN,
        "General And Administrative Expense": NaN,
        "Rent And Landing Fees": NaN,
        "Gross Profit": NaN,
        "Cost Of Revenue": NaN,
        "Total Revenue": NaN,
        "Operating Revenue": NaN
    },
    "2022-09-30": {
        "Tax Effect Of Unusual Items": NaN,
        "Tax Rate For Calcs": NaN,
        "Normalized EBITDA": NaN,
        "Total Unusual Items": NaN,
        "Total Unusual Items Excluding Goodwill": NaN,
        "Net Income From Continuing Operation Net Minority Interest": NaN,
        "Reconciled Depreciation": NaN,
        "Reconciled Cost Of Revenue": NaN,
        "EBITDA": NaN,
        "EBIT": NaN,
        "Net Interest Income": NaN,
        "Interest Expense": NaN,
        "Normalized Income": NaN,
        "Net Income From Continuing And Discontinued Operation": NaN,
        "Total Expenses": NaN,
        "Rent Expense Supplemental": NaN,
        "Total Operating Income As Reported": NaN,
        "Diluted Average Shares": NaN,
        "Basic Average Shares": NaN,
        "Diluted EPS": NaN,
        "Basic EPS": NaN,
        "Diluted NI Availto Com Stockholders": NaN,
        "Net Income Common Stockholders": NaN,
        "Net Income": NaN,
        "Minority Interests": NaN,
        "Net Income Including Noncontrolling Interests": NaN,
        "Net Income Continuous Operations": NaN,
        "Tax Provision": NaN,
        "Pretax Income": NaN,
        "Other Income Expense": NaN,
        "Special Income Charges": NaN,
        "Gain On Sale Of Business": 0.0,
        "Other Special Charges": -193000000.0,
        "Write Off": 47000000.0,
        "Impairment Of Capital Assets": NaN,
        "Earnings From Equity Interest": NaN,
        "Net Non Operating Interest Income Expense": NaN,
        "Interest Expense Non Operating": NaN,
        "Operating Income": NaN,
        "Operating Expense": NaN,
        "Other Operating Expenses": NaN,
        "Depreciation Amortization Depletion Income Statement": NaN,
        "Depreciation And Amortization In Income Statement": NaN,
        "Depreciation Income Statement": NaN,
        "Selling General And Administration": NaN,
        "General And Administrative Expense": NaN,
        "Rent And Landing Fees": NaN,
        "Gross Profit": NaN,
        "Cost Of Revenue": NaN,
        "Total Revenue": NaN,
        "Operating Revenue": NaN
    },
    "2022-06-30": {
        "Tax Effect Of Unusual Items": 0.0,
        "Tax Rate For Calcs": 0.4,
        "Normalized EBITDA": 253000000.0,
        "Total Unusual Items": 0.0,
        "Total Unusual Items Excluding Goodwill": 0.0,
        "Net Income From Continuing Operation Net Minority Interest": -326000000.0,
        "Reconciled Depreciation": 133000000.0,
        "Reconciled Cost Of Revenue": 1782000000.0,
        "EBITDA": 253000000.0,
        "EBIT": 120000000.0,
        "Net Interest Income": -218000000.0,
        "Interest Expense": 218000000.0,
        "Normalized Income": -326000000.0,
        "Net Income From Continuing And Discontinued Operation": -326000000.0,
        "Total Expenses": 2815000000.0,
        "Rent Expense Supplemental": 78000000.0,
        "Total Operating Income As Reported": 119000000.0,
        "Diluted Average Shares": 129095571.0,
        "Basic Average Shares": 129095571.0,
        "Diluted EPS": -2.52,
        "Basic EPS": -2.52,
        "Diluted NI Availto Com Stockholders": -326000000.0,
        "Net Income Common Stockholders": -326000000.0,
        "Net Income": -326000000.0,
        "Minority Interests": -28000000.0,
        "Net Income Including Noncontrolling Interests": -298000000.0,
        "Net Income Continuous Operations": -298000000.0,
        "Tax Provision": 200000000.0,
        "Pretax Income": -98000000.0,
        "Other Income Expense": 1000000.0,
        "Other Non Operating Income Expenses": NaN,
        "Special Income Charges": 0.0,
        "Gain On Sale Of Business": NaN,
        "Other Special Charges": -8000000.0,
        "Impairment Of Capital Assets": 0.0,
        "Earnings From Equity Interest": 1000000.0,
        "Net Non Operating Interest Income Expense": -218000000.0,
        "Interest Expense Non Operating": 218000000.0,
        "Operating Income": 119000000.0,
        "Operating Expense": 1033000000.0,
        "Other Operating Expenses": 822000000.0,
        "Depreciation Amortization Depletion Income Statement": 133000000.0,
        "Depreciation And Amortization In Income Statement": 133000000.0,
        "Depreciation Income Statement": 133000000.0,
        "Selling General And Administration": 78000000.0,
        "General And Administrative Expense": 78000000.0,
        "Rent And Landing Fees": 78000000.0,
        "Gross Profit": 1152000000.0,
        "Cost Of Revenue": 1782000000.0,
        "Total Revenue": 2934000000.0,
        "Operating Revenue": 2934000000.0
    },
    "2023-06-30": {
        "Tax Effect Of Unusual Items": NaN,
        "Tax Rate For Calcs": NaN,
        "Normalized EBITDA": NaN,
        "Total Unusual Items": NaN,
        "Total Unusual Items Excluding Goodwill": NaN,
        "Net Income From Continuing Operation Net Minority Interest": NaN,
        "Reconciled Depreciation": NaN,
        "Reconciled Cost Of Revenue": NaN,
        "EBITDA": NaN,
        "EBIT": NaN,
        "Net Interest Income": NaN,
        "Interest Expense": NaN,
        "Normalized Income": NaN,
        "Net Income From Continuing And Discontinued Operation": NaN,
        "Total Expenses": NaN,
        "Rent Expense Supplemental": NaN,
        "Total Operating Income As Reported": NaN,
        "Diluted Average Shares": NaN,
        "Basic Average Shares": NaN,
        "Diluted EPS": NaN,
        "Basic EPS": NaN,
        "Diluted NI Availto Com Stockholders": NaN,
        "Net Income Common Stockholders": NaN,
        "Net Income": NaN,
        "Minority Interests": NaN,
        "Net Income Including Noncontrolling Interests": NaN,
        "Net Income Continuous Operations": NaN,
        "Tax Provision": NaN,
        "Pretax Income": NaN,
        "Other Income Expense": NaN,
        "Special Income Charges": NaN,
        "Other Special Charges": NaN,
        "Write Off": NaN,
        "Impairment Of Capital Assets": -13000000.0,
        "Earnings From Equity Interest": NaN,
        "Net Non Operating Interest Income Expense": NaN,
        "Interest Expense Non Operating": NaN,
        "Operating Income": NaN,
        "Operating Expense": NaN,
        "Other Operating Expenses": NaN,
        "Depreciation Amortization Depletion Income Statement": NaN,
        "Depreciation And Amortization In Income Statement": NaN,
        "Depreciation Income Statement": 124000000.0,
        "Selling General And Administration": NaN,
        "General And Administrative Expense": NaN,
        "Rent And Landing Fees": NaN,
        "Gross Profit": NaN,
        "Cost Of Revenue": NaN,
        "Total Revenue": NaN,
        "Operating Revenue": NaN
    },
    "2022-03-31": {
        "Diluted EPS": -0.01,
        "Total Revenue": NaN,
        "Gross Profit": NaN,
        "Operating Income": 270,
        "EBIT": 398,
        "Net Income": -1
    },
    "2021-12-31": {
        "Diluted EPS": 1.38,
        "Total Revenue": NaN,
        "Gross Profit": NaN,
        "Operating Income": 422,
        "EBIT": 554,
        "Net Income": 177
    },
    "2021-09-30": {
        "Diluted EPS": 0.85,
        "Total Revenue": NaN,
        "Gross Profit": NaN,
        "Operating Income": 340,
        "EBIT": 476,
        "Net Income": 111
    },
    "2021-06-30": {
        "Diluted EPS": 0.04,
        "Total Revenue": NaN,
        "Gross Profit": NaN,
        "Operating Income": 314,
        "EBIT": 448,
        "Net Income": 6
    },
    "2021-03-31": {
        "Diluted EPS": -0.51,
        "Total Revenue": NaN,
        "Gross Profit": NaN,
        "Operating Income": 326,
        "EBIT": 464,
        "Net Income": -64
    },
    "2020-12-31": {
        "Diluted EPS": 2.66,
        "Total Revenue": NaN,
        "Gross Profit": NaN,
        "Operating Income": 435,
        "EBIT": 569,
        "Net Income": 311
    },
    "2020-09-30": {
        "Diluted EPS": 0.97,
        "Total Revenue": NaN,
        "Gross Profit": NaN,
        "Operating Income": 285,
        "EBIT": 424,
        "Net Income": 112
    },
    "2020-06-30": {
        "Diluted EPS": 0.61,
        "Total Revenue": NaN,
        "Gross Profit": NaN,
        "Operating Income": 296,
        "EBIT": 437,
        "Net Income": 70
    },
    "2020-03-31": {
        "Diluted EPS": 0.15,
        "Total Revenue": NaN,
        "Gross Profit": NaN,
        "Operating Income": 110,
        "EBIT": 254,
        "Net Income": 18
    },
    "2019-12-31": {
        "Diluted EPS": -3.27,
        "Total Revenue": NaN,
        "Gross Profit": NaN,
        "Operating Income": 166,
        "EBIT": 318,
        "Net Income": -373
    },
    "2019-09-30": {
        "Diluted EPS": -0.15,
        "Total Revenue": NaN,
        "Gross Profit": NaN,
        "Operating Income": 184,
        "EBIT": 335,
        "Net Income": -17
    },
    "2019-06-30": {
        "Diluted EPS": -1.47,
        "Total Revenue": NaN,
        "Gross Profit": NaN,
        "Operating Income": 111,
        "EBIT": 263,
        "Net Income": -167
    },
    "2019-03-31": {
        "Diluted EPS": -1.04,
        "Total Revenue": NaN,
        "Gross Profit": NaN,
        "Operating Income": 189,
        "EBIT": 342,
        "Net Income": -118
    },
    "2018-12-31": {
        "Diluted EPS": -2.92,
        "Total Revenue": NaN,
        "Gross Profit": NaN,
        "Operating Income": -115,
        "EBIT": 54,
        "Net Income": -328
    },
    "2018-09-30": {
        "Diluted EPS": -2.88,
        "Total Revenue": NaN,
        "Gross Profit": NaN,
        "Operating Income": 74,
        "EBIT": 247,
        "Net Income": -325
    },
    "2018-06-30": {
        "Diluted EPS": -0.97,
        "Total Revenue": NaN,
        "Gross Profit": NaN,
        "Operating Income": 37,
        "EBIT": 214,
        "Net Income": -110
    },
    "2018-03-31": {
        "Diluted EPS": -0.22,
        "Total Revenue": NaN,
        "Gross Profit": NaN,
        "Operating Income": 212,
        "EBIT": 393,
        "Net Income": -25
    },
    "2017-12-31": {
        "Diluted EPS": -18.01,
        "Total Revenue": NaN,
        "Gross Profit": NaN,
        "Operating Income": NaN,
        "EBIT": NaN,
        "Net Income": NaN
    },
    "2017-09-30": {
        "Diluted EPS": -0.98,
        "Total Revenue": NaN,
        "Gross Profit": NaN,
        "Operating Income": 90,
        "EBIT": 297,
        "Net Income": -110
    },
    "2017-06-30": {
        "Diluted EPS": -1.22,
        "Total Revenue": NaN,
        "Gross Profit": NaN,
        "Operating Income": 113,
        "EBIT": 335,
        "Net Income": -137
    },
    "2017-03-31": {
        "Diluted EPS": -1.79,
        "Total Revenue": NaN,
        "Gross Profit": NaN,
        "Operating Income": 71,
        "EBIT": 307,
        "Net Income": -199
    },
    "2016-12-31": {
        "Diluted EPS": -2.02,
        "Total Revenue": NaN,
        "Gross Profit": NaN,
        "Operating Income": 75,
        "EBIT": 336,
        "Net Income": -221
    },
    "2016-09-30": {
        "Diluted EPS": -0.71,
        "Total Revenue": NaN,
        "Gross Profit": NaN,
        "Operating Income": 146,
        "EBIT": 411,
        "Net Income": -79
    },
    "2016-06-30": {
        "Diluted EPS": -12.91,
        "Total Revenue": NaN,
        "Gross Profit": NaN,
        "Operating Income": NaN,
        "EBIT": NaN,
        "Net Income": NaN
    },
    "2016-03-31": {
        "Diluted EPS": 0.1,
        "Total Revenue": NaN,
        "Gross Profit": NaN,
        "Operating Income": 294,
        "EBIT": 592,
        "Net Income": 11
    },
    "2015-12-31": {
        "Diluted EPS": -0.7,
        "Total Revenue": NaN,
        "Gross Profit": NaN,
        "Operating Income": 146,
        "EBIT": 444,
        "Net Income": -84
    },
    "2015-09-30": {
        "Diluted EPS": 0.44,
        "Total Revenue": NaN,
        "Gross Profit": NaN,
        "Operating Income": 351,
        "EBIT": 639,
        "Net Income": 52
    },
    "2015-06-30": {
        "Diluted EPS": 0.95,
        "Total Revenue": NaN,
        "Gross Profit": NaN,
        "Operating Income": 441,
        "EBIT": 733,
        "Net Income": 111
    },
    "2015-03-31": {
        "Diluted EPS": 0.68,
        "Total Revenue": NaN,
        "Gross Profit": NaN,
        "Operating Income": 399,
        "EBIT": 695,
        "Net Income": 79
    },
    "2014-12-31": {
        "Diluted EPS": 0.96,
        "Total Revenue": NaN,
        "Gross Profit": NaN,
        "Operating Income": 439,
        "EBIT": 729,
        "Net Income": 100
    },
    "2014-09-30": {
        "Diluted EPS": 0.54,
        "Total Revenue": NaN,
        "Gross Profit": NaN,
        "Operating Income": 370,
        "EBIT": 650,
        "Net Income": 62
    },
    "2014-06-30": {
        "Diluted EPS": 0.37,
        "Total Revenue": NaN,
        "Gross Profit": NaN,
        "Operating Income": 352,
        "EBIT": 667,
        "Net Income": 42
    },
    "2014-03-31": {
        "Diluted EPS": -1.05,
        "Total Revenue": NaN,
        "Gross Profit": NaN,
        "Operating Income": 178,
        "EBIT": 480,
        "Net Income": -112
    },
    "2013-12-31": {
        "Diluted EPS": 0.29,
        "Total Revenue": NaN,
        "Gross Profit": NaN,
        "Operating Income": 233,
        "EBIT": 433,
        "Net Income": 28
    },
    "2013-09-30": {
        "Diluted EPS": 0.04,
        "Total Revenue": NaN,
        "Gross Profit": NaN,
        "Operating Income": 177,
        "EBIT": 373,
        "Net Income": 4
    },
    "2013-06-30": {
        "Diluted EPS": 0.32,
        "Total Revenue": NaN,
        "Gross Profit": NaN,
        "Operating Income": 219,
        "EBIT": 414,
        "Net Income": 30
    },
    "2013-03-31": {
        "Diluted EPS": 0.86,
        "Total Revenue": NaN,
        "Gross Profit": NaN,
        "Operating Income": 288,
        "EBIT": 480,
        "Net Income": 79
    },
    "2012-12-31": {
        "Diluted EPS": 0.69,
        "Total Revenue": NaN,
        "Gross Profit": NaN,
        "Operating Income": 299,
        "EBIT": 489,
        "Net Income": 63
    },
    "2012-09-30": {
        "Diluted EPS": 0.49,
        "Total Revenue": NaN,
        "Gross Profit": NaN,
        "Operating Income": 288,
        "EBIT": 470,
        "Net Income": 44
    },
    "2012-06-30": {
        "Diluted EPS": 0.93,
        "Total Revenue": NaN,
        "Gross Profit": NaN,
        "Operating Income": 290,
        "EBIT": 470,
        "Net Income": 83
    },
    "2012-03-31": {
        "Diluted EPS": 0.85,
        "Total Revenue": NaN,
        "Gross Profit": NaN,
        "Operating Income": 349,
        "EBIT": 523,
        "Net Income": 75
    },
    "2011-12-31": {
        "Diluted EPS": 0.35,
        "Total Revenue": NaN,
        "Gross Profit": NaN,
        "Operating Income": 281,
        "EBIT": 453,
        "Net Income": 31
    },
    "2011-09-30": {
        "Diluted EPS": 0.83,
        "Total Revenue": NaN,
        "Gross Profit": NaN,
        "Operating Income": 284,
        "EBIT": 445,
        "Net Income": 74
    },
    "2011-06-30": {
        "Diluted EPS": 0.39,
        "Total Revenue": NaN,
        "Gross Profit": NaN,
        "Operating Income": 289,
        "EBIT": 452,
        "Net Income": 35
    },
    "2011-03-31": {
        "Diluted EPS": 0.67,
        "Total Revenue": NaN,
        "Gross Profit": NaN,
        "Operating Income": 281,
        "EBIT": 442,
        "Net Income": 61
    },
    "2010-12-31": {
        "Diluted EPS": 0.76,
        "Total Revenue": NaN,
        "Gross Profit": NaN,
        "Operating Income": 285,
        "EBIT": 442,
        "Net Income": 70
    },
    "2010-09-30": {
        "Diluted EPS": 0.76,
        "Total Revenue": NaN,
        "Gross Profit": NaN,
        "Operating Income": 285,
        "EBIT": 436,
        "Net Income": 70
    },
    "2010-06-30": {
        "Diluted EPS": 0.74,
        "Total Revenue": NaN,
        "Gross Profit": NaN,
        "Operating Income": 281,
        "EBIT": 434,
        "Net Income": 70
    },
    "2010-03-31": {
        "Diluted EPS": 0.75,
        "Total Revenue": NaN,
        "Gross Profit": NaN,
        "Operating Income": 275,
        "EBIT": 423,
        "Net Income": 70
    },
    "2009-12-31": {
        "Diluted EPS": 0.71,
        "Total Revenue": NaN,
        "Gross Profit": NaN,
        "Operating Income": 281,
        "EBIT": 426,
        "Net Income": 65
    },
    "2009-09-30": {
        "Diluted EPS": 0.65,
        "Total Revenue": NaN,
        "Gross Profit": NaN,
        "Operating Income": 267,
        "EBIT": 411,
        "Net Income": 60
    },
    "2009-06-30": {
        "Diluted EPS": 0.65,
        "Total Revenue": NaN,
        "Gross Profit": NaN,
        "Operating Income": 261,
        "EBIT": 404,
        "Net Income": 59
    },
    "2009-03-31": {
        "Diluted EPS": 0.65,
        "Total Revenue": NaN,
        "Gross Profit": NaN,
        "Operating Income": 255,
        "EBIT": 391,
        "Net Income": 59
    },
    "2023-09-30": {
        "Tax Effect Of Unusual Items": NaN,
        "Tax Rate For Calcs": NaN,
        "Normalized EBITDA": NaN,
        "Total Unusual Items": NaN,
        "Total Unusual Items Excluding Goodwill": NaN,
        "Net Income From Continuing Operation Net Minority Interest": NaN,
        "Reconciled Depreciation": NaN,
        "Reconciled Cost Of Revenue": NaN,
        "EBITDA": NaN,
        "EBIT": NaN,
        "Net Interest Income": NaN,
        "Interest Expense": NaN,
        "Normalized Income": NaN,
        "Net Income From Continuing And Discontinued Operation": NaN,
        "Total Expenses": NaN,
        "Rent Expense Supplemental": NaN,
        "Total Operating Income As Reported": NaN,
        "Diluted Average Shares": NaN,
        "Basic Average Shares": NaN,
        "Diluted EPS": NaN,
        "Basic EPS": NaN,
        "Diluted NI Availto Com Stockholders": NaN,
        "Net Income Common Stockholders": NaN,
        "Net Income": NaN,
        "Minority Interests": NaN,
        "Net Income Including Noncontrolling Interests": NaN,
        "Net Income Continuous Operations": NaN,
        "Tax Provision": NaN,
        "Pretax Income": NaN,
        "Other Income Expense": NaN,
        "Special Income Charges": NaN,
        "Other Special Charges": NaN,
        "Write Off": NaN,
        "Impairment Of Capital Assets": 26000000.0,
        "Earnings From Equity Interest": NaN,
        "Net Non Operating Interest Income Expense": NaN,
        "Interest Expense Non Operating": NaN,
        "Operating Income": NaN,
        "Operating Expense": NaN,
        "Other Operating Expenses": NaN,
        "Depreciation Amortization Depletion Income Statement": NaN,
        "Depreciation And Amortization In Income Statement": NaN,
        "Depreciation Income Statement": NaN,
        "Selling General And Administration": NaN,
        "General And Administrative Expense": NaN,
        "Rent And Landing Fees": NaN,
        "Salaries And Wages": NaN,
        "Gross Profit": NaN,
        "Cost Of Revenue": NaN,
        "Total Revenue": NaN,
        "Operating Revenue": NaN
    },
    "2023-12-31": {
        "Tax Effect Of Unusual Items": NaN,
        "Tax Rate For Calcs": NaN,
        "Normalized EBITDA": NaN,
        "Total Unusual Items": NaN,
        "Total Unusual Items Excluding Goodwill": NaN,
        "Net Income From Continuing Operation Net Minority Interest": NaN,
        "Reconciled Depreciation": NaN,
        "Reconciled Cost Of Revenue": NaN,
        "EBITDA": NaN,
        "EBIT": NaN,
        "Net Interest Income": NaN,
        "Interest Expense": NaN,
        "Normalized Income": NaN,
        "Net Income From Continuing And Discontinued Operation": NaN,
        "Total Expenses": NaN,
        "Rent Expense Supplemental": NaN,
        "Total Operating Income As Reported": NaN,
        "Diluted Average Shares": NaN,
        "Basic Average Shares": NaN,
        "Diluted EPS": NaN,
        "Basic EPS": NaN,
        "Diluted NI Availto Com Stockholders": NaN,
        "Net Income Common Stockholders": NaN,
        "Net Income": NaN,
        "Minority Interests": NaN,
        "Net Income Including Noncontrolling Interests": NaN,
        "Net Income Continuous Operations": NaN,
        "Tax Provision": NaN,
        "Pretax Income": NaN,
        "Other Income Expense": NaN,
        "Special Income Charges": NaN,
        "Other Special Charges": NaN,
        "Write Off": NaN,
        "Impairment Of Capital Assets": -78000000.0,
        "Earnings From Equity Interest": NaN,
        "Net Non Operating Interest Income Expense": NaN,
        "Interest Expense Non Operating": NaN,
        "Operating Income": NaN,
        "Operating Expense": NaN,
        "Other Operating Expenses": NaN,
        "Depreciation Amortization Depletion Income Statement": NaN,
        "Depreciation And Amortization In Income Statement": NaN,
        "Depreciation Income Statement": NaN,
        "Selling General And Administration": NaN,
        "General And Administrative Expense": NaN,
        "Rent And Landing Fees": NaN,
        "Salaries And Wages": NaN,
        "Gross Profit": NaN,
        "Cost Of Revenue": NaN,
        "Total Revenue": NaN,
        "Operating Revenue": NaN
    },
    "2024-03-31": {
        "Tax Effect Of Unusual Items": NaN,
        "Tax Rate For Calcs": NaN,
        "Normalized EBITDA": NaN,
        "Total Unusual Items": NaN,
        "Total Unusual Items Excluding Goodwill": NaN,
        "Net Income From Continuing Operation Net Minority Interest": NaN,
        "Reconciled Depreciation": NaN,
        "Reconciled Cost Of Revenue": NaN,
        "EBITDA": NaN,
        "EBIT": NaN,
        "Net Interest Income": NaN,
        "Interest Expense": NaN,
        "Normalized Income": NaN,
        "Net Income From Continuing And Discontinued Operation": NaN,
        "Total Expenses": NaN,
        "Rent Expense Supplemental": NaN,
        "Total Operating Income As Reported": NaN,
        "Diluted Average Shares": NaN,
        "Basic Average Shares": NaN,
        "Diluted EPS": NaN,
        "Basic EPS": NaN,
        "Diluted NI Availto Com Stockholders": NaN,
        "Net Income Common Stockholders": NaN,
        "Net Income": NaN,
        "Minority Interests": NaN,
        "Net Income Including Noncontrolling Interests": NaN,
        "Net Income Continuous Operations": NaN,
        "Tax Provision": NaN,
        "Pretax Income": NaN,
        "Other Income Expense": NaN,
        "Special Income Charges": NaN,
        "Other Special Charges": NaN,
        "Write Off": NaN,
        "Impairment Of Capital Assets": 17000000.0,
        "Earnings From Equity Interest": NaN,
        "Net Non Operating Interest Income Expense": NaN,
        "Interest Expense Non Operating": NaN,
        "Operating Income": NaN,
        "Operating Expense": NaN,
        "Other Operating Expenses": NaN,
        "Depreciation Amortization Depletion Income Statement": NaN,
        "Depreciation And Amortization In Income Statement": NaN,
        "Depreciation Income Statement": 115000000.0,
        "Selling General And Administration": NaN,
        "General And Administrative Expense": NaN,
        "Rent And Landing Fees": NaN,
        "Salaries And Wages": NaN,
        "Gross Profit": NaN,
        "Cost Of Revenue": NaN,
        "Total Revenue": NaN,
        "Operating Revenue": NaN
    },
    "2024-06-30": {
        "Tax Effect Of Unusual Items": 3360000.0,
        "Tax Rate For Calcs": 0.21,
        "Normalized EBITDA": 376000000.0,
        "Total Unusual Items": 16000000.0,
        "Total Unusual Items Excluding Goodwill": 16000000.0,
        "Net Income From Continuing Operation Net Minority Interest": -13000000.0,
        "Reconciled Depreciation": 126000000.0,
        "Reconciled Cost Of Revenue": 482000000.0,
        "EBITDA": 392000000.0,
        "EBIT": 266000000.0,
        "Net Interest Income": -216000000.0,
        "Interest Expense": 216000000.0,
        "Normalized Income": -25640000.0,
        "Net Income From Continuing And Discontinued Operation": -13000000.0,
        "Total Expenses": 2892000000.0,
        "Rent Expense Supplemental": 73000000.0,
        "Total Operating Income As Reported": 238000000.0,
        "Diluted Average Shares": 132000000.0,
        "Basic Average Shares": 132000000.0,
        "Diluted EPS": -0.1,
        "Basic EPS": -0.1,
        "Diluted NI Availto Com Stockholders": -13000000.0,
        "Net Income Common Stockholders": -13000000.0,
        "Net Income": -13000000.0,
        "Minority Interests": -39000000.0,
        "Net Income Including Noncontrolling Interests": 26000000.0,
        "Net Income Continuous Operations": 26000000.0,
        "Tax Provision": 24000000.0,
        "Pretax Income": 50000000.0,
        "Other Income Expense": 18000000.0,
        "Special Income Charges": 16000000.0,
        "Other Special Charges": -26000000.0,
        "Write Off": 10000000.0,
        "Impairment Of Capital Assets": NaN,
        "Earnings From Equity Interest": 2000000.0,
        "Net Non Operating Interest Income Expense": -216000000.0,
        "Interest Expense Non Operating": 216000000.0,
        "Operating Income": 248000000.0,
        "Operating Expense": 2409000000.0,
        "Other Operating Expenses": 882000000.0,
        "Depreciation Amortization Depletion Income Statement": 125000000.0,
        "Depreciation And Amortization In Income Statement": 125000000.0,
        "Depreciation Income Statement": 125000000.0,
        "Selling General And Administration": 1402000000.0,
        "General And Administrative Expense": 1402000000.0,
        "Rent And Landing Fees": 73000000.0,
        "Salaries And Wages": 1329000000.0,
        "Gross Profit": 2657000000.0,
        "Cost Of Revenue": 483000000.0,
        "Total Revenue": 3140000000.0,
        "Operating Revenue": 3140000000.0
    },
    "2024-09-30": {
        "Tax Effect Of Unusual Items": -40851000.0,
        "Tax Rate For Calcs": 0.153,
        "Normalized EBITDA": 181000000.0,
        "Total Unusual Items": -267000000.0,
        "Total Unusual Items Excluding Goodwill": -267000000.0,
        "Net Income From Continuing Operation Net Minority Interest": -391000000.0,
        "Reconciled Depreciation": 116000000.0,
        "Reconciled Cost Of Revenue": 470000000.0,
        "EBITDA": -86000000.0,
        "EBIT": -203000000.0,
        "Net Interest Income": -216000000.0,
        "Interest Expense": 216000000.0,
        "Normalized Income": -164851000.0,
        "Net Income From Continuing And Discontinued Operation": -391000000.0,
        "Total Expenses": 3028000000.0,
        "Rent Expense Supplemental": 73000000.0,
        "Total Operating Income As Reported": -205000000.0,
        "Diluted Average Shares": 132000000.0,
        "Basic Average Shares": 132000000.0,
        "Diluted EPS": -2.95,
        "Basic EPS": -2.95,
        "Diluted NI Availto Com Stockholders": -391000000.0,
        "Net Income Common Stockholders": -391000000.0,
        "Net Income": -391000000.0,
        "Minority Interests": -36000000.0,
        "Net Income Including Noncontrolling Interests": -355000000.0,
        "Net Income Continuous Operations": -355000000.0,
        "Tax Provision": -64000000.0,
        "Pretax Income": -419000000.0,
        "Other Income Expense": -265000000.0,
        "Special Income Charges": -267000000.0,
        "Other Special Charges": NaN,
        "Write Off": 267000000.0,
        "Impairment Of Capital Assets": NaN,
        "Earnings From Equity Interest": 2000000.0,
        "Net Non Operating Interest Income Expense": -216000000.0,
        "Interest Expense Non Operating": 216000000.0,
        "Operating Income": 62000000.0,
        "Operating Expense": 2559000000.0,
        "Other Operating Expenses": 1010000000.0,
        "Depreciation Amortization Depletion Income Statement": 117000000.0,
        "Depreciation And Amortization In Income Statement": 117000000.0,
        "Depreciation Income Statement": NaN,
        "Selling General And Administration": 1432000000.0,
        "General And Administrative Expense": 1432000000.0,
        "Rent And Landing Fees": 73000000.0,
        "Salaries And Wages": 1359000000.0,
        "Gross Profit": 2621000000.0,
        "Cost Of Revenue": 469000000.0,
        "Total Revenue": 3090000000.0,
        "Operating Revenue": 3090000000.0
    },
    "2024-12-31": {
        "Tax Effect Of Unusual Items": -1470000.0,
        "Tax Rate For Calcs": 0.21,
        "Normalized EBITDA": 420000000.0,
        "Total Unusual Items": -7000000.0,
        "Total Unusual Items Excluding Goodwill": -7000000.0,
        "Net Income From Continuing Operation Net Minority Interest": -70000000.0,
        "Reconciled Depreciation": 129000000.0,
        "Reconciled Cost Of Revenue": 507000000.0,
        "EBITDA": 413000000.0,
        "EBIT": 284000000.0,
        "Net Interest Income": -217000000.0,
        "Interest Expense": 220000000.0,
        "Normalized Income": -64470000.0,
        "Net Income From Continuing And Discontinued Operation": -70000000.0,
        "Total Expenses": 2980000000.0,
        "Rent Expense Supplemental": 75000000.0,
        "Total Operating Income As Reported": 278000000.0,
        "Diluted Average Shares": 132000000.0,
        "Basic Average Shares": 132000000.0,
        "Diluted EPS": -0.53,
        "Basic EPS": -0.53,
        "Diluted NI Availto Com Stockholders": -70000000.0,
        "Net Income Common Stockholders": -70000000.0,
        "Net Income": -70000000.0,
        "Minority Interests": -42000000.0,
        "Net Income Including Noncontrolling Interests": -28000000.0,
        "Net Income Continuous Operations": -28000000.0,
        "Tax Provision": 92000000.0,
        "Pretax Income": 64000000.0,
        "Other Income Expense": -4000000.0,
        "Special Income Charges": -7000000.0,
        "Other Special Charges": 0.0,
        "Write Off": 7000000.0,
        "Impairment Of Capital Assets": NaN,
        "Earnings From Equity Interest": 3000000.0,
        "Net Non Operating Interest Income Expense": -217000000.0,
        "Interest Expense Non Operating": 220000000.0,
        "Operating Income": 285000000.0,
        "Operating Expense": 2473000000.0,
        "Other Operating Expenses": 905000000.0,
        "Depreciation Amortization Depletion Income Statement": 129000000.0,
        "Depreciation And Amortization In Income Statement": 129000000.0,
        "Depreciation Income Statement": NaN,
        "Selling General And Administration": 1439000000.0,
        "General And Administrative Expense": 1439000000.0,
        "Rent And Landing Fees": 75000000.0,
        "Salaries And Wages": 1364000000.0,
        "Gross Profit": 2758000000.0,
        "Cost Of Revenue": 507000000.0,
        "Total Revenue": 3265000000.0,
        "Operating Revenue": 3265000000.0
    },
    "2025-03-31": {
        "Tax Effect Of Unusual Items": 5040000.0,
        "Tax Rate For Calcs": 0.21,
        "Normalized EBITDA": 367000000.0,
        "Total Unusual Items": 24000000.0,
        "Total Unusual Items Excluding Goodwill": 24000000.0,
        "Net Income From Continuing Operation Net Minority Interest": -13000000.0,
        "Reconciled Depreciation": 105000000.0,
        "Reconciled Cost Of Revenue": 489000000.0,
        "EBITDA": 391000000.0,
        "EBIT": 286000000.0,
        "Net Interest Income": -219000000.0,
        "Interest Expense": 219000000.0,
        "Normalized Income": -31960000.0,
        "Net Income From Continuing And Discontinued Operation": -13000000.0,
        "Total Expenses": 2899000000.0,
        "Rent Expense Supplemental": 68000000.0,
        "Total Operating Income As Reported": 284000000.0,
        "Diluted Average Shares": 133000000.0,
        "Basic Average Shares": 133000000.0,
        "Diluted EPS": -0.1,
        "Basic EPS": -0.1,
        "Diluted NI Availto Com Stockholders": -13000000.0,
        "Net Income Common Stockholders": -13000000.0,
        "Net Income": -13000000.0,
        "Minority Interests": -38000000.0,
        "Net Income Including Noncontrolling Interests": 25000000.0,
        "Net Income Continuous Operations": 25000000.0,
        "Tax Provision": 42000000.0,
        "Pretax Income": 67000000.0,
        "Other Income Expense": 26000000.0,
        "Special Income Charges": 24000000.0,
        "Other Special Charges": NaN,
        "Write Off": -24000000.0,
        "Impairment Of Capital Assets": NaN,
        "Earnings From Equity Interest": 2000000.0,
        "Net Non Operating Interest Income Expense": -219000000.0,
        "Interest Expense Non Operating": 219000000.0,
        "Operating Income": 260000000.0,
        "Operating Expense": 2410000000.0,
        "Other Operating Expenses": 865000000.0,
        "Depreciation Amortization Depletion Income Statement": 105000000.0,
        "Depreciation And Amortization In Income Statement": 105000000.0,
        "Depreciation Income Statement": 105000000.0,
        "Selling General And Administration": 1440000000.0,
        "General And Administrative Expense": 1440000000.0,
        "Rent And Landing Fees": 68000000.0,
        "Salaries And Wages": 1372000000.0,
        "Gross Profit": 2670000000.0,
        "Cost Of Revenue": 489000000.0,
        "Total Revenue": 3159000000.0,
        "Operating Revenue": 3159000000.0
    },
    "2025-06-30": {
        "Tax Effect Of Unusual Items": 101413000.0,
        "Tax Rate For Calcs": 0.269,
        "Normalized EBITDA": 381000000.0,
        "Total Unusual Items": 377000000.0,
        "Total Unusual Items Excluding Goodwill": 377000000.0,
        "Net Income From Continuing Operation Net Minority Interest": 282000000.0,
        "Reconciled Depreciation": 106000000.0,
        "Reconciled Cost Of Revenue": 468000000.0,
        "EBITDA": 758000000.0,
        "EBIT": 652000000.0,
        "Net Interest Income": -214000000.0,
        "Interest Expense": 214000000.0,
        "Normalized Income": 6413000.0,
        "Net Income From Continuing And Discontinued Operation": 282000000.0,
        "Total Expenses": 2860000000.0,
        "Rent Expense Supplemental": 74000000.0,
        "Total Operating Income As Reported": 512000000.0,
        "Diluted Average Shares": 135000000.0,
        "Basic Average Shares": 134000000.0,
        "Diluted EPS": 2.09,
        "Basic EPS": 2.11,
        "Diluted NI Availto Com Stockholders": 282000000.0,
        "Net Income Common Stockholders": 282000000.0,
        "Net Income": 282000000.0,
        "Minority Interests": -38000000.0,
        "Net Income Including Noncontrolling Interests": 320000000.0,
        "Net Income Continuous Operations": 320000000.0,
        "Tax Provision": 118000000.0,
        "Pretax Income": 438000000.0,
        "Other Income Expense": 379000000.0,
        "Special Income Charges": 377000000.0,
        "Other Special Charges": -138000000.0,
        "Write Off": -239000000.0,
        "Impairment Of Capital Assets": NaN,
        "Earnings From Equity Interest": 2000000.0,
        "Net Non Operating Interest Income Expense": -214000000.0,
        "Interest Expense Non Operating": 214000000.0,
        "Operating Income": 273000000.0,
        "Operating Expense": 2391000000.0,
        "Other Operating Expenses": 885000000.0,
        "Depreciation Amortization Depletion Income Statement": 105000000.0,
        "Depreciation And Amortization In Income Statement": 105000000.0,
        "Depreciation Income Statement": 105000000.0,
        "Selling General And Administration": 1401000000.0,
        "General And Administrative Expense": 1401000000.0,
        "Rent And Landing Fees": 74000000.0,
        "Salaries And Wages": 1327000000.0,
        "Gross Profit": 2664000000.0,
        "Cost Of Revenue": 469000000.0,
        "Total Revenue": 3133000000.0,
        "Operating Revenue": 3133000000.0
    }
}