{
    "2023-03-31": {
        "Tax Effect Of Unusual Items": NaN,
        "Tax Rate For Calcs": NaN,
        "Normalized EBITDA": NaN,
        "Total Unusual Items": NaN,
        "Total Unusual Items Excluding Goodwill": NaN,
        "Net Income From Continuing Operation Net Minority Interest": NaN,
        "Reconciled Depreciation": NaN,
        "Reconciled Cost Of Revenue": NaN,
        "EBITDA": NaN,
        "EBIT": NaN,
        "Normalized Income": NaN,
        "Net Income From Continuing And Discontinued Operation": NaN,
        "Total Expenses": NaN,
        "Total Operating Income As Reported": NaN,
        "Diluted Average Shares": 11003588.0,
        "Basic Average Shares": 11003588.0,
        "Diluted EPS": -0.46,
        "Basic EPS": -0.46,
        "Diluted NI Availto Com Stockholders": NaN,
        "Net Income Common Stockholders": NaN,
        "Net Income": NaN,
        "Net Income Including Noncontrolling Interests": NaN,
        "Net Income Continuous Operations": NaN,
        "Tax Provision": NaN,
        "Pretax Income": NaN,
        "Other Income Expense": NaN,
        "Other Non Operating Income Expenses": NaN,
        "Special Income Charges": NaN,
        "Gain On Sale Of Ppe": 0.0,
        "Gain On Sale Of Security": NaN,
        "Operating Income": NaN,
        "Operating Expense": NaN,
        "Other Operating Expenses": NaN,
        "Depreciation Amortization Depletion Income Statement": NaN,
        "Depreciation And Amortization In Income Statement": NaN,
        "Depreciation Income Statement": NaN,
        "Research And Development": NaN,
        "Selling General And Administration": NaN,
        "Selling And Marketing Expense": NaN,
        "General And Administrative Expense": NaN,
        "Other Gand A": NaN,
        "Salaries And Wages": NaN,
        "Gross Profit": NaN,
        "Cost Of Revenue": NaN,
        "Total Revenue": NaN,
        "Operating Revenue": NaN
    },
    "2022-12-31": {
        "Tax Effect Of Unusual Items": NaN,
        "Tax Rate For Calcs": NaN,
        "Normalized EBITDA": NaN,
        "Total Unusual Items": NaN,
        "Total Unusual Items Excluding Goodwill": NaN,
        "Net Income From Continuing Operation Net Minority Interest": NaN,
        "Reconciled Depreciation": NaN,
        "Reconciled Cost Of Revenue": NaN,
        "EBITDA": NaN,
        "EBIT": NaN,
        "Normalized Income": NaN,
        "Net Income From Continuing And Discontinued Operation": NaN,
        "Total Expenses": NaN,
        "Total Operating Income As Reported": NaN,
        "Diluted Average Shares": NaN,
        "Basic Average Shares": NaN,
        "Diluted EPS": NaN,
        "Basic EPS": NaN,
        "Diluted NI Availto Com Stockholders": NaN,
        "Net Income Common Stockholders": NaN,
        "Net Income": NaN,
        "Net Income Including Noncontrolling Interests": NaN,
        "Net Income Continuous Operations": NaN,
        "Tax Provision": NaN,
        "Pretax Income": NaN,
        "Other Income Expense": NaN,
        "Other Non Operating Income Expenses": NaN,
        "Special Income Charges": NaN,
        "Gain On Sale Of Ppe": NaN,
        "Other Special Charges": 0.0,
        "Gain On Sale Of Security": NaN,
        "Operating Income": NaN,
        "Operating Expense": NaN,
        "Other Operating Expenses": NaN,
        "Depreciation Amortization Depletion Income Statement": NaN,
        "Depreciation And Amortization In Income Statement": NaN,
        "Depreciation Income Statement": NaN,
        "Research And Development": NaN,
        "Selling General And Administration": NaN,
        "Selling And Marketing Expense": NaN,
        "General And Administrative Expense": NaN,
        "Other Gand A": NaN,
        "Salaries And Wages": NaN,
        "Gross Profit": NaN,
        "Cost Of Revenue": NaN,
        "Total Revenue": NaN,
        "Operating Revenue": NaN
    },
    "2022-09-30": {
        "Tax Effect Of Unusual Items": NaN,
        "Tax Rate For Calcs": NaN,
        "Normalized EBITDA": NaN,
        "Total Unusual Items": NaN,
        "Total Unusual Items Excluding Goodwill": NaN,
        "Net Income From Continuing Operation Net Minority Interest": NaN,
        "Reconciled Depreciation": NaN,
        "Reconciled Cost Of Revenue": NaN,
        "EBITDA": NaN,
        "EBIT": NaN,
        "Normalized Income": NaN,
        "Net Income From Continuing And Discontinued Operation": NaN,
        "Total Expenses": NaN,
        "Total Operating Income As Reported": NaN,
        "Diluted Average Shares": 8447630.0,
        "Basic Average Shares": 8447630.0,
        "Diluted EPS": -0.5,
        "Basic EPS": -0.5,
        "Diluted NI Availto Com Stockholders": NaN,
        "Net Income Common Stockholders": NaN,
        "Net Income": NaN,
        "Net Income Including Noncontrolling Interests": NaN,
        "Net Income Continuous Operations": NaN,
        "Tax Provision": NaN,
        "Pretax Income": NaN,
        "Other Income Expense": NaN,
        "Other Non Operating Income Expenses": NaN,
        "Special Income Charges": NaN,
        "Gain On Sale Of Ppe": NaN,
        "Other Special Charges": NaN,
        "Gain On Sale Of Security": NaN,
        "Operating Income": NaN,
        "Operating Expense": NaN,
        "Other Operating Expenses": NaN,
        "Depreciation Amortization Depletion Income Statement": NaN,
        "Depreciation And Amortization In Income Statement": NaN,
        "Depreciation Income Statement": NaN,
        "Research And Development": NaN,
        "Selling General And Administration": NaN,
        "Selling And Marketing Expense": NaN,
        "General And Administrative Expense": NaN,
        "Other Gand A": NaN,
        "Salaries And Wages": NaN,
        "Gross Profit": NaN,
        "Cost Of Revenue": NaN,
        "Total Revenue": NaN,
        "Operating Revenue": NaN
    },
    "2022-06-30": {
        "Tax Effect Of Unusual Items": 0.0,
        "Tax Rate For Calcs": 0.0,
        "Normalized EBITDA": -3455317.0,
        "Total Unusual Items": 4034.0,
        "Total Unusual Items Excluding Goodwill": 4034.0,
        "Net Income From Continuing Operation Net Minority Interest": -3451990.0,
        "Reconciled Depreciation": 4741.0,
        "Reconciled Cost Of Revenue": 73667.0,
        "EBITDA": -3451283.0,
        "EBIT": -3456024.0,
        "Normalized Income": -3456024.0,
        "Net Income From Continuing And Discontinued Operation": -3451990.0,
        "Total Expenses": 3997910.0,
        "Total Operating Income As Reported": -3456024.0,
        "Diluted Average Shares": 8424003.0,
        "Basic Average Shares": 8424003.0,
        "Diluted EPS": -0.41,
        "Basic EPS": -0.41,
        "Diluted NI Availto Com Stockholders": -3451990.0,
        "Net Income Common Stockholders": -3451990.0,
        "Net Income": -3451990.0,
        "Net Income Including Noncontrolling Interests": -3451990.0,
        "Net Income Continuous Operations": -3451990.0,
        "Tax Provision": 0.0,
        "Pretax Income": -3451990.0,
        "Other Income Expense": 4034.0,
        "Special Income Charges": 0.0,
        "Other Special Charges": NaN,
        "Gain On Sale Of Security": 4034.0,
        "Operating Income": -3456024.0,
        "Operating Expense": 3924243.0,
        "Other Operating Expenses": 3675.0,
        "Depreciation Amortization Depletion Income Statement": 4741.0,
        "Depreciation And Amortization In Income Statement": 4741.0,
        "Depreciation Income Statement": 4741.0,
        "Research And Development": 1874383.0,
        "Selling General And Administration": 2041444.0,
        "Selling And Marketing Expense": 5101.0,
        "General And Administrative Expense": 2036343.0,
        "Other Gand A": 941453.0,
        "Salaries And Wages": 1094890.0,
        "Gross Profit": 468219.0,
        "Cost Of Revenue": 73667.0,
        "Total Revenue": 541886.0,
        "Operating Revenue": 541886.0
    },
    "2022-03-31": {
        "Diluted EPS": -0.33,
        "Total Revenue": 0,
        "Gross Profit": 0,
        "Operating Income": -3,
        "EBIT": -3,
        "Net Income": -3
    },
    "2021-12-31": {
        "Diluted EPS": -0.32,
        "Total Revenue": 1,
        "Gross Profit": 1,
        "Operating Income": -3,
        "EBIT": -3,
        "Net Income": -3
    },
    "2021-09-30": {
        "Diluted EPS": -0.6,
        "Total Revenue": 0,
        "Gross Profit": 0,
        "Operating Income": -4,
        "EBIT": -4,
        "Net Income": -4
    },
    "2021-06-30": {
        "Diluted EPS": -0.56,
        "Total Revenue": 0,
        "Gross Profit": 0,
        "Operating Income": -4,
        "EBIT": -4,
        "Net Income": -4
    },
    "2021-03-31": {
        "Diluted EPS": -0.76,
        "Total Revenue": 0,
        "Gross Profit": 0,
        "Operating Income": -4,
        "EBIT": -4,
        "Net Income": -4
    },
    "2020-12-31": {
        "Diluted EPS": -0.89,
        "Total Revenue": 0,
        "Gross Profit": 0,
        "Operating Income": -3,
        "EBIT": -3,
        "Net Income": -3
    },
    "2020-09-30": {
        "Diluted EPS": -0.94,
        "Total Revenue": 0,
        "Gross Profit": 0,
        "Operating Income": -1,
        "EBIT": -1,
        "Net Income": -1
    },
    "2020-06-30": {
        "Diluted EPS": -1.6,
        "Total Revenue": 0,
        "Gross Profit": 0,
        "Operating Income": -2,
        "EBIT": -2,
        "Net Income": -2
    },
    "2020-03-31": {
        "Diluted EPS": -2.17,
        "Total Revenue": 0,
        "Gross Profit": 0,
        "Operating Income": -3,
        "EBIT": -3,
        "Net Income": -3
    },
    "2019-12-31": {
        "Diluted EPS": -2.97,
        "Total Revenue": 0,
        "Gross Profit": 0,
        "Operating Income": -3,
        "EBIT": -3,
        "Net Income": -3
    },
    "2019-09-30": {
        "Diluted EPS": -1.0,
        "Total Revenue": 0,
        "Gross Profit": 0,
        "Operating Income": -2,
        "EBIT": -2,
        "Net Income": -2
    },
    "2019-06-30": {
        "Diluted EPS": -1.0,
        "Total Revenue": 0,
        "Gross Profit": 0,
        "Operating Income": -1,
        "EBIT": -1,
        "Net Income": -1
    },
    "2019-03-31": {
        "Diluted EPS": -2.0,
        "Total Revenue": 0,
        "Gross Profit": 0,
        "Operating Income": -2,
        "EBIT": -2,
        "Net Income": -2
    },
    "2018-12-31": {
        "Diluted EPS": -1.0,
        "Total Revenue": 0,
        "Gross Profit": 0,
        "Operating Income": -1,
        "EBIT": -1,
        "Net Income": -1
    },
    "2018-09-30": {
        "Diluted EPS": -1.0,
        "Total Revenue": 0,
        "Gross Profit": 0,
        "Operating Income": -1,
        "EBIT": -1,
        "Net Income": -1
    },
    "2018-06-30": {
        "Diluted EPS": -2.0,
        "Total Revenue": 0,
        "Gross Profit": 0,
        "Operating Income": -1,
        "EBIT": -1,
        "Net Income": -1
    },
    "2018-03-31": {
        "Diluted EPS": -1.0,
        "Total Revenue": 0,
        "Gross Profit": 0,
        "Operating Income": -1,
        "EBIT": -1,
        "Net Income": -1
    },
    "2017-12-31": {
        "Diluted EPS": -2.0,
        "Total Revenue": 0,
        "Gross Profit": 0,
        "Operating Income": -1,
        "EBIT": -1,
        "Net Income": -1
    },
    "2017-09-30": {
        "Diluted EPS": -1.0,
        "Total Revenue": 0,
        "Gross Profit": 0,
        "Operating Income": -1,
        "EBIT": -1,
        "Net Income": -1
    },
    "2017-06-30": {
        "Diluted EPS": -1.0,
        "Total Revenue": 1,
        "Gross Profit": 0,
        "Operating Income": -1,
        "EBIT": -1,
        "Net Income": -1
    },
    "2017-03-31": {
        "Diluted EPS": -1.0,
        "Total Revenue": 0,
        "Gross Profit": 0,
        "Operating Income": -1,
        "EBIT": -1,
        "Net Income": -1
    },
    "2016-12-31": {
        "Diluted EPS": -2.0,
        "Total Revenue": 1,
        "Gross Profit": 0,
        "Operating Income": -1,
        "EBIT": -1,
        "Net Income": -1
    },
    "2016-09-30": {
        "Diluted EPS": -2.0,
        "Total Revenue": 0,
        "Gross Profit": 0,
        "Operating Income": -2,
        "EBIT": -1,
        "Net Income": -2
    },
    "2016-06-30": {
        "Diluted EPS": -2.0,
        "Total Revenue": 0,
        "Gross Profit": 0,
        "Operating Income": -1,
        "EBIT": -1,
        "Net Income": -1
    },
    "2016-03-31": {
        "Diluted EPS": -1.0,
        "Total Revenue": 0,
        "Gross Profit": 0,
        "Operating Income": -1,
        "EBIT": -1,
        "Net Income": -1
    },
    "2015-12-31": {
        "Diluted EPS": -2.0,
        "Total Revenue": 0,
        "Gross Profit": 0,
        "Operating Income": -1,
        "EBIT": -1,
        "Net Income": -1
    },
    "2015-09-30": {
        "Diluted EPS": -1.0,
        "Total Revenue": 0,
        "Gross Profit": 0,
        "Operating Income": -1,
        "EBIT": -1,
        "Net Income": -1
    },
    "2015-06-30": {
        "Diluted EPS": -1.0,
        "Total Revenue": 0,
        "Gross Profit": 0,
        "Operating Income": 0,
        "EBIT": 0,
        "Net Income": 0
    },
    "2015-03-31": {
        "Diluted EPS": -1.0,
        "Total Revenue": 0,
        "Gross Profit": 0,
        "Operating Income": 0,
        "EBIT": 0,
        "Net Income": 0
    },
    "2014-12-31": {
        "Diluted EPS": 0.0,
        "Total Revenue": 0,
        "Gross Profit": 0,
        "Operating Income": 0,
        "EBIT": 0,
        "Net Income": 0
    },
    "2014-09-30": {
        "Diluted EPS": 0.0,
        "Total Revenue": 0,
        "Gross Profit": 0,
        "Operating Income": 0,
        "EBIT": 0,
        "Net Income": 0
    },
    "2014-06-30": {
        "Diluted EPS": 0.0,
        "Total Revenue": 0,
        "Gross Profit": 0,
        "Operating Income": 0,
        "EBIT": 0,
        "Net Income": 0
    },
    "2014-03-31": {
        "Diluted EPS": 0.0,
        "Total Revenue": 1,
        "Gross Profit": 1,
        "Operating Income": 1,
        "EBIT": 1,
        "Net Income": 0
    },
    "2013-12-31": {
        "Diluted EPS": 0.0,
        "Total Revenue": NaN,
        "Gross Profit": NaN,
        "Operating Income": NaN,
        "EBIT": NaN,
        "Net Income": NaN
    },
    "2013-09-30": {
        "Diluted EPS": 0.0,
        "Total Revenue": NaN,
        "Gross Profit": NaN,
        "Operating Income": NaN,
        "EBIT": NaN,
        "Net Income": NaN
    },
    "2013-06-30": {
        "Diluted EPS": 1.0,
        "Total Revenue": 1,
        "Gross Profit": 1,
        "Operating Income": 1,
        "EBIT": 1,
        "Net Income": 0
    },
    "2013-03-31": {
        "Diluted EPS": 0.0,
        "Total Revenue": 1,
        "Gross Profit": 1,
        "Operating Income": 1,
        "EBIT": 1,
        "Net Income": 0
    },
    "2012-12-31": {
        "Diluted EPS": 0.0,
        "Total Revenue": NaN,
        "Gross Profit": NaN,
        "Operating Income": NaN,
        "EBIT": NaN,
        "Net Income": NaN
    },
    "2012-09-30": {
        "Diluted EPS": 0.0,
        "Total Revenue": NaN,
        "Gross Profit": NaN,
        "Operating Income": NaN,
        "EBIT": NaN,
        "Net Income": NaN
    },
    "2012-06-30": {
        "Diluted EPS": 0.0,
        "Total Revenue": 0,
        "Gross Profit": 0,
        "Operating Income": 0,
        "EBIT": 0,
        "Net Income": 0
    },
    "2012-03-31": {
        "Diluted EPS": 0.0,
        "Total Revenue": 0,
        "Gross Profit": 0,
        "Operating Income": 0,
        "EBIT": 0,
        "Net Income": 0
    },
    "2011-12-31": {
        "Diluted EPS": -1.0,
        "Total Revenue": 0,
        "Gross Profit": 0,
        "Operating Income": 0,
        "EBIT": 0,
        "Net Income": 0
    },
    "2011-09-30": {
        "Diluted EPS": 0.0,
        "Total Revenue": 0,
        "Gross Profit": 0,
        "Operating Income": 0,
        "EBIT": 0,
        "Net Income": 0
    },
    "2011-06-30": {
        "Diluted EPS": 0.0,
        "Total Revenue": 0,
        "Gross Profit": 0,
        "Operating Income": 0,
        "EBIT": 0,
        "Net Income": 0
    },
    "2011-03-31": {
        "Diluted EPS": 0.0,
        "Total Revenue": 0,
        "Gross Profit": 0,
        "Operating Income": 0,
        "EBIT": 0,
        "Net Income": 0
    },
    "2010-12-31": {
        "Diluted EPS": 0.0,
        "Total Revenue": 0,
        "Gross Profit": 0,
        "Operating Income": 0,
        "EBIT": 0,
        "Net Income": 0
    },
    "2010-09-30": {
        "Diluted EPS": 0.0,
        "Total Revenue": 0,
        "Gross Profit": 0,
        "Operating Income": 0,
        "EBIT": 0,
        "Net Income": 0
    },
    "2010-06-30": {
        "Diluted EPS": 0.0,
        "Total Revenue": 0,
        "Gross Profit": 0,
        "Operating Income": 0,
        "EBIT": 0,
        "Net Income": 0
    },
    "2010-03-31": {
        "Diluted EPS": 0.0,
        "Total Revenue": 0,
        "Gross Profit": 0,
        "Operating Income": 0,
        "EBIT": 0,
        "Net Income": 0
    },
    "2009-12-31": {
        "Diluted EPS": 0.0,
        "Total Revenue": 0,
        "Gross Profit": 0,
        "Operating Income": 0,
        "EBIT": 0,
        "Net Income": 0
    },
    "2009-09-30": {
        "Diluted EPS": 0.0,
        "Total Revenue": 0,
        "Gross Profit": 0,
        "Operating Income": 0,
        "EBIT": 0,
        "Net Income": 0
    },
    "2009-06-30": {
        "Diluted EPS": 0.0,
        "Total Revenue": 0,
        "Gross Profit": 0,
        "Operating Income": 0,
        "EBIT": 0,
        "Net Income": 0
    },
    "2009-03-31": {
        "Diluted EPS": 0.0,
        "Total Revenue": 0,
        "Gross Profit": 0,
        "Operating Income": 0,
        "EBIT": 0,
        "Net Income": 0
    },
    "2023-06-30": {
        "Tax Effect Of Unusual Items": NaN,
        "Tax Rate For Calcs": NaN,
        "Normalized EBITDA": NaN,
        "Total Unusual Items": NaN,
        "Total Unusual Items Excluding Goodwill": NaN,
        "Net Income From Continuing Operation Net Minority Interest": NaN,
        "Reconciled Depreciation": NaN,
        "Reconciled Cost Of Revenue": NaN,
        "EBITDA": NaN,
        "EBIT": NaN,
        "Normalized Income": NaN,
        "Net Income From Continuing And Discontinued Operation": NaN,
        "Total Expenses": NaN,
        "Total Operating Income As Reported": NaN,
        "Diluted Average Shares": 14042214.0,
        "Basic Average Shares": 14042214.0,
        "Diluted EPS": -0.33,
        "Basic EPS": -0.33,
        "Diluted NI Availto Com Stockholders": NaN,
        "Net Income Common Stockholders": NaN,
        "Net Income": NaN,
        "Net Income Including Noncontrolling Interests": NaN,
        "Net Income Continuous Operations": NaN,
        "Tax Provision": NaN,
        "Pretax Income": NaN,
        "Other Income Expense": NaN,
        "Other Non Operating Income Expenses": NaN,
        "Special Income Charges": NaN,
        "Gain On Sale Of Ppe": 0.0,
        "Gain On Sale Of Security": NaN,
        "Operating Income": NaN,
        "Operating Expense": NaN,
        "Other Operating Expenses": NaN,
        "Depreciation Amortization Depletion Income Statement": NaN,
        "Depreciation And Amortization In Income Statement": NaN,
        "Depreciation Income Statement": NaN,
        "Research And Development": NaN,
        "Selling General And Administration": NaN,
        "Selling And Marketing Expense": NaN,
        "General And Administrative Expense": NaN,
        "Other Gand A": NaN,
        "Salaries And Wages": NaN,
        "Gross Profit": NaN,
        "Cost Of Revenue": NaN,
        "Total Revenue": NaN,
        "Operating Revenue": NaN
    },
    "2023-09-30": {
        "Tax Effect Of Unusual Items": 0.0,
        "Tax Rate For Calcs": 0.0,
        "Normalized EBITDA": -4758748.0,
        "Total Unusual Items": -3893.0,
        "Total Unusual Items Excluding Goodwill": -3893.0,
        "Net Income From Continuing Operation Net Minority Interest": -4771353.0,
        "Reconciled Depreciation": 4819.0,
        "Reconciled Cost Of Revenue": 38767.0,
        "EBITDA": -4762641.0,
        "EBIT": -4767460.0,
        "Normalized Income": -4767460.0,
        "Net Income From Continuing And Discontinued Operation": -4771353.0,
        "Total Expenses": 5262937.0,
        "Total Operating Income As Reported": -4767460.0,
        "Diluted Average Shares": 16191723.0,
        "Basic Average Shares": 16191723.0,
        "Diluted EPS": -0.29,
        "Basic EPS": -0.29,
        "Diluted NI Availto Com Stockholders": -4771353.0,
        "Net Income Common Stockholders": -4771353.0,
        "Net Income": -4771353.0,
        "Net Income Including Noncontrolling Interests": -4771353.0,
        "Net Income Continuous Operations": -4771353.0,
        "Tax Provision": 0.0,
        "Pretax Income": -4771353.0,
        "Other Income Expense": -3893.0,
        "Other Non Operating Income Expenses": NaN,
        "Special Income Charges": 0.0,
        "Gain On Sale Of Ppe": 0.0,
        "Gain On Sale Of Security": -3893.0,
        "Operating Income": -4767460.0,
        "Operating Expense": 5224170.0,
        "Other Operating Expenses": 221454.0,
        "Depreciation Amortization Depletion Income Statement": 4819.0,
        "Depreciation And Amortization In Income Statement": 4819.0,
        "Depreciation Income Statement": 4819.0,
        "Research And Development": 3469067.0,
        "Selling General And Administration": 1528830.0,
        "Selling And Marketing Expense": 1297.0,
        "General And Administrative Expense": 1527533.0,
        "Other Gand A": 597095.0,
        "Salaries And Wages": 930438.0,
        "Gross Profit": 456710.0,
        "Cost Of Revenue": 38767.0,
        "Total Revenue": 495477.0,
        "Operating Revenue": 495477.0
    },
    "2023-12-31": {
        "Tax Effect Of Unusual Items": 0.0,
        "Tax Rate For Calcs": 0.0,
        "Normalized EBITDA": -5637818.0,
        "Total Unusual Items": 114.0,
        "Total Unusual Items Excluding Goodwill": 114.0,
        "Net Income From Continuing Operation Net Minority Interest": -5642409.0,
        "Reconciled Depreciation": 4819.0,
        "Reconciled Cost Of Revenue": 15495.0,
        "EBITDA": -5637704.0,
        "EBIT": -5642523.0,
        "Normalized Income": -5642523.0,
        "Net Income From Continuing And Discontinued Operation": -5642409.0,
        "Total Expenses": 5953922.0,
        "Total Operating Income As Reported": -5642523.0,
        "Diluted Average Shares": NaN,
        "Basic Average Shares": NaN,
        "Diluted EPS": NaN,
        "Basic EPS": NaN,
        "Diluted NI Availto Com Stockholders": -5642409.0,
        "Net Income Common Stockholders": -5642409.0,
        "Net Income": -5642409.0,
        "Net Income Including Noncontrolling Interests": -5642409.0,
        "Net Income Continuous Operations": -5642409.0,
        "Tax Provision": 0.0,
        "Pretax Income": -5642409.0,
        "Other Income Expense": 114.0,
        "Other Non Operating Income Expenses": NaN,
        "Special Income Charges": 0.0,
        "Gain On Sale Of Ppe": NaN,
        "Gain On Sale Of Security": 114.0,
        "Operating Income": -5642523.0,
        "Operating Expense": 5938427.0,
        "Other Operating Expenses": 390101.0,
        "Depreciation Amortization Depletion Income Statement": 4819.0,
        "Depreciation And Amortization In Income Statement": 4819.0,
        "Depreciation Income Statement": 4819.0,
        "Research And Development": 4144336.0,
        "Selling General And Administration": 1399171.0,
        "Selling And Marketing Expense": 1383.0,
        "General And Administrative Expense": 1397788.0,
        "Other Gand A": 449425.0,
        "Salaries And Wages": 948363.0,
        "Gross Profit": 295904.0,
        "Cost Of Revenue": 15495.0,
        "Total Revenue": 311399.0,
        "Operating Revenue": 311399.0
    },
    "2024-03-31": {
        "Tax Effect Of Unusual Items": 0.0,
        "Tax Rate For Calcs": 0.0,
        "Normalized EBITDA": -5332827.0,
        "Total Unusual Items": 225755.0,
        "Total Unusual Items Excluding Goodwill": 225755.0,
        "Net Income From Continuing Operation Net Minority Interest": -4343063.0,
        "Reconciled Depreciation": 2177.0,
        "Reconciled Cost Of Revenue": 11823.0,
        "EBITDA": -5107072.0,
        "EBIT": -5109249.0,
        "Normalized Income": -4568818.0,
        "Net Income From Continuing And Discontinued Operation": -4343063.0,
        "Total Expenses": 5311699.0,
        "Total Operating Income As Reported": -5121062.0,
        "Diluted Average Shares": 28585228.0,
        "Basic Average Shares": 28585228.0,
        "Diluted EPS": -0.15,
        "Basic EPS": -0.15,
        "Diluted NI Availto Com Stockholders": -4343063.0,
        "Net Income Common Stockholders": -4343063.0,
        "Net Income": -4343063.0,
        "Net Income Including Noncontrolling Interests": -4343063.0,
        "Net Income Continuous Operations": -4343063.0,
        "Tax Provision": 0.0,
        "Pretax Income": -4343063.0,
        "Other Income Expense": 766186.0,
        "Other Non Operating Income Expenses": 540431.0,
        "Special Income Charges": -11813.0,
        "Gain On Sale Of Ppe": -11813.0,
        "Gain On Sale Of Security": 237568.0,
        "Operating Income": -5109249.0,
        "Operating Expense": 5299876.0,
        "Other Operating Expenses": 894576.0,
        "Depreciation Amortization Depletion Income Statement": 2177.0,
        "Depreciation And Amortization In Income Statement": 2177.0,
        "Depreciation Income Statement": 2177.0,
        "Research And Development": 2845483.0,
        "Selling General And Administration": 1557640.0,
        "Selling And Marketing Expense": 373.0,
        "General And Administrative Expense": 1557267.0,
        "Other Gand A": 630388.0,
        "Salaries And Wages": 926879.0,
        "Gross Profit": 190627.0,
        "Cost Of Revenue": 11823.0,
        "Total Revenue": 202450.0,
        "Operating Revenue": 202450.0
    },
    "2024-06-30": {
        "Tax Effect Of Unusual Items": 0.0,
        "Tax Rate For Calcs": 0.0,
        "Normalized EBITDA": -5437637.0,
        "Total Unusual Items": -195877.0,
        "Total Unusual Items Excluding Goodwill": -195877.0,
        "Net Income From Continuing Operation Net Minority Interest": -5981254.0,
        "Reconciled Depreciation": 2177.0,
        "Reconciled Cost Of Revenue": 13381.0,
        "EBITDA": -5633514.0,
        "EBIT": -5635691.0,
        "Normalized Income": -5785377.0,
        "Net Income From Continuing And Discontinued Operation": -5981254.0,
        "Total Expenses": 5758795.0,
        "Total Operating Income As Reported": -5635691.0,
        "Diluted Average Shares": 28638878.0,
        "Basic Average Shares": 28638878.0,
        "Diluted EPS": -0.21,
        "Basic EPS": -0.21,
        "Diluted NI Availto Com Stockholders": -5981254.0,
        "Net Income Common Stockholders": -5981254.0,
        "Net Income": -5981254.0,
        "Net Income Including Noncontrolling Interests": -5981254.0,
        "Net Income Continuous Operations": -5981254.0,
        "Tax Provision": 0.0,
        "Pretax Income": -5981254.0,
        "Other Income Expense": -345563.0,
        "Other Non Operating Income Expenses": -149686.0,
        "Special Income Charges": 0.0,
        "Gain On Sale Of Ppe": 0.0,
        "Gain On Sale Of Security": -195877.0,
        "Operating Income": -5635691.0,
        "Operating Expense": 5745414.0,
        "Other Operating Expenses": 836542.0,
        "Depreciation Amortization Depletion Income Statement": 2177.0,
        "Depreciation And Amortization In Income Statement": 2177.0,
        "Depreciation Income Statement": 2177.0,
        "Research And Development": 3491800.0,
        "Selling General And Administration": 1414895.0,
        "Selling And Marketing Expense": 501.0,
        "General And Administrative Expense": 1414394.0,
        "Other Gand A": 387443.0,
        "Salaries And Wages": 1026951.0,
        "Gross Profit": 109723.0,
        "Cost Of Revenue": 13381.0,
        "Total Revenue": 123104.0,
        "Operating Revenue": 123104.0
    },
    "2024-09-30": {
        "Tax Effect Of Unusual Items": 0.0,
        "Tax Rate For Calcs": 0.0,
        "Normalized EBITDA": -8836887.0,
        "Total Unusual Items": 549621.0,
        "Total Unusual Items Excluding Goodwill": 549621.0,
        "Net Income From Continuing Operation Net Minority Interest": -8832944.0,
        "Reconciled Depreciation": 2177.0,
        "Reconciled Cost Of Revenue": 16798.0,
        "EBITDA": -8287266.0,
        "EBIT": -8289443.0,
        "Normalized Income": -9382565.0,
        "Net Income From Continuing And Discontinued Operation": -8832944.0,
        "Total Expenses": 8523215.0,
        "Total Operating Income As Reported": -8289443.0,
        "Diluted Average Shares": 28729641.0,
        "Basic Average Shares": 28729641.0,
        "Diluted EPS": -0.31,
        "Basic EPS": -0.31,
        "Diluted NI Availto Com Stockholders": -8832944.0,
        "Net Income Common Stockholders": -8832944.0,
        "Net Income": -8832944.0,
        "Net Income Including Noncontrolling Interests": -8832944.0,
        "Net Income Continuous Operations": -8832944.0,
        "Tax Provision": 0.0,
        "Pretax Income": -8832944.0,
        "Other Income Expense": -543501.0,
        "Other Non Operating Income Expenses": -1093122.0,
        "Special Income Charges": 0.0,
        "Gain On Sale Of Ppe": 0.0,
        "Gain On Sale Of Security": 549621.0,
        "Operating Income": -8289443.0,
        "Operating Expense": 8506417.0,
        "Other Operating Expenses": 644085.0,
        "Depreciation Amortization Depletion Income Statement": 2177.0,
        "Depreciation And Amortization In Income Statement": 2177.0,
        "Depreciation Income Statement": 2177.0,
        "Research And Development": 5492844.0,
        "Selling General And Administration": 2367311.0,
        "Selling And Marketing Expense": 441.0,
        "General And Administrative Expense": 2366870.0,
        "Other Gand A": 1412432.0,
        "Salaries And Wages": 954438.0,
        "Gross Profit": 216974.0,
        "Cost Of Revenue": 16798.0,
        "Total Revenue": 233772.0,
        "Operating Revenue": 233772.0
    }
}