{
    "2023-03-31": {
        "Tax Effect Of Unusual Items": NaN,
        "Tax Rate For Calcs": NaN,
        "Normalized EBITDA": NaN,
        "Total Unusual Items": NaN,
        "Total Unusual Items Excluding Goodwill": NaN,
        "Net Income From Continuing Operation Net Minority Interest": NaN,
        "Reconciled Depreciation": NaN,
        "Reconciled Cost Of Revenue": NaN,
        "EBITDA": NaN,
        "EBIT": NaN,
        "Net Interest Income": NaN,
        "Interest Expense": NaN,
        "Interest Income": NaN,
        "Normalized Income": NaN,
        "Net Income From Continuing And Discontinued Operation": NaN,
        "Total Expenses": NaN,
        "Total Operating Income As Reported": NaN,
        "Diluted Average Shares": NaN,
        "Basic Average Shares": NaN,
        "Diluted EPS": NaN,
        "Basic EPS": NaN,
        "Diluted NI Availto Com Stockholders": NaN,
        "Net Income Common Stockholders": NaN,
        "Net Income": NaN,
        "Net Income Including Noncontrolling Interests": NaN,
        "Net Income Continuous Operations": NaN,
        "Pretax Income": NaN,
        "Other Income Expense": NaN,
        "Other Non Operating Income Expenses": NaN,
        "Special Income Charges": 0.0,
        "Gain On Sale Of Security": NaN,
        "Net Non Operating Interest Income Expense": NaN,
        "Interest Expense Non Operating": NaN,
        "Interest Income Non Operating": NaN,
        "Operating Income": NaN,
        "Operating Expense": NaN,
        "Selling General And Administration": NaN,
        "General And Administrative Expense": NaN,
        "Other Gand A": NaN,
        "Gross Profit": NaN,
        "Cost Of Revenue": NaN,
        "Total Revenue": NaN,
        "Operating Revenue": NaN
    },
    "2022-12-31": {
        "Tax Effect Of Unusual Items": NaN,
        "Tax Rate For Calcs": NaN,
        "Normalized EBITDA": NaN,
        "Total Unusual Items": NaN,
        "Total Unusual Items Excluding Goodwill": NaN,
        "Net Income From Continuing Operation Net Minority Interest": NaN,
        "Reconciled Depreciation": NaN,
        "Reconciled Cost Of Revenue": NaN,
        "EBITDA": NaN,
        "EBIT": NaN,
        "Net Interest Income": NaN,
        "Interest Expense": NaN,
        "Interest Income": NaN,
        "Normalized Income": NaN,
        "Net Income From Continuing And Discontinued Operation": NaN,
        "Total Expenses": NaN,
        "Total Operating Income As Reported": NaN,
        "Diluted Average Shares": NaN,
        "Basic Average Shares": NaN,
        "Diluted EPS": NaN,
        "Basic EPS": NaN,
        "Diluted NI Availto Com Stockholders": NaN,
        "Net Income Common Stockholders": NaN,
        "Net Income": NaN,
        "Net Income Including Noncontrolling Interests": NaN,
        "Net Income Continuous Operations": NaN,
        "Pretax Income": NaN,
        "Other Income Expense": 0.0,
        "Other Non Operating Income Expenses": NaN,
        "Special Income Charges": 0.0,
        "Other Special Charges": 0.0,
        "Gain On Sale Of Security": NaN,
        "Net Non Operating Interest Income Expense": NaN,
        "Interest Expense Non Operating": NaN,
        "Interest Income Non Operating": NaN,
        "Operating Income": NaN,
        "Operating Expense": NaN,
        "Selling General And Administration": NaN,
        "General And Administrative Expense": NaN,
        "Other Gand A": NaN,
        "Gross Profit": NaN,
        "Cost Of Revenue": NaN,
        "Total Revenue": NaN,
        "Operating Revenue": NaN
    },
    "2022-09-30": {
        "Tax Effect Of Unusual Items": NaN,
        "Tax Rate For Calcs": NaN,
        "Normalized EBITDA": NaN,
        "Total Unusual Items": NaN,
        "Total Unusual Items Excluding Goodwill": NaN,
        "Net Income From Continuing Operation Net Minority Interest": NaN,
        "Reconciled Depreciation": NaN,
        "Reconciled Cost Of Revenue": NaN,
        "EBITDA": NaN,
        "EBIT": NaN,
        "Net Interest Income": NaN,
        "Interest Expense": NaN,
        "Interest Income": NaN,
        "Normalized Income": NaN,
        "Net Income From Continuing And Discontinued Operation": NaN,
        "Total Expenses": NaN,
        "Total Operating Income As Reported": NaN,
        "Diluted Average Shares": NaN,
        "Basic Average Shares": NaN,
        "Diluted EPS": NaN,
        "Basic EPS": NaN,
        "Diluted NI Availto Com Stockholders": NaN,
        "Net Income Common Stockholders": NaN,
        "Net Income": NaN,
        "Net Income Including Noncontrolling Interests": NaN,
        "Net Income Continuous Operations": NaN,
        "Pretax Income": NaN,
        "Other Income Expense": -22246000.0,
        "Special Income Charges": NaN,
        "Other Special Charges": 22246000.0,
        "Net Non Operating Interest Income Expense": NaN,
        "Interest Expense Non Operating": NaN,
        "Interest Income Non Operating": NaN,
        "Operating Income": NaN,
        "Operating Expense": NaN,
        "Selling General And Administration": NaN,
        "General And Administrative Expense": NaN,
        "Other Gand A": NaN,
        "Gross Profit": NaN,
        "Cost Of Revenue": NaN,
        "Total Revenue": NaN,
        "Operating Revenue": NaN
    },
    "2022-06-30": {
        "Tax Effect Of Unusual Items": 0.0,
        "Tax Rate For Calcs": 0.0,
        "Normalized EBITDA": -10010000.0,
        "Total Unusual Items": 0.0,
        "Total Unusual Items Excluding Goodwill": 0.0,
        "Net Income From Continuing Operation Net Minority Interest": -19820000.0,
        "Reconciled Depreciation": 1407000.0,
        "Reconciled Cost Of Revenue": 57126000.0,
        "EBITDA": -10010000.0,
        "EBIT": -10010000.0,
        "Net Interest Income": -8946000.0,
        "Interest Expense": 9810000.0,
        "Interest Income": 864000.0,
        "Normalized Income": -19820000.0,
        "Net Income From Continuing And Discontinued Operation": -19820000.0,
        "Total Expenses": 99842000.0,
        "Total Operating Income As Reported": -10874000.0,
        "Diluted Average Shares": 85731000.0,
        "Basic Average Shares": 85731000.0,
        "Diluted EPS": -0.23,
        "Basic EPS": -0.23,
        "Diluted NI Availto Com Stockholders": -19820000.0,
        "Net Income Common Stockholders": -19820000.0,
        "Net Income": -19820000.0,
        "Net Income Including Noncontrolling Interests": -19820000.0,
        "Net Income Continuous Operations": -19820000.0,
        "Tax Provision": NaN,
        "Pretax Income": -19820000.0,
        "Other Income Expense": NaN,
        "Special Income Charges": 0.0,
        "Other Special Charges": NaN,
        "Net Non Operating Interest Income Expense": -8946000.0,
        "Interest Expense Non Operating": 9810000.0,
        "Interest Income Non Operating": 864000.0,
        "Operating Income": -10874000.0,
        "Operating Expense": 42716000.0,
        "Selling General And Administration": 42716000.0,
        "General And Administrative Expense": 42716000.0,
        "Other Gand A": 42716000.0,
        "Gross Profit": 31842000.0,
        "Cost Of Revenue": 57126000.0,
        "Total Revenue": 88968000.0,
        "Operating Revenue": 1968000.0
    },
    "2023-06-30": {
        "Tax Effect Of Unusual Items": NaN,
        "Tax Rate For Calcs": NaN,
        "Normalized EBITDA": NaN,
        "Total Unusual Items": NaN,
        "Total Unusual Items Excluding Goodwill": NaN,
        "Net Income From Continuing Operation Net Minority Interest": NaN,
        "Reconciled Depreciation": NaN,
        "Reconciled Cost Of Revenue": NaN,
        "EBITDA": NaN,
        "EBIT": NaN,
        "Net Interest Income": NaN,
        "Interest Expense": NaN,
        "Interest Income": NaN,
        "Normalized Income": NaN,
        "Net Income From Continuing And Discontinued Operation": NaN,
        "Total Expenses": NaN,
        "Total Operating Income As Reported": NaN,
        "Diluted Average Shares": NaN,
        "Basic Average Shares": NaN,
        "Diluted EPS": NaN,
        "Basic EPS": NaN,
        "Diluted NI Availto Com Stockholders": NaN,
        "Net Income Common Stockholders": NaN,
        "Net Income": NaN,
        "Net Income Including Noncontrolling Interests": NaN,
        "Net Income Continuous Operations": NaN,
        "Pretax Income": NaN,
        "Other Income Expense": NaN,
        "Other Non Operating Income Expenses": NaN,
        "Special Income Charges": 0.0,
        "Gain On Sale Of Security": NaN,
        "Net Non Operating Interest Income Expense": NaN,
        "Interest Expense Non Operating": NaN,
        "Interest Income Non Operating": NaN,
        "Operating Income": NaN,
        "Operating Expense": NaN,
        "Selling General And Administration": NaN,
        "General And Administrative Expense": NaN,
        "Other Gand A": NaN,
        "Gross Profit": NaN,
        "Cost Of Revenue": NaN,
        "Total Revenue": NaN,
        "Operating Revenue": NaN
    },
    "2022-03-31": {
        "Diluted EPS": -1.05,
        "Total Revenue": 1,
        "Gross Profit": 1,
        "Operating Income": -78,
        "EBIT": -77,
        "Net Income": -89
    },
    "2021-12-31": {
        "Diluted EPS": -0.33,
        "Total Revenue": 56,
        "Gross Profit": 56,
        "Operating Income": -22,
        "EBIT": -21,
        "Net Income": -31
    },
    "2021-09-30": {
        "Diluted EPS": -0.95,
        "Total Revenue": 5,
        "Gross Profit": 5,
        "Operating Income": -69,
        "EBIT": -69,
        "Net Income": -76
    },
    "2021-06-30": {
        "Diluted EPS": -0.86,
        "Total Revenue": 3,
        "Gross Profit": 3,
        "Operating Income": -55,
        "EBIT": -54,
        "Net Income": -62
    },
    "2021-03-31": {
        "Diluted EPS": -0.66,
        "Total Revenue": 7,
        "Gross Profit": 7,
        "Operating Income": -41,
        "EBIT": -40,
        "Net Income": -47
    },
    "2020-12-31": {
        "Diluted EPS": -0.58,
        "Total Revenue": 7,
        "Gross Profit": 7,
        "Operating Income": -36,
        "EBIT": -36,
        "Net Income": -44
    },
    "2020-09-30": {
        "Diluted EPS": -0.05,
        "Total Revenue": 42,
        "Gross Profit": 42,
        "Operating Income": 5,
        "EBIT": 6,
        "Net Income": -3
    },
    "2020-06-30": {
        "Diluted EPS": -0.68,
        "Total Revenue": 4,
        "Gross Profit": 4,
        "Operating Income": -32,
        "EBIT": -32,
        "Net Income": -41
    },
    "2020-03-31": {
        "Diluted EPS": -0.66,
        "Total Revenue": 4,
        "Gross Profit": 4,
        "Operating Income": -30,
        "EBIT": -30,
        "Net Income": -39
    },
    "2019-12-31": {
        "Diluted EPS": -0.51,
        "Total Revenue": 5,
        "Gross Profit": 5,
        "Operating Income": -24,
        "EBIT": -23,
        "Net Income": -31
    },
    "2019-09-30": {
        "Diluted EPS": -0.5,
        "Total Revenue": 6,
        "Gross Profit": 6,
        "Operating Income": -24,
        "EBIT": -24,
        "Net Income": -30
    },
    "2019-06-30": {
        "Diluted EPS": -0.56,
        "Total Revenue": 7,
        "Gross Profit": 7,
        "Operating Income": -27,
        "EBIT": -26,
        "Net Income": -32
    },
    "2019-03-31": {
        "Diluted EPS": -0.54,
        "Total Revenue": 8,
        "Gross Profit": 8,
        "Operating Income": -25,
        "EBIT": -24,
        "Net Income": -29
    },
    "2018-12-31": {
        "Diluted EPS": -0.48,
        "Total Revenue": 9,
        "Gross Profit": 9,
        "Operating Income": -21,
        "EBIT": -22,
        "Net Income": -26
    },
    "2018-09-30": {
        "Diluted EPS": -0.4,
        "Total Revenue": 11,
        "Gross Profit": 11,
        "Operating Income": -18,
        "EBIT": -18,
        "Net Income": -22
    },
    "2018-06-30": {
        "Diluted EPS": -0.51,
        "Total Revenue": 6,
        "Gross Profit": 6,
        "Operating Income": -23,
        "EBIT": -23,
        "Net Income": -28
    },
    "2018-03-31": {
        "Diluted EPS": -0.56,
        "Total Revenue": 5,
        "Gross Profit": 5,
        "Operating Income": -26,
        "EBIT": -25,
        "Net Income": -30
    },
    "2017-12-31": {
        "Diluted EPS": -0.77,
        "Total Revenue": 0,
        "Gross Profit": 0,
        "Operating Income": -37,
        "EBIT": -36,
        "Net Income": -40
    },
    "2017-09-30": {
        "Diluted EPS": -0.6,
        "Total Revenue": 6,
        "Gross Profit": 6,
        "Operating Income": -28,
        "EBIT": -28,
        "Net Income": -32
    },
    "2017-06-30": {
        "Diluted EPS": -0.6,
        "Total Revenue": 3,
        "Gross Profit": 3,
        "Operating Income": -25,
        "EBIT": -25,
        "Net Income": -29
    },
    "2017-03-31": {
        "Diluted EPS": -0.62,
        "Total Revenue": 4,
        "Gross Profit": 4,
        "Operating Income": -23,
        "EBIT": -23,
        "Net Income": -26
    },
    "2016-12-31": {
        "Diluted EPS": 0.22,
        "Total Revenue": 33,
        "Gross Profit": 33,
        "Operating Income": 8,
        "EBIT": 8,
        "Net Income": 7
    },
    "2016-09-30": {
        "Diluted EPS": 0.77,
        "Total Revenue": 59,
        "Gross Profit": 59,
        "Operating Income": 34,
        "EBIT": 34,
        "Net Income": 33
    },
    "2016-06-30": {
        "Diluted EPS": -0.29,
        "Total Revenue": 6,
        "Gross Profit": 6,
        "Operating Income": -11,
        "EBIT": -11,
        "Net Income": -12
    },
    "2016-03-31": {
        "Diluted EPS": -0.31,
        "Total Revenue": 8,
        "Gross Profit": 8,
        "Operating Income": -12,
        "EBIT": -12,
        "Net Income": -12
    },
    "2015-12-31": {
        "Diluted EPS": -0.24,
        "Total Revenue": 10,
        "Gross Profit": 10,
        "Operating Income": -9,
        "EBIT": -9,
        "Net Income": -9
    },
    "2015-09-30": {
        "Diluted EPS": -0.23,
        "Total Revenue": 8,
        "Gross Profit": 8,
        "Operating Income": -9,
        "EBIT": -9,
        "Net Income": -9
    },
    "2015-06-30": {
        "Diluted EPS": -0.27,
        "Total Revenue": 7,
        "Gross Profit": 7,
        "Operating Income": -11,
        "EBIT": -10,
        "Net Income": -11
    },
    "2015-03-31": {
        "Diluted EPS": -0.23,
        "Total Revenue": 4,
        "Gross Profit": 4,
        "Operating Income": -9,
        "EBIT": -9,
        "Net Income": -9
    },
    "2014-12-31": {
        "Diluted EPS": 0.25,
        "Total Revenue": 22,
        "Gross Profit": 22,
        "Operating Income": 8,
        "EBIT": 9,
        "Net Income": 8
    },
    "2014-09-30": {
        "Diluted EPS": -0.16,
        "Total Revenue": 9,
        "Gross Profit": 9,
        "Operating Income": -6,
        "EBIT": -6,
        "Net Income": -6
    },
    "2014-06-30": {
        "Diluted EPS": -0.23,
        "Total Revenue": 8,
        "Gross Profit": 8,
        "Operating Income": -8,
        "EBIT": -8,
        "Net Income": -8
    },
    "2014-03-31": {
        "Diluted EPS": -0.27,
        "Total Revenue": 8,
        "Gross Profit": 8,
        "Operating Income": -9,
        "EBIT": -9,
        "Net Income": -9
    },
    "2013-12-31": {
        "Diluted EPS": 0.3,
        "Total Revenue": 24,
        "Gross Profit": 24,
        "Operating Income": 6,
        "EBIT": 7,
        "Net Income": 7
    },
    "2013-09-30": {
        "Diluted EPS": -0.43,
        "Total Revenue": 4,
        "Gross Profit": 4,
        "Operating Income": -13,
        "EBIT": -13,
        "Net Income": -13
    },
    "2013-06-30": {
        "Diluted EPS": -0.58,
        "Total Revenue": 1,
        "Gross Profit": 1,
        "Operating Income": -15,
        "EBIT": -15,
        "Net Income": -15
    },
    "2013-03-31": {
        "Diluted EPS": -0.53,
        "Total Revenue": 1,
        "Gross Profit": 1,
        "Operating Income": -13,
        "EBIT": -13,
        "Net Income": -13
    },
    "2012-12-31": {
        "Diluted EPS": -0.31,
        "Total Revenue": 2,
        "Gross Profit": 2,
        "Operating Income": -11,
        "EBIT": -11,
        "Net Income": -11
    },
    "2012-09-30": {
        "Diluted EPS": -0.45,
        "Total Revenue": 2,
        "Gross Profit": 2,
        "Operating Income": -10,
        "EBIT": -10,
        "Net Income": -10
    },
    "2012-06-30": {
        "Diluted EPS": -0.76,
        "Total Revenue": 2,
        "Gross Profit": 2,
        "Operating Income": -9,
        "EBIT": -9,
        "Net Income": -10
    },
    "2012-03-31": {
        "Diluted EPS": -0.78,
        "Total Revenue": 2,
        "Gross Profit": 2,
        "Operating Income": -10,
        "EBIT": -10,
        "Net Income": -10
    },
    "2011-12-31": {
        "Diluted EPS": -0.94,
        "Total Revenue": 1,
        "Gross Profit": 1,
        "Operating Income": -12,
        "EBIT": -12,
        "Net Income": -12
    },
    "2011-09-30": {
        "Diluted EPS": -0.9,
        "Total Revenue": 1,
        "Gross Profit": 1,
        "Operating Income": -11,
        "EBIT": -10,
        "Net Income": -11
    },
    "2011-06-30": {
        "Diluted EPS": -1.38,
        "Total Revenue": 1,
        "Gross Profit": 1,
        "Operating Income": -14,
        "EBIT": -13,
        "Net Income": -16
    },
    "2011-03-31": {
        "Diluted EPS": -1.08,
        "Total Revenue": 1,
        "Gross Profit": 1,
        "Operating Income": -12,
        "EBIT": -11,
        "Net Income": -12
    },
    "2010-12-31": {
        "Diluted EPS": -1.02,
        "Total Revenue": 1,
        "Gross Profit": 1,
        "Operating Income": -12,
        "EBIT": -11,
        "Net Income": -12
    },
    "2010-09-30": {
        "Diluted EPS": -1.14,
        "Total Revenue": 0,
        "Gross Profit": 0,
        "Operating Income": -13,
        "EBIT": -12,
        "Net Income": -12
    },
    "2010-06-30": {
        "Diluted EPS": -1.26,
        "Total Revenue": 0,
        "Gross Profit": 0,
        "Operating Income": -13,
        "EBIT": -13,
        "Net Income": -13
    },
    "2010-03-31": {
        "Diluted EPS": -1.2,
        "Total Revenue": 1,
        "Gross Profit": 1,
        "Operating Income": -12,
        "EBIT": -12,
        "Net Income": -12
    },
    "2009-12-31": {
        "Diluted EPS": -1.26,
        "Total Revenue": 1,
        "Gross Profit": 1,
        "Operating Income": -12,
        "EBIT": -12,
        "Net Income": -13
    },
    "2009-09-30": {
        "Diluted EPS": -0.84,
        "Total Revenue": 6,
        "Gross Profit": 6,
        "Operating Income": -8,
        "EBIT": -8,
        "Net Income": -8
    },
    "2009-06-30": {
        "Diluted EPS": 5.88,
        "Total Revenue": 72,
        "Gross Profit": 72,
        "Operating Income": 58,
        "EBIT": 58,
        "Net Income": 56
    },
    "2009-03-31": {
        "Diluted EPS": -1.26,
        "Total Revenue": 3,
        "Gross Profit": 3,
        "Operating Income": -11,
        "EBIT": -10,
        "Net Income": -11
    },
    "2023-09-30": {
        "Tax Effect Of Unusual Items": NaN,
        "Tax Rate For Calcs": NaN,
        "Normalized EBITDA": NaN,
        "Total Unusual Items": NaN,
        "Total Unusual Items Excluding Goodwill": NaN,
        "Net Income From Continuing Operation Net Minority Interest": NaN,
        "Reconciled Depreciation": NaN,
        "Reconciled Cost Of Revenue": NaN,
        "EBITDA": NaN,
        "EBIT": NaN,
        "Net Interest Income": NaN,
        "Interest Expense": NaN,
        "Interest Income": NaN,
        "Normalized Income": NaN,
        "Net Income From Continuing And Discontinued Operation": NaN,
        "Total Expenses": NaN,
        "Total Operating Income As Reported": NaN,
        "Diluted Average Shares": NaN,
        "Basic Average Shares": NaN,
        "Diluted EPS": NaN,
        "Basic EPS": NaN,
        "Diluted NI Availto Com Stockholders": NaN,
        "Net Income Common Stockholders": NaN,
        "Net Income": NaN,
        "Net Income Including Noncontrolling Interests": NaN,
        "Net Income Continuous Operations": NaN,
        "Pretax Income": NaN,
        "Other Income Expense": NaN,
        "Other Non Operating Income Expenses": NaN,
        "Special Income Charges": 0.0,
        "Gain On Sale Of Security": NaN,
        "Net Non Operating Interest Income Expense": NaN,
        "Interest Expense Non Operating": NaN,
        "Interest Income Non Operating": NaN,
        "Operating Income": NaN,
        "Operating Expense": NaN,
        "Selling General And Administration": NaN,
        "General And Administrative Expense": NaN,
        "Other Gand A": NaN,
        "Gross Profit": NaN,
        "Cost Of Revenue": NaN,
        "Total Revenue": NaN,
        "Operating Revenue": NaN
    },
    "2023-12-31": {
        "Tax Effect Of Unusual Items": NaN,
        "Tax Rate For Calcs": NaN,
        "Normalized EBITDA": NaN,
        "Total Unusual Items": 0.0,
        "Total Unusual Items Excluding Goodwill": 0.0,
        "Net Income From Continuing Operation Net Minority Interest": NaN,
        "Reconciled Depreciation": NaN,
        "Reconciled Cost Of Revenue": NaN,
        "EBITDA": NaN,
        "EBIT": NaN,
        "Net Interest Income": NaN,
        "Interest Expense": NaN,
        "Interest Income": NaN,
        "Normalized Income": NaN,
        "Net Income From Continuing And Discontinued Operation": NaN,
        "Total Expenses": NaN,
        "Total Operating Income As Reported": NaN,
        "Diluted Average Shares": NaN,
        "Basic Average Shares": NaN,
        "Diluted EPS": NaN,
        "Basic EPS": NaN,
        "Diluted NI Availto Com Stockholders": NaN,
        "Net Income Common Stockholders": NaN,
        "Net Income": NaN,
        "Net Income Including Noncontrolling Interests": NaN,
        "Net Income Continuous Operations": NaN,
        "Pretax Income": NaN,
        "Other Income Expense": NaN,
        "Other Non Operating Income Expenses": NaN,
        "Special Income Charges": 0.0,
        "Gain On Sale Of Security": NaN,
        "Net Non Operating Interest Income Expense": NaN,
        "Interest Expense Non Operating": NaN,
        "Interest Income Non Operating": NaN,
        "Operating Income": NaN,
        "Operating Expense": NaN,
        "Selling General And Administration": NaN,
        "General And Administrative Expense": NaN,
        "Other Gand A": NaN,
        "Gross Profit": NaN,
        "Cost Of Revenue": NaN,
        "Total Revenue": NaN,
        "Operating Revenue": NaN
    },
    "2024-03-31": {
        "Tax Effect Of Unusual Items": 0.0,
        "Tax Rate For Calcs": 0.0,
        "Normalized EBITDA": -115991000.0,
        "Total Unusual Items": NaN,
        "Total Unusual Items Excluding Goodwill": NaN,
        "Net Income From Continuing Operation Net Minority Interest": -135643000.0,
        "Reconciled Depreciation": 2331000.0,
        "Reconciled Cost Of Revenue": 81570000.0,
        "EBITDA": -115991000.0,
        "EBIT": -118322000.0,
        "Net Interest Income": -9408000.0,
        "Interest Expense": 17321000.0,
        "Interest Income": 7913000.0,
        "Normalized Income": -135643000.0,
        "Net Income From Continuing And Discontinued Operation": -135643000.0,
        "Total Expenses": 127070000.0,
        "Total Operating Income As Reported": -126235000.0,
        "Diluted Average Shares": 101924000.0,
        "Basic Average Shares": 101924000.0,
        "Diluted EPS": -1.33,
        "Basic EPS": -1.33,
        "Diluted NI Availto Com Stockholders": -135643000.0,
        "Net Income Common Stockholders": -135643000.0,
        "Net Income": -135643000.0,
        "Net Income Including Noncontrolling Interests": -135643000.0,
        "Net Income Continuous Operations": -135643000.0,
        "Pretax Income": -135643000.0,
        "Other Income Expense": NaN,
        "Other Non Operating Income Expenses": NaN,
        "Special Income Charges": NaN,
        "Gain On Sale Of Security": NaN,
        "Net Non Operating Interest Income Expense": -9408000.0,
        "Interest Expense Non Operating": 17321000.0,
        "Interest Income Non Operating": 7913000.0,
        "Operating Income": -126235000.0,
        "Operating Expense": 45500000.0,
        "Selling General And Administration": 45500000.0,
        "General And Administrative Expense": 45500000.0,
        "Other Gand A": 45500000.0,
        "Gross Profit": -80735000.0,
        "Cost Of Revenue": 81570000.0,
        "Total Revenue": 835000.0,
        "Operating Revenue": 835000.0
    },
    "2024-06-30": {
        "Tax Effect Of Unusual Items": 0.0,
        "Tax Rate For Calcs": 0.0,
        "Normalized EBITDA": -116013000.0,
        "Total Unusual Items": -600000.0,
        "Total Unusual Items Excluding Goodwill": -600000.0,
        "Net Income From Continuing Operation Net Minority Interest": -143318000.0,
        "Reconciled Depreciation": 2406000.0,
        "Reconciled Cost Of Revenue": 79597000.0,
        "EBITDA": -116613000.0,
        "EBIT": -119019000.0,
        "Net Interest Income": -12746000.0,
        "Interest Expense": 24299000.0,
        "Interest Income": 11553000.0,
        "Normalized Income": -142718000.0,
        "Net Income From Continuing And Discontinued Operation": -143318000.0,
        "Total Expenses": 130421000.0,
        "Total Operating Income As Reported": -130172000.0,
        "Diluted Average Shares": 109240000.0,
        "Basic Average Shares": 109240000.0,
        "Diluted EPS": -1.31,
        "Basic EPS": -1.31,
        "Diluted NI Availto Com Stockholders": -143318000.0,
        "Net Income Common Stockholders": -143318000.0,
        "Net Income": -143318000.0,
        "Net Income Including Noncontrolling Interests": -143318000.0,
        "Net Income Continuous Operations": -143318000.0,
        "Pretax Income": -143318000.0,
        "Other Income Expense": -400000.0,
        "Other Non Operating Income Expenses": 200000.0,
        "Special Income Charges": NaN,
        "Gain On Sale Of Security": -600000.0,
        "Net Non Operating Interest Income Expense": -12746000.0,
        "Interest Expense Non Operating": 24299000.0,
        "Interest Income Non Operating": 11553000.0,
        "Operating Income": -130172000.0,
        "Operating Expense": 50824000.0,
        "Selling General And Administration": 50824000.0,
        "General And Administrative Expense": 50824000.0,
        "Other Gand A": 50824000.0,
        "Gross Profit": -79348000.0,
        "Cost Of Revenue": 79597000.0,
        "Total Revenue": 249000.0,
        "Operating Revenue": 249000.0
    },
    "2024-09-30": {
        "Tax Effect Of Unusual Items": 0.0,
        "Tax Rate For Calcs": 0.0,
        "Normalized EBITDA": -136536000.0,
        "Total Unusual Items": 700000.0,
        "Total Unusual Items Excluding Goodwill": 700000.0,
        "Net Income From Continuing Operation Net Minority Interest": -160545000.0,
        "Reconciled Depreciation": 2411000.0,
        "Reconciled Cost Of Revenue": 84612000.0,
        "EBITDA": -135836000.0,
        "EBIT": -138247000.0,
        "Net Interest Income": -5244000.0,
        "Interest Expense": 22298000.0,
        "Interest Income": 17054000.0,
        "Normalized Income": -161245000.0,
        "Net Income From Continuing And Discontinued Operation": -160545000.0,
        "Total Expenses": 141264000.0,
        "Total Operating Income As Reported": -140801000.0,
        "Diluted Average Shares": 117685000.0,
        "Basic Average Shares": 117685000.0,
        "Diluted EPS": -1.36,
        "Basic EPS": -1.36,
        "Diluted NI Availto Com Stockholders": -160545000.0,
        "Net Income Common Stockholders": -160545000.0,
        "Net Income": -160545000.0,
        "Net Income Including Noncontrolling Interests": -160545000.0,
        "Net Income Continuous Operations": -160545000.0,
        "Pretax Income": -160545000.0,
        "Other Income Expense": -14500000.0,
        "Other Non Operating Income Expenses": -15200000.0,
        "Special Income Charges": NaN,
        "Gain On Sale Of Security": 700000.0,
        "Net Non Operating Interest Income Expense": -5244000.0,
        "Interest Expense Non Operating": 22298000.0,
        "Interest Income Non Operating": 17054000.0,
        "Operating Income": -140801000.0,
        "Operating Expense": 56652000.0,
        "Selling General And Administration": 56652000.0,
        "General And Administrative Expense": 56652000.0,
        "Other Gand A": 56652000.0,
        "Gross Profit": -84149000.0,
        "Cost Of Revenue": 84612000.0,
        "Total Revenue": 463000.0,
        "Operating Revenue": 463000.0
    },
    "2024-12-31": {
        "Tax Effect Of Unusual Items": 0.0,
        "Tax Rate For Calcs": 0.0,
        "Normalized EBITDA": -126243000.0,
        "Total Unusual Items": 1200000.0,
        "Total Unusual Items Excluding Goodwill": 1200000.0,
        "Net Income From Continuing Operation Net Minority Interest": -150020000.0,
        "Reconciled Depreciation": 2383000.0,
        "Reconciled Cost Of Revenue": 93629000.0,
        "EBITDA": -125043000.0,
        "EBIT": -127426000.0,
        "Net Interest Income": -7580000.0,
        "Interest Expense": 22594000.0,
        "Interest Income": 15014000.0,
        "Normalized Income": -151220000.0,
        "Net Income From Continuing And Discontinued Operation": -150020000.0,
        "Total Expenses": 155967000.0,
        "Total Operating Income As Reported": -139040000.0,
        "Diluted Average Shares": 118075000.0,
        "Basic Average Shares": 118075000.0,
        "Diluted EPS": -1.26,
        "Basic EPS": -1.26,
        "Diluted NI Availto Com Stockholders": -150020000.0,
        "Net Income Common Stockholders": -150020000.0,
        "Net Income": -150020000.0,
        "Net Income Including Noncontrolling Interests": -150020000.0,
        "Net Income Continuous Operations": -150020000.0,
        "Pretax Income": -150020000.0,
        "Other Income Expense": -3400000.0,
        "Other Non Operating Income Expenses": -4600000.0,
        "Special Income Charges": NaN,
        "Gain On Sale Of Security": 1200000.0,
        "Net Non Operating Interest Income Expense": -7580000.0,
        "Interest Expense Non Operating": 22594000.0,
        "Interest Income Non Operating": 15014000.0,
        "Operating Income": -139040000.0,
        "Operating Expense": 62338000.0,
        "Selling General And Administration": 62338000.0,
        "General And Administrative Expense": 62338000.0,
        "Other Gand A": 62338000.0,
        "Gross Profit": -76702000.0,
        "Cost Of Revenue": 93629000.0,
        "Total Revenue": 16927000.0,
        "Operating Revenue": 16927000.0
    },
    "2025-03-31": {
        "Tax Effect Of Unusual Items": 0.0,
        "Tax Rate For Calcs": 0.0,
        "Normalized EBITDA": -135730000.0,
        "Total Unusual Items": -400000.0,
        "Total Unusual Items Excluding Goodwill": -400000.0,
        "Net Income From Continuing Operation Net Minority Interest": -161376000.0,
        "Reconciled Depreciation": 2300000.0,
        "Reconciled Cost Of Revenue": 99841000.0,
        "EBITDA": -136130000.0,
        "EBIT": -138430000.0,
        "Net Interest Income": -9245000.0,
        "Interest Expense": 22946000.0,
        "Interest Income": 13701000.0,
        "Normalized Income": -160976000.0,
        "Net Income From Continuing And Discontinued Operation": -161376000.0,
        "Total Expenses": 157210000.0,
        "Total Operating Income As Reported": -155631000.0,
        "Diluted Average Shares": 118496000.0,
        "Basic Average Shares": 118496000.0,
        "Diluted EPS": -1.36,
        "Basic EPS": -1.36,
        "Diluted NI Availto Com Stockholders": -161376000.0,
        "Net Income Common Stockholders": -161376000.0,
        "Net Income": -161376000.0,
        "Net Income Including Noncontrolling Interests": -161376000.0,
        "Net Income Continuous Operations": -161376000.0,
        "Pretax Income": -161376000.0,
        "Other Income Expense": 3500000.0,
        "Other Non Operating Income Expenses": 3900000.0,
        "Special Income Charges": NaN,
        "Gain On Sale Of Security": -400000.0,
        "Net Non Operating Interest Income Expense": -9245000.0,
        "Interest Expense Non Operating": 22946000.0,
        "Interest Income Non Operating": 13701000.0,
        "Operating Income": -155631000.0,
        "Operating Expense": 57369000.0,
        "Selling General And Administration": 57369000.0,
        "General And Administrative Expense": 57369000.0,
        "Other Gand A": 57369000.0,
        "Gross Profit": -98262000.0,
        "Cost Of Revenue": 99841000.0,
        "Total Revenue": 1579000.0,
        "Operating Revenue": 1579000.0
    }
}